3966 6156
455 263 557 326 671

874 266 1255 325 HAYMONIS
1294 268 1784 330 HALBERSTAT.
1827 269 2051 330 EPISC.
2095 268 2253 326 OPP.
2294 265 2479 323 PARS
2520 266 2565 321 Ι.
2608 292 2675 307 --
2715 264 3086 323 COMMENT.
3134 267 3311 325 BIBL.

3608 258 3701 331 672

460 412 526 450 ac
546 394 805 450 noctibus
835 414 846 450 :
874 396 971 449 sed
988 396 1134 450 sicut
1153 396 1357 453 dicitur
1377 401 1528 454 mala
1549 370 1889 467 domus,non
1909 401 2058 473 quod
2073 400 2126 460 A
2140 397 2367 451 faceret.
2401 396 2558 450 Tunc
2587 394 2851 448 suaderet
2890 395 3193 465 Apostolus
3221 394 3334 451 Deo
3372 397 3577 468 aliquid
3594 400 3706 453 novi

463 486 613 539 mala
645 486 719 539 sit
745 502 845 557 per
875 486 1065 553 se,sed
1098 488 1243 558 quod
1263 489 1439 543 malos
1459 490 1667 545 habeat
1693 491 2057 554 habitatores,

465 574 548 629 ita
575 576 839 629 saculum
872 576 957 629 vel
988 582 1210 647 tempus
1258 577 1465 631 dicitur
1509 581 1721 634 malum
1776 598 1914 645 esse,
1948 597 2058 634 non

466 666 617 737 quod
646 665 856 719 malum
892 665 982 728 sit,
1013 666 1106 718 sed
1133 667 1279 735 quod
1310 668 1580 737 pessimos
1602 675 1659 721 et
1683 670 1860 723 malos
1886 670 2065 723 homi-

467 770 568 807 nes
588 754 643 807 in
666 770 725 807 se
738 753 956 807 habeat.
988 754 1055 807 Et
1079 754 1218 807 bene
1239 755 1455 810 addidit
1482 760 1784 811 secundum
1814 762 2064 811 volunta-

370 864 382 875 ι
472 848 576 896 tem
606 845 705 896 Dei
739 843 955 908 Patris,
990 844 1124 913 quia
1171 844 1426 899 voluntas
1476 846 1578 900 Dei
1608 847 1792 901 Patris
1834 847 1958 914 fuit,
2001 853 2065 902 ut

466 931 642 986 Filius
681 949 780 1002 per
808 932 1125 1003 passionem
1155 950 1315 987 suam
1352 952 1530 1003 genus
1559 936 1869 990 humanum
1899 954 2063 1008 repa-

467 1028 640 1075 raret.
664 1024 700 1076 Α
716 1037 856 1083 men,
885 1022 1069 1075 Amen
1101 1022 1397 1076 Hebraeum
1421 1028 1588 1089 est,et
1608 1030 1693 1079 est
1713 1027 2063 1080 conﬁrmatio

466 1113 747 1184 Epistolm.
784 1114 960 1168 Sonat
983 1130 1116 1183 ergo
1146 1116 1346 1180 Amen,
1375 1130 1522 1183 vere,
1565 1114 1678 1170 sive
1722 1116 1964 1172 ﬁdeliter
2010 1121 2067 1172 et

471 1202 591 1257 ﬁat.
2038 1205 2047 1211 '

538 1295 719 1347 Miror
744 1294 888 1361 quod
915 1296 993 1346 sic
1023 1298 1136 1346 tam
1165 1296 1270 1346 cito
1308 1295 1743 1361 trans/crimini.
1776 1295 1971 1349 Mirari
2008 1312 2067 1349 se

470 1381 608 1436 dicit
631 1382 935 1451 Apostolus
963 1397 1137 1450 quare
1160 1386 1277 1435 tam
1298 1382 1408 1436 cito
1434 1383 1722 1453 potuerint
1741 1384 1874 1438 solis
1885 1384 2064 1440 verbis

471 1486 506 1524 a
533 1469 769 1523 veritate
791 1469 1077 1539 Evangelii
1105 1471 1424 1536 seduci,eta
1447 1471 1707 1526 libertate
1733 1473 1791 1526 in
1822 1475 2064 1528 servitu-

468 1563 586 1613 tem
614 1557 811 1628 redigi,
849 1564 906 1612 et
932 1559 1081 1629 quod
1115 1558 1186 1611 ab
1232 1560 1530 1631 Evangelio
1570 1561 1777 1615 Christi
1808 1564 1955 1632 quod
1984 1563 2064 1617 eis

470 1646 723 1713 tradidit,
774 1653 1080 1717 potuerunt
1131 1649 1339 1702 mutari
1385 1654 1442 1702 et
1493 1651 1785 1704 transferri
1818 1651 1877 1704 in
1915 1652 2068 1706 aliud

2143 488 2346 553 facere,
2378 484 2425 539 si
2455 483 2933 538 circumcisionem
2964 482 3085 554 ipse
3141 486 3353 555 primus
3398 486 3707 548 destrueret.

2145 576 2255 630 Sed
2286 574 2417 645 quia
2448 574 2705 628 Christus
2728 573 2908 642 legem
2931 573 3212 643 implendo
3245 576 3527 629 evacuavit
3553 575 3706 644 illam,

2144 665 2271 718 ideo
2297 680 2407 717 non
2442 662 2717 717 suadebat
2739 662 3042 733 Apostolus
3058 663 3193 728 Deo,
3214 664 3312 717 sed
3343 681 3464 735 quae
3493 666 3712 720 ostendit

2144 754 2263 825 ipse
2295 752 2498 806 debere
2528 767 2769 817 servare,
2818 751 2916 804 illa
2973 750 3213 808 dicebat.
3252 754 3316 808 Si
3354 754 3534 813 adhuc
3559 756 3713 808 homi-

2146 844 2308 896 nibus
2339 844 2634 909 placerem,
2664 840 2718 893 id
2743 846 2829 893 est
2859 840 2905 893 si
2932 841 3210 911 placerem
3242 841 3447 896 Judaeis
3475 859 3509 895 a
3536 842 3714 913 quibus

2147 938 2304 985 ortus
2349 948 2471 983 sum
2502 930 2883 1001 permanendo
2912 930 2972 983 in
2993 930 3296 1000 judaismo,
3320 931 3407 984 vel
3425 931 3716 986 hominibus

2146 1020 2328 1086 malis,
2362 1025 2427 1074 ut
2468 1019 2764 1085 haereticis,
2801 1020 3010 1074 Christi
3053 1035 3239 1072 serrus
3266 1036 3378 1074 non
3409 1038 3587 1073 essem.
3618 1022 3717 1074 Hoc

2147 1110 2314 1163 debet
2342 1109 2731 1180 unusquisque
2766 1108 3095 1179 praedicator
3140 1108 3449 1172 attendere,
3481 1115 3543 1162 ut
3584 1110 3720 1163 Chri-

2150 1205 2300 1254 stum
2322 1202 2379 1253 et
2402 1198 2853 1269 praedicationem
2884 1197 3005 1267 ejus
3037 1202 3253 1267 quierat
3281 1196 3500 1267 placere
3529 1198 3721 1250 audito-

2150 1290 2304 1345 ribus
2333 1289 2469 1357 suis,
2506 1305 2619 1343 non
2653 1288 2922 1359 seipsum.
2957 1286 3012 1340 Si
3057 1303 3184 1340 vero
3216 1298 3519 1357 utrumque
3561 1293 3724 1358 potest

2148 1378 2291 1445 ﬁeri,
2328 1383 2394 1432 ut
2415 1384 2472 1432 et
2497 1376 2644 1432 Deus
2677 1376 2947 1447 diligatur
2971 1382 3029 1429 et
3063 1375 3182 1447 ipse
3212 1375 3421 1429 bonum
3451 1382 3551 1429 est.
3583 1376 3721 1440 Quod

2148 1467 2195 1523 si
2242 1466 2499 1522 Christus
2549 1483 2662 1520 non
2692 1467 2875 1537 placet
2904 1464 3005 1532 eis,
3039 1481 3145 1519 nec
3172 1465 3291 1535 ipse
3320 1463 3640 1536 placabilem
3673 1482 3723 1518 se

2146 1555 2395 1626 praebere
2425 1554 2592 1609 debet
2617 1554 2749 1607 illis.

2220 1646 2423 1700 Notum
2445 1646 2589 1698 robis
2605 1645 2768 1711 facio,
2792 1643 3387 1709 fratres,Erangclium
3420 1642 3561 1709 quod
3583 1658 3727 1696 evan-

472 1734 924 1803 Evangelium,id
946 1736 1103 1789 estin
1124 1736 1293 1790 aliam
1314 1737 1649 1791 doctrinam.
1685 1740 1838 1806 Quod.
1861 1756 1973 1793 non
1994 1745 2067 1794 est

2155 1735 2449 1799 gelisatum
2479 1736 2555 1785 est
2576 1747 2611 1783 a
2634 1747 2736 1795 me,
2767 1730 2824 1783 id
2855 1735 2939 1783 est
2960 1730 3323 1800 praedicatum
3349 1735 3409 1783 et
3430 1728 3721 1801 probatum,

470 1825 652 1888 aliud,
678 1823 917 1878 subaudi
934 1824 1319 1895 Evangelium,
1342 1832 1571 1897 propter
1588 1827 1729 1881 illud
1755 1829 1902 1898 quod
1932 1846 2069 1899 prae-

471 1912 1043 1984 dicavi.Evangelium
1068 1922 1257 1969 autem
1288 1916 1492 1969 dicitur
1508 1915 1652 1970 bona
1671 1918 2025 1971 annuntiatio
2049 1937 2062 1985 ;

469 2007 527 2056 et
555 2002 601 2055 si
630 2002 819 2072 aliqua
847 2003 1103 2057 doctrina
1128 2010 1213 2058 est
1237 2021 1404 2075 quam
1436 2023 1536 2076 per
1564 2022 1624 2060 se
1645 2006 1934 2073 Dominus,
1968 2012 2068 2062 aut

469 2107 571 2161 per
602 2091 847 2162 aliquem
870 2109 980 2147 non
1003 2094 1238 2159 dederit,
1267 2095 1385 2164 jam
1425 2111 1528 2149 nec
1556 2096 1918 2166 Evangelium
1955 2097 2064 2151 dici

472 2184 677 2251 potest,
706 2181 805 2235 sed
826 2197 1003 2235 error.
1045 2182 1490 2249 Transferimini,
1521 2183 1578 2236 id
1626 2189 1712 2238 est
1755 2186 2066 2240 transduci-

471 2269 610 2323 mini
639 2271 724 2323 vel
757 2271 1089 2325 seducimini
1119 2275 1189 2326 ab
1217 2290 1291 2334 eo,
1326 2272 1384 2326 id
1413 2277 1498 2326 est
1529 2289 1561 2326 a
1589 2274 1705 2328 Deo
1749 2275 1933 2340 Patre,
1967 2279 2066 2343 qui

469 2375 559 2413 vos
588 2364 797 2414 vocavit
826 2364 889 2415 in
927 2364 1193 2429 gratiam,
1217 2361 1273 2415 id
1301 2366 1387 2415 est
1415 2362 1474 2415 in
1518 2362 1907 2417 remissionom
1935 2379 2063 2434 pec-

473 2452 746 2515 catorum,
780 2466 949 2520 quam
981 2449 1142 2503 nobis
1170 2450 1319 2504 Deus
1346 2450 1516 2504 Pater
1543 2450 1721 2520 gratis
1745 2451 1918 2516 dedit,
1951 2451 2065 2505 sive

469 2553 572 2608 per
585 2538 902 2607 passionem
922 2537 1055 2592 Filii
1072 2539 1301 2607 sui,sive
1325 2555 1426 2610 per
1445 2538 1807 2610 baptismum,
1822 2542 1883 2594 in
1906 2541 2065 2594 aliud

469 2625 853 2695 Evangelium.

542 2717 716 2770 Aliud
746 2716 1095 2787 evangelium
1145 2733 1258 2771 non
1283 2720 1382 2783 ‘est,
1414 2718 1523 2772 nisi
1556 2718 1784 2774 Christi.
1816 2718 2067 2774 Traditio

473 2820 607 2874 ergo
635 2806 955 2860 Judzeorum
973 2811 1028 2860 et
1051 2806 1306 2861 doctrina
1326 2824 1436 2878 qua
1455 2808 1714 2862 dicebant
1741 2809 1943 2863 debere
1963 2810 2070 2863 cir-

470 2894 867 2949 cumcisionem
906 2912 1144 2961 servare,
1179 2902 1237 2950 et
1263 2902 1462 2951 caetera
1483 2914 1607 2967 quae
1629 2899 1716 2952 lex
1745 2899 2068 2970 praecipitia

472 2984 757 3053 mysteriis
805 3001 963 3038 error
1004 2991 1107 3051 est,
1139 2992 1438 3057 postquam
1469 2986 1724 3042 Christus
1754 2988 1919 3042 venit.
1946 2990 2072 3043 Nisi

2151 1824 2285 1889 quia
2317 1838 2427 1875 non
2455 1827 2529 1875 est
2561 1821 2864 1875 secundum
2897 1820 3195 1881 hominem,
3228 1819 3285 1872 id
3328 1825 3417 1872 est
3440 1820 3721 1873 secundum

2149 1909 2513 1963 traditionem
2563 1908 2875 1962 scribarum
2927 1914 2983 1961 et
3033 1906 3462 1985 pharisaeorum.
3510 1909 3727 1978 Evange-

2148 1998 2283 2052 lium
2312 1999 2461 2069 quod
2490 1998 2798 2051 secundum
2829 1996 3110 2050 hominem
3133 1995 3341 2049 dicitur
3360 2013 3487 2050 esse
3519 2013 3623 2050 non
3650 2001 3722 2050 est

2147 2085 2535 2157 Evangelium.
2570 2086 2766 2141 Omnis
2797 2085 2944 2139 enim
2989 2085 3156 2138 homo
3202 2086 3466 2151 mendax,
3493 2091 3550 2139 et
3579 2085 3720 2156 quid-

2149 2176 2281 2247 quid
2309 2177 2591 2230 invenitur
2628 2176 2685 2229 in
2723 2175 2950 2229 homine
2986 2173 3242 2229 veritatis
3285 2191 3402 2229 non
3431 2179 3516 2229 est
3553 2173 3617 2227 ab
3642 2174 3724 2229 ho-

2146 2266 2317 2332 mine,
2345 2266 2443 2319 sed
2475 2282 2509 2319 a
2545 2266 2660 2319 Deo
2689 2281 2789 2336 per
2817 2263 3121 2318 hominem.

2218 2356 2398 2423 Neque
2418 2358 2565 2408 enim
2587 2371 2677 2422 ego
2697 2356 2766 2407 ab
2784 2355 3002 2407 homine
3022 2356 3204 2420 accepi
3221 2353 3450 2419 illud,id
3468 2357 3551 2407 est
3566 2352 3722 2407 abali-

2149 2460 2258 2514 quo
2284 2443 2665 2514 apostolorum
2690 2461 2703 2511 ;
2732 2447 2788 2496 et
2807 2442 2855 2496 si
2885 2441 3072 2511 accepi
3093 2458 3127 2495 a
3157 2441 3395 2496 Domino
3416 2443 3551 2497 Jesu
3579 2441 3721 2497 Chri-

2148 2539 2234 2588 sto
2263 2533 2332 2587 de
2362 2533 2521 2599 coelo,
2543 2534 2661 2603 jam
2691 2531 3029 2585 immortalis
3058 2536 3201 2584 erat.
3230 2532 3385 2586 Inter
3419 2532 3661 2602 accipere
3675 2535 3721 2584 et

2151 2623 2367 2676 discere
2397 2621 2779 2692 Evangelium,
2829 2621 2934 2674 hoc
2978 2620 3217 2674 interest
3278 2640 3289 2675 :
3342 2621 3497 2692 quod
3535 2620 3726 2691 accepit

2151 2711 2517 2783 Evangelium
2549 2712 2638 2765 cui
2680 2710 2924 2782 primum
2963 2709 3303 2775 insinuatur,
3338 2716 3396 2763 et
3430 2710 3596 2764 ﬁdem
3622 2711 3725 2779 ejus

2152 2801 2351 2873 accipit
2381 2820 2391 2854 :
2428 2801 2595 2855 discit
2621 2816 2767 2862 vero,
2796 2799 2891 2870 qui
2914 2816 2981 2851 ea
3005 2815 3129 2867 quae
3158 2799 3218 2852 in
3238 2814 3303 2851 eo
3324 2815 3428 2869 per
3455 2799 3728 2869 aenigmata

2153 2894 2210 2943 et
2239 2887 2533 2959 parabolas
2565 2904 2599 2940 a
2640 2886 2879 2941 Domino
2912 2886 3130 2956 prolata
3159 2891 3309 2950 sunt,
3343 2884 3471 2940 Deo
3501 2886 3728 2941 revelan-

2152 2980 2228 3043 te,
2256 2977 2342 3031 vel
2366 2976 2594 3030 homine
2625 2975 2857 3052 docente
2881 2978 3174 3043 penetrare
3188 2973 3349 3039 valet,
3373 2977 3470 3028 sed
3487 2991 3584 3044 per
3602 2990 3729 3028 reue-

473 3037 626 3138 su‘nt,
654 3070 709 3123 id
738 3076 824 3125 est
851 3073 949 3126 sed
978 3037 1110 3127 sun;
1139 3037 1333 3141 latim}
1363 3079 1460 3143 qui
1500 3092 1589 3129 υοε
1630 3079 1982 3143 conturbant,
2014 3037 2133 3132 idC
2158 3070 2420 3120 lationem
2449 3069 2577 3120 Jesu
2607 3046 2850 3130 Christi,
2876 3064 2933 3117 id
2976 3068 3063 3116 est
3110 3063 3565 3119 manifestatione
3586 3063 3730 3117 didici

474 3163 561 3213 est
582 3166 933 3215 commovent
950 3177 984 3214 a
1011 3163 1348 3216 rectitudine
1369 3164 1518 3227 ﬁdei,
1551 3170 1599 3218 et
1629 3168 1820 3218 volunt
1849 3182 2072 3220 conver-

480 3250 608 3311 tere,
641 3246 835 3301 volunt
865 3248 1092 3318 quidem
1141 3254 1361 3303 mutare
1399 3252 1763 3318 Evangelium
1795 3254 2004 3307 Christi
2041 3271 2074 3308 a

474 3333 822 3405 spiritalibus
843 3336 913 3389 ad
944 3335 1210 3403 carnalia,
1235 3338 1333 3391 sed
1350 3354 1461 3391 non
1482 3340 1684 3404 valent,
1702 3340 1835 3411 quia
1864 3342 2073 3396 ﬁrmis-

474 3422 682 3477 simum
714 3430 771 3478 et
795 3441 988 3480 verum
1008 3433 1112 3482 est.
1145 3425 1516 3497 Evangelium
1539 3429 1686 3482 enim
1715 3429 1763 3482 si
1792 3435 2074 3484 mutatum

473 3512 664 3580 fuerit,
698 3530 812 3569 non
858 3514 966 3570 erit
1006 3517 1125 3587 jam
1178 3515 1563 3586 Evangelium.
1613 3517 1683 3571 Et
1717 3517 1850 3571 licet
1899 3517 2073 3588 aliqui

476 3603 693 3674 possint
742 3605 953 3659 mutari
1008 3622 1043 3659 a
1095 3605 1433 3660 rectitudine
1482 3605 1788 3677 Evangelii,
1851 3622 2074 3678 semper

477 3692 844 3764 Evangelium
867 3695 1221 3751 immutabile
1250 3701 1461 3750 manet.

545 3782 650 3838 Sed
680 3786 800 3837 licet
831 3801 948 3851 nos,
988 3784 1046 3839 id
1084 3791 1169 3839 est
1201 3802 1304 3853 ego
1355 3790 1412 3839 et
1441 3785 1678 3857 apostoli
1703 3786 1929 3853 Christi,
1963 3787 2070 3842 Pe-

475 3874 599 3926 trus
629 3877 686 3926 et
729 3873 843 3940 alii,
877 3880 977 3928 aut
1006 3878 1236 3943 angelus
1266 3877 1329 3929 de
1357 3878 1501 3940 calo,
1533 3874 1787 3942 Michael,
1821 3888 1919 3931 aut
1964 3877 2071 3931 Ga-

478 3958 640 4027 briel,
673 3967 1003 4031 evangelizet
1031 3965 1176 4019 vobis
1214 3971 1607 4033 praeterquam,
1655 3964 1712 4018 id
1757 3972 1842 4019 est
1869 3971 2073 4037 praeter

479 4050 586 4104 hoc
615 4050 1007 4123 Evangelium,
1029 4056 1331 4108 anathema
1342 4055 1758 4109 sit.Anathema
1778 4056 1959 4109 varias
1970 4057 2072 4110 ha-

479 4138 575 4195 bet
613 4142 1393 4213 signiﬁcationes.Aliquando
1413 4144 1643 4214 ponitur
1655 4160 1756 4213 pro
1777 4145 2069 4210 occisione,

472 4233 538 4283 ut
563 4229 1027 4301 idemApostolus
1052 4230 1187 4284 alibi
1216 4231 1355 4286 dicit
1385 4245 1395 4278 ί
1432 4233 1696 4300 Optabam
1727 4250 1830 4302 ego
1850 4235 2075 4288 anathe-

2154 3154 2538 3226 Evangelium.
2595 3155 2675 3209 De
2733 3169 2845 3225 qua
2893 3152 3231 3206 revelatione
3282 3152 3469 3206 dicit?
3506 3154 3731 3207 Tradunt

2154 3243 2411 3297 doctores
2441 3243 2850 3314 plenitudinem
2891 3240 3221 3311 evangelicae
3252 3241 3525 3297 doctrina:
3565 3260 3657 3314 per
3680 3241 3731 3294 i1-

2155 3333 2252 3387 lud
2317 3334 2589 3400 triduum,
2667 3332 2880 3404 Spiritu
2927 3334 3120 3385 sancto
3166 3331 3477 3399 revelante,
3520 3331 3731 3386 Paulum

2155 3420 2435 3488 didicisse,
2470 3422 2693 3493 quando
2716 3421 2928 3475 mansit
2950 3420 3007 3474 in
3047 3421 3320 3474 Damasco
3350 3421 3534 3476 tribus
3553 3420 3729 3476 diebus

2154 3527 2269 3564 non
2298 3511 2681 3566 videnslucem
2700 3512 2832 3566 solis
2853 3527 3037 3580 neque
3058 3508 3295 3575 diei,sed
3317 3526 3506 3581 neque
3525 3509 3732 3565 mandu-

2155 3616 2289 3655 cans
2320 3617 2502 3671 neque
2525 3600 2736 3655 bibens.
2767 3601 2871 3654 Vel
2906 3600 3077 3653 etiam
3103 3605 3237 3653 tunc
3266 3600 3502 3670 accepit,
3532 3598 3732 3671 quando

2151 3689 2320 3759 (sicut
2346 3690 2466 3761 ipse
2497 3690 2657 3759 dicit)
2688 3690 2931 3761 quadam
2975 3688 3066 3742 die
3099 3704 3226 3742 cum
3255 3694 3401 3743 esset
3428 3689 3493 3744 in
3520 3688 3726 3759 templo,

2150 3779 2210 3834 in
2231 3780 2437 3834 exstasi
2465 3779 2680 3849 positus
2709 3784 2818 3837 est.

2222 3869 2471 3925 Audistis
2515 3872 2667 3922 enim
2722 3870 3185 3922 conversationem
3234 3884 3434 3934 meam,
3468 3864 3727 3939 quomodo

2154 3957 2405 4012 vivebam
2450 3957 2571 4012 sine
2613 3957 2843 4028 querela
2890 3959 2949 4010 in
3004 3957 3151 4028 lege,
3180 3962 3244 4011 ut
3271 3957 3409 4011 mihi
3445 3955 3731 4017 videbatur,

2156 4048 2380 4118 quando
2400 4046 2752 4101 adlizerebam
2764 4046 2874 4116 legi
2898 4052 2954 4099 et
2971 4046 3451 4101 circumcisionem
3465 4043 3733 4100 servabam

2156 4142 2212 4190 et
2239 4136 2556 4201 sabbatum,
2593 4143 2649 4190 et
2677 4141 2876 4190 caetera
2907 4152 3029 4206 quae
3076 4137 3158 4189 lex
3202 4135 3474 4207 praecipit,
3524 4138 3735 4205 propter

2158 4226 2306 4296 quod
2337 4227 2620 4280 Christum
2648 4242 2760 4279 non
2802 4224 3206 4295 cognoscebam
3242 4242 3255 4280 :
3287 4227 3555 4293 quoniam
3583 4235 3735 4289 supra

476 4337 570 4374 ma
600 4321 723 4374 fieri
746 4336 847 4389 pro
872 4322 1150 4388 fratribus
1170 4323 1305 4373 meis
1337 4322 1506 4383 (Rom.
1537 4324 1633 4389 ιχ),
1658 4320 1717 4374 id
1748 4327 1828 4375 est
1855 4340 1865 4375 :
1891 4317 2403 4413 cupie-Dmodum,
2437 4315 2495 4368 id
2514 4322 2598 4369 est
2617 4315 2743 4387 plus
2756 4314 3017 4368 omnibus
3037 4314 3263 4413 Judaii‘s.
3274 4315 3635 4412 persequebar
3650 4311 3735 4365 Ec-

476 4409 609 4463 bam
631 4408 806 4462 occidi
835 4408 1199 4480 corporaliter
1225 4424 1325 4478 pro
1357 4408 1469 4473 eis;
1502 4408 1804 4478 aliquando
1830 4427 1932 4481 pro
1962 4402 2142 4464 ina-ﬂ
2159 4406 2380 4457 cie-fiam
2403 4406 2519 4471 Dei,
2541 4404 2598 4458 id
2629 4410 2715 4458 est
2752 4404 3045 4457 credentes
3073 4402 3129 4456 in
3163 4403 3471 4465 Christum.
3498 4407 3545 4456 εί
3583 4416 3736 4469 εέιῬυ-

472 4496 793 4557 ledictione.
826 4501 890 4551 ut
936 4497 997 4550 in
1029 4494 1336 4549 canonibus
1365 4494 1606 4549 habetur
1654 4514 1665 4549 :
1716 4496 1774 4550 Si
1820 4497 1944 4568 quis
1973 4500 2077 4554 hoc

475 4586 561 4639 vel
585 4585 727 4640 illud
756 4585 950 4641 fecerit
995 4585 1314 4651 anathema,
1348 4584 1405 4638 id
1449 4592 1535 4639 est
1584 4584 1917 4641 maledictus
1963 4588 2070 4655 sit;

471 4676 583 4732 alio
608 4676 729 4731 loco
758 4693 860 4747 pro
884 4674 1256 4747 separatione,
1292 4679 1354 4729 ut
1383 4674 1492 4727 hic.

542 4767 700 4823 Sicut
732 4763 1267 4835 pradiri,subaudis
1287 4764 1641 4835 praesens,ita
1664 4766 1829 4820 modo
1849 4766 2070 4835 absens,

2156 4495 2397 4561 gnabam
2426 4496 2608 4559 illam,
2636 4493 2693 4546 id
2724 4498 2806 4546 est
2834 4493 2993 4546 valde
3014 4490 3334 4563 pugnabam
3361 4497 3554 4546 contra
3575 4490 3734 4551 illam,

2158 4588 2207 4637 et
2242 4584 2595 4652 proﬁciebam
2644 4586 2707 4636 in
2742 4584 3030 4651 judaismo
3059 4597 3234 4649 supra
3263 4583 3464 4635 multos
3483 4586 3738 4635 coetaneos

2158 4688 2321 4738 meos,
2359 4672 2417 4726 id
2446 4677 2530 4726 est
2559 4687 2732 4742 super
2748 4686 3185 4735 omnescoaevos,
3211 4676 3269 4724 et
3289 4669 3385 4739 qui
3412 4685 3550 4723 mea;
3572 4665 3740 4722 aetatis

2159 4759 2723 4817 erant.Proﬁciebam
2755 4775 2857 4829 ego
2898 4759 2957 4813 in
2995 4758 3251 4813 doctrina
3280 4758 3421 4829 legis
3445 4756 3764 4813 secundum-

476 4856 563 4909 vel
583 4856 750 4910 sicuti
778 4854 1009 4927 praedixi
1040 4854 1207 4926 paulo
1229 4854 1488 4925 superius
1508 4854 1568 4908 in
1596 4855 1928 4926 praecedenti
1957 4874 2077 4913 ver-
2157 4849 2515 4906 traditionem
2548 4848 2980 4913 Pharisaeorum,
2998 4848 3068 4903 de
3097 4862 3340 4919 quorum
3366 4863 3573 4918 genere
3594 4849 3738 4899 ortus

476 4941 672 5010 siculo,
704 4947 785 4997 ita
814 4960 966 4998 nunc
1004 4946 1211 4998 iterum
1240 4943 1381 5010 (lico,
1406 4948 1609 5011 prater
1633 4944 1777 5012 quod
1797 4948 2075 5013 accepistis
2158 4957 2336 5007 eram,
2367 4945 2424 4994 et
2452 4940 2640 4994 nullus
2669 4944 2892 5010 poterat
2920 4937 3197 5009 cozequari
3211 4938 3353 4992 mihi
3383 4937 3440 4991 in
3467 4935 3648 4991 studio
3672 4933 3740 4987 le-

472 5031 740 5085 subaudis
768 5048 803 5085 a
831 5048 938 5085 me.
2156 5029 2358 5085 ctionis
2388 5033 2559 5101 atque
2591 5028 2982 5099 quaestionum,
3018 5027 3117 5081 sed
3169 5043 3353 5099 neque
3400 5026 3460 5081 in
3491 5038 3739 5097 persecu-

545 5120 699 5174 Modo
714 5123 863 5174 enim
882 5122 1197 5176 hominibus
1213 5124 1415 5177 suadeo
1447 5139 1523 5177 an
1537 5124 1639 5177 Deo
1659 5128 1683 5176 ?
1703 5123 1913 5177 Sensus
1941 5124 2072 5178 talis
2153 5120 2307 5174 tione
2337 5117 2809 5185 Christianorum,
2844 5116 2925 5171 ita
2944 5120 3169 5187 poterat
3196 5131 3443 5170 crescere
3474 5130 3570 5186 pro
3598 5116 3740 5167 statu

475 5214 562 5264 est
596 5228 609 5261 :
644 5209 882 5275 Suadeo,
913 5210 969 5263 id
993 5215 1080 5263 est
1119 5212 1314 5264 hortor
1361 5212 1526 5266 modo
1564 5212 1821 5267 homines
1845 5213 2073 5268 credere
2155 5210 2484 5281 Synagogae.
2510 5209 2577 5262 In
2605 5222 2799 5274 genere
2828 5222 2963 5270 meo,
2998 5205 3055 5258 id
3100 5209 3187 5259 est
3218 5220 3427 5275 genere
3452 5201 3740 5258 Pharisaeo-

472 5299 534 5354 in
564 5297 871 5363 Christum,
905 5303 961 5353 et
989 5314 1348 5370 perseverare
1367 5300 1425 5354 in
1454 5301 1563 5356 fide
1594 5304 1734 5372 ejus,
1770 5319 1841 5356 an
1862 5303 2070 5358 suadeo
2154 5315 2303 5361 rum,
2335 5296 2740 5360 abundantius,
2759 5294 2816 5348 id
2846 5299 2933 5349 est
2953 5293 3217 5365 amplius,
3244 5296 3552 5358 annulator,
3582 5289 3637 5345 id
3662 5292 3741 5341 est

376 5394 379 5401 ’
473 5388 591 5443 Deo
621 5386 834 5458 aliquid
853 5388 982 5442 novi
1002 5387 1205 5451 facere,
1236 5389 1327 5443 cui
1355 5391 1545 5446 omnia
1578 5398 1773 5462 patent
1794 5392 2077 5463 praeterita
2157 5388 2411 5442 imitator
2435 5392 2493 5441 et
2521 5384 3077 5450 studiosus,ea;istens
3105 5383 3177 5437 ad
3198 5382 3553 5437 statuendam
3568 5380 3739 5450 Syna-

478 5482 648 5549 atque
677 5475 911 5531 futura?
935 5476 1270 5534 Hominibus
1287 5479 1560 5536 suadebat
1577 5480 1636 5535 in
1656 5480 1944 5536 Christum
1960 5497 2075 5537 cre-
2154 5494 2378 5549 gogam,
2404 5482 2777 5546 paternarum
2826 5489 3080 5530 mearum
3123 5474 3510 5537 traditionum,
3559 5467 3612 5524 id
3660 5469 3739 5520 est

477 5566 611 5622 dere
632 5606 647 5635 ,
708 5565 824 5623 Deo
880 5582 1009 5622 vero
1065 5583 1180 5623 non
1232 5566 1504 5625 suadebat
1567 5573 1633 5627 ut
1686 5569 1902 5641 aliquid
1946 5569 2074 5626 novi
2156 5566 2594 5626 Pharisaeorum.
