3966 6156
246 238 342 295 673
654 246 685 257 ’⁵

824 244 1209 305 EXPOSITIO
1249 246 1327 302 IN
1367 242 1521 301 EPP.
1564 242 1621 298 S.
1665 239 1901 298 PAULI.
1941 270 2013 284 -
2050 242 2128 298 IN
2167 242 2390 300 EPIST.
2433 242 2529 298 AD
2570 241 2825 299 GALAT.

3405 246 3512 301 674

310 364 445 419 Cum
473 370 659 421 autem
678 369 894 436 placuit
920 375 971 425 ei
992 376 1209 442 quime,
1240 372 1299 428 id
1325 376 1411 428 est
1431 370 1527 442 qui
1554 386 1645 425 me
1673 367 1825 433 fecit,
1842 366 2029 439 Aipse
2055 368 2357 440 Apostolus
2382 345 2628 425 ostendit
2664 367 2817 432 alibi,
2849 366 2948 423 ubi
2976 367 3232 441 loquitur
3260 369 3329 424 de
3356 372 3510 442 Agar

242 452 386 508 nasci
417 472 483 509 ex
514 462 675 511 utero
696 464 970 524 materno,
992 463 1078 517 vel
1096 463 1190 534 qui
1212 480 1301 517 me
1320 462 1378 516 in
1407 460 1706 534 praesentia
1726 475 1830 513 sua

238 549 554 609 segregavit,
574 550 630 598 et
649 549 930 617 separavit
949 567 1013 603 ea:
1034 557 1186 604 utero
1204 553 1403 604 matris
1424 532 1568 607 13m.
1594 548 1662 602 ad
1686 565 1831 618 prae-

238 630 576 685 dicationem
608 633 891 704 Evangelii
914 638 1021 700 sui,
1045 639 1128 693 vel
1147 656 1211 692 ex
1237 644 1398 693 utero
1421 637 1636 699 matris,
1663 635 1718 689 id
1746 639 1831 688 est

238 736 299 772 ex
323 721 606 775 consortio
638 722 946 795 Synagogze
976 742 1065 779 me
1094 726 1384 791 abstraxit,
1416 732 1463 779 et
1501 727 1708 779 rocavit
1728 740 1830 793 per

236 811 477 875 gratiam
504 827 685 871 suam,
730 812 787 865 id
818 819 921 878 est,
964 832 1062 885 per
1098 815 1538 870 misericordiam
1569 830 1726 867 suam
1756 813 1828 866 ad

237 898 596 968 Evangelium
624 917 787 955 suum
807 903 1243 973 praedicandum,
1264 911 1319 957 ut
1338 907 1601 958 rerelarct
1622 905 1826 956 Filium

234 1003 393 1040 suum
416 990 483 1041 in
514 1004 615 1055 me,
643 990 701 1044 id
722 997 809 1044 est
837 1008 936 1061 per
956 1010 1043 1046 me
1066 994 1344 1063 gentibus.
1385 996 1443 1047 Ut
1483 995 1827 1059 evangelica-

235 1090 345 1129 rem
374 1078 550 1131 illum
572 1082 631 1132 in
658 1082 909 1145 gentibus
930 1085 1212 1148 continuo,
1238 1082 1294 1136 id
1322 1087 1407 1136 est
1435 1098 1561 1135 eum
1594 1081 1830 1150 placuis-

234 1169 314 1219 set
332 1165 453 1219 Deo
481 1167 636 1222 Patri
656 1173 721 1222 ut
756 1170 1031 1225 revelaret
1070 1172 1273 1225 Filium
1320 1188 1484 1225 suum
1524 1188 1625 1242 per
1652 1187 1741 1225 me
1770 1171 1829 1225 in

230 1253 515 1324 gentibus,
542 1272 652 1310 non
676 1262 925 1327 acquievi
942 1264 1106 1313 carni
1129 1266 1177 1314 et
1207 1263 1498 1328 sanguini,
1529 1260 1587 1314 id
1618 1264 1704 1313 est
1716 1276 1830 1314 non

234 1345 495 1398 consensi
517 1345 573 1399 in
579 1346 862 1415 judaismo
880 1365 1107 1403 manere
1127 1366 1137 1401 :
1163 1351 1250 1403 vel
1275 1366 1386 1403 non
1406 1349 1657 1420 acquievi
1677 1349 1832 1403 carni

234 1438 287 1486 et
323 1434 616 1504 sanguini,
648 1436 705 1489 id
736 1442 822 1490 est
860 1437 1068 1492 Scribis
1110 1442 1167 1492 et
1199 1439 1495 1493 Pharisaeis
1524 1439 1595 1493 de
1630 1437 1833 1510 quibus

233 1528 384 1577 ortus
415 1524 921 1597 sum,licetaliquis
943 1529 1225 1598 apostolos
1249 1528 1385 1583 velit
1410 1528 1666 1598 intelligi,
1683 1529 1832 1599 quod

1912 462 1969 511 et
1999 458 2136 512 Sara
2173 459 2312 519 (Gal.
2346 462 2415 526 Iv)
2455 478 2465 513 :
2497 461 2617 514 Ilrec
2648 461 2817 522 enim,
2849 457 3052 530 inquit,
3084 464 3215 513 sunt
3241 461 3350 514 duo
3386 462 3507 515 Tes-

1913 552 2175 609 tamenta,
2232 553 2290 601 et
2332 549 2474 603 Sina
2515 565 2672 601 mons
2719 553 2794 601 est
2836 552 2896 601 in
2941 550 3169 603 Arabia.
3203 547 3511 606 Damascus

1909 652 2062 705 vero,
2093 654 2215 707 qua:
2242 637 2648 708 interpretatur
2672 641 3003 704 sanguinem
3033 640 3215 692 bibens
3232 640 3318 693 vel
3338 642 3512 706 e/fun-

1910 726 2063 793 dens,
2095 727 2227 795 quia
2252 725 2329 779 ibi
2359 726 2683 780 interfectus
2714 732 2799 779 est
2825 726 2969 780 Abel
2991 744 3021 780 a
3046 727 3204 787 Cain.
3228 727 3325 781 ubi
3355 733 3512 799 post-

1910 830 1977 867 ea
2029 814 2319 869 aediﬁcavit
2365 832 2555 871 servus
2583 815 2821 886 Abrahae
2870 816 3026 869 illam
3066 816 3373 886 civitatem,
3412 833 3510 873 vo-

1910 918 2042 955 cans
2074 920 2198 956 eam
2230 904 2299 956 de.
2330 904 2558 957 nomine
2590 884 2689 958 sdo
2720 905 3370 974 Damascum,signiﬁcat
3392 908 3508 961 No-

1908 1007 2038 1044 vum
2069 992 2493 1045 Testamentum
2541 991 2635 1045 ubi
2682 993 3002 1047 continetur
3049 993 3231 1063 passio
3272 994 3504 1050 Christi.
3604 1048 3611 1056 ,

1907 1078 2062 1132 Abiit
2116 1096 2248 1149 ergo
2297 1081 2597 1151 Apostolus
2640 1080 2700 1134 in
2745 1079 3031 1147 Arabiam,
3064 1082 3197 1152 quia
3225 1088 3513 1139 scrutatus

1909 1168 2091 1237 legem
2131 1173 2187 1222 et
2213 1169 2535 1240 prophetas,
2586 1168 2663 1224 ibi
2706 1168 2922 1224 invenit
2951 1171 3236 1226 Christum
3264 1173 3509 1244 promis-

1912 1274 2056 1323 sum,
2091 1274 2203 1312 non
2230 1263 2421 1312 tamen
2453 1259 2669 1313 datum.
2717 1260 2993 1314 Reversus
3032 1267 3118 1315 est
3145 1261 3503 1329 Damascum,

1914 1347 2047 1417 quia
2075 1347 2302 1401 transiit
2321 1348 2392 1402 ad
2421 1347 2804 1418 Evangelium,
2822 1348 2921 1402 ubi
2943 1349 3231 1404 Christum
3247 1352 3367 1420 jam
3384 1368 3510 1423 pas-

1913 1453 2038 1490 sum
2069 1436 2301 1503 invenit,
2336 1443 2393 1491 et
2422 1437 2662 1492 credidit
2689 1437 2748 1491 in
2779 1454 2928 1495 eum.

1984 1526 2182 1579 Diebus
2211 1528 2547 1593 quindecim.
2583 1526 2999 1589 Quindenarius
3028 1544 3302 1584 numerus
3331 1530 3510 1602 perti-

231 1612 432 1667 falsum
467 1614 790 1669 est.Beatus
813 1615 1186 1688 Hieronymus
1216 1618 1296 1671 ita
1327 1618 1474 1672 hunc
1494 1617 1829 1671 versiculum
1850 1685 1881 1689 _
1912 1618 2010 1667 net
2034 1614 2106 1667 ad
2128 1614 2301 1668 Vetus
2330 1613 2754 1669 Testamentum
2784 1620 2841 1669 et
2868 1616 3104 1683 Novum,
3152 1624 3383 1689 propter
3420 1635 3512 1675 se-

230 1701 426 1756 dividit
438 1704 751 1757 secundum
770 1704 942 1758 istum
972 1722 1217 1759 sensum.
1239 1706 1439 1759 Petrus
1461 1706 1671 1775 aliique
1700 1722 1829 1776 apo-
1844 1685 1892 1744 Β
1914 1703 2229 1772 ptenarium
2259 1720 2557 1759 numerum
2575 1710 2631 1759 et
2655 1705 3003 1759 octonarium
3028 1726 3040 1772 ;
3071 1709 3423 1778 septenarius
3437 1708 3511 1763 ad

231 1791 373 1857 stoli,
405 1797 715 1862 postquam
754 1792 932 1847 vocati
960 1800 1093 1848 sunt
1120 1811 1153 1848 a
1178 1795 1438 1860 Domino,
1486 1812 1599 1849 non
1635 1795 1829 1850 statim

229 1880 468 1951 profecti
496 1888 630 1935 sunt
658 1882 978 1952 praedicare,
1013 1884 1110 1938 sed
1146 1901 1329 1956 neque
1357 1890 1485 1956 post
1516 1901 1826 1940 ressurrec-

228 1969 433 2023 tionem
451 1970 597 2040 ejus,
611 1987 901 2043 usquequo
913 1973 1183 2044 Spiritum
1197 1980 1451 2028 sanctum
1467 1980 1823 2046 acceperunt,

225 2059 465 2130 ideoque
490 2060 651 2131 quasi
674 2062 909 2116 multam
933 2079 1144 2117 moram
1167 2064 1653 2119 fecerunt.Paulus
1674 2080 1824 2130 vero,

227 2148 411 2203 statim
445 2153 520 2203 ut
543 2148 853 2221 baptizatus
875 2157 978 2217 est,
997 2152 1118 2206 sine
1138 2153 1329 2223 aliqua
1360 2170 1517 2207 mora
1539 2154 1827 2224 ingressus

225 2237 589 2309 Synagogam
634 2240 974 2306 Judaeorum,
1022 2241 1190 2312 coepit
1237 2241 1454 2312 publice
1502 2243 1821 2313 praedicare.

223 2327 412 2381 Potest
442 2333 643 2382 tamen
672 2335 729 2383 et
748 2330 818 2383 ad
851 2331 1145 2400 sequentia
1164 2331 1347 2400 jungi,
1375 2332 1521 2402 quod
1547 2332 1683 2385 dicit
1702 2348 1827 2386 con-

1910 1792 2085 1846 Vetus
2114 1793 2538 1851 Testamentum
2567 1794 2810 1849 refertur
2831 1802 3061 1866 propter
3089 1796 3403 1864 sabbatum,
3420 1815 3510 1853 oc-

1909 1883 2161 1936 tonarius
2191 1883 2262 1937 ad
2300 1884 2538 1949 Novum,
2593 1889 2825 1956 propter
2856 1885 3206 1939 Dominicam
3251 1903 3509 1943 resurre-

1909 1970 2171 2033 ctionem,
2206 1987 2329 2041 quae
2359 1977 2555 2027 octava
2582 1972 2673 2026 die
2694 1972 3026 2028 celebratur.
3062 1975 3131 2028 Et
3159 1974 3290 2045 quia
3326 1976 3509 2047 Apos-

1907 2059 2057 2114 tolus
2085 2059 2340 2114 doctrina
2370 2061 2589 2115 Veteris
2618 2066 2675 2115 et
2706 2063 2846 2116 Novi
2883 2063 3229 2117 Testamenti
3258 2065 3508 2135 repletus

1910 2148 2191 2212 erat,ideo
2218 2166 2331 2203 non
2359 2149 2605 2220 indiguit
2631 2150 2875 2222 amplius
2905 2167 3134 2205 manere
3162 2168 3290 2206 cum
3312 2153 3502 2221 Petro,

1907 2236 2017 2290 nisi
2048 2238 2365 2308 quindecim
2396 2239 2611 2293 diebus.

1979 2327 2046 2379 Et
2084 2330 2290 2381 iterum
2324 2344 2570 2382 reversus
2595 2346 2720 2383 sum
2747 2331 3101 2394 Damascum,
3145 2336 3276 2399 etc.,
3328 2348 3509 2404 usque

222 2415 409 2482 tinuo;
467 2417 571 2471 sed
619 2418 817 2473 melius
857 2426 943 2473 est
970 2420 1049 2473 ita
1077 2426 1142 2473 ut
1169 2420 1430 2483 diximus,
1463 2427 1527 2474 ut,
1556 2422 1828 2475 revelaret
1909 2419 2097 2469 mansi
2138 2418 2288 2483 apud
2319 2433 2445 2471 eum
2483 2420 2671 2471 diebus
2710 2421 3050 2486 quindecim:
3094 2422 3243 2475 Abiit
3272 2424 3337 2475 in
3362 2425 3508 2476 Ara-

220 2505 420 2560 Filium
457 2508 701 2561 suumin
734 2525 841 2570 me,
864 2508 921 2562 id
953 2514 1040 2562 est
1068 2526 1168 2579 per
1196 2526 1304 2563 me.
1334 2509 1510 2563 Aliter
1545 2509 1825 2565 :Verbum
1910 2505 2093 2566 ὒιάιηὶ
2116 2505 2185 2559 de
2205 2504 2414 2559 Arabia
2438 2523 2696 2561 reversus
2728 2512 2814 2560 est
2841 2508 3198 2571 Damascum.
3224 2511 3511 2580 etexpleto

220 2594 318 2649 Dei
347 2596 567 2663 Patris,
599 2596 655 2650 id
685 2602 770 2650 est
796 2597 990 2664 Filius,
1032 2614 1157 2652 cum
1188 2598 1302 2653 Deo
1328 2599 1496 2653 Patre
1525 2605 1583 2653 et
1614 2600 1826 2670 Spiritu
1907 2593 2151 2647 triennio
2172 2594 2231 2647 in
2262 2594 2471 2649 Arabia
2486 2601 2543 2649 et
2564 2596 2855 2662 Damasco,
2884 2597 3036 2651 venit
3059 2598 3509 2669 Hierosolymam

220 2690 413 2739 sancto
444 2686 656 2739 cmlum
686 2691 744 2740 et
770 2691 980 2740 terram
1010 2688 1279 2754 continet,
1303 2692 1360 2741 et
1393 2688 1582 2742 omnia
1607 2689 1821 2759 implet.
1874 2683 2087 2737 ~altera
2114 2682 2228 2737 Vice
2260 2683 2446 2737 Videre
2474 2685 2727 2749 Petrum.
2759 2701 2876 2739 ηοῐι
2913 2702 3083 2740 causa
3108 2687 3378 2753 discendi,
3408 2688 3509 2743 Sed

220 2772 341 2827 Non
373 2780 467 2827 est
499 2774 650 2828 enim
681 2774 834 2828 locus
863 2791 1032 2844 quem
1055 2792 1168 2829 non
1193 2776 1426 2846 impleat
1462 2794 1561 2847 per
1588 2778 1825 2848 plenitu-
1906 2788 2075 2826 causa
2116 2774 2572 2828 commendandae
2624 2774 2936 2840 charitatis,
2978 2779 3036 2829 et
3080 2780 3144 2830 ut
3169 2776 3510 2832 humilitatis

220 2861 416 2919 dinem,
435 2863 711 2934 potentia:
740 2881 873 2932 sum,
891 2882 954 2919 ac
974 2882 1073 2936 per
1091 2866 1196 2919 hoc
1216 2866 1366 2937 quod
1394 2865 1601 2937 ubique
1623 2873 1707 2922 est
1724 2886 1825 2940 per
1905 2861 2143 2916 formam
2182 2862 2456 2933 praeberet
2495 2863 2620 2916 aliis
2660 2862 2792 2916 dum
2841 2860 3111 2917 honorem
3154 2865 3514 2935 praestitisset

219 2952 538 3021 potentiam
586 2952 904 3007 Divinitatis
951 2961 1008 3007 et
1052 2953 1239 3007 omnia
1277 2954 1397 3008 loca
1422 2954 1674 3026 impleat,
1703 2962 1826 3011 erat
1850 2950 2079 3026 “priori
2103 2952 2375 3022 apostolo.
2408 2952 2486 3005 Ex
2515 2951 2619 3006 hoc
2648 2956 2883 3023 apparet
2912 2969 3040 3006 eum
3066 2969 3178 3007 non
3207 2970 3381 3009 causa
3414 2954 3506 3009 di-

220 3040 386 3095 etiam
417 3042 481 3095 in
518 3041 694 3095 Paulo
724 3041 855 3095 licet
879 3058 913 3095 a
940 3040 1116 3096 Paulo
1148 3058 1260 3096 non
1291 3042 1548 3097 sciretur.
1591 3045 1825 3109 Quando
1849 3040 2097 3095 uscendi
2125 3042 2360 3108 venisse,
2396 3042 2529 3113 quia
2574 3041 2634 3095 in
2670 3047 2788 3096 tam
2818 3042 3012 3113 paucis
3041 3042 3237 3098 diebus
3266 3061 3379 3099 non
3410 3062 3506 3117 po-

221 3146 349 3200 ergo
377 3130 519 3184 Filii
548 3130 637 3183 sui
674 3130 843 3184 ﬁdem
892 3130 1047 3185 dedit
1085 3131 1157 3197 ei,
1207 3137 1343 3186 tunc
1388 3131 1584 3204 utique
1623 3134 1825 3189 Filium
1908 3133 2057 3184 terat
2084 3130 2291 3197 doceri,
2340 3135 2396 3185 et
2434 3130 2565 3201 quia
2592 3136 2815 3201 poterat
2844 3132 3047 3202 aliquis
3077 3132 3245 3187 etiam
3275 3134 3461 3190 dicere
3493 3153 3505 3190 :

219 3234 379 3273 suum
408 3219 794 3273 manifestavit
820 3220 964 3285 ei,et
982 3220 1100 3291 ipse
1130 3222 1304 3275 Filius
1325 3220 1403 3274 ibi
1431 3227 1571 3291 erat,
1590 3222 1686 3277 ubi
1708 3224 1827 3295 ipse
1910 3219 2120 3289 Ecquid
2156 3220 2202 3273 si
2233 3236 2346 3274 non
2379 3220 2577 3274 didicit
2604 3221 2843 3285 aPetro,
2876 3221 3073 3276 didicit
3086 3221 3157 3276 ab
3179 3222 3305 3278 aliis
3327 3223 3511 3280 'lHuic

220 3310 517 3365 revelavit.
553 3309 724 3377 Sicut,
761 3308 911 3363 verbi
936 3310 1141 3379 gratia,
1168 3311 1227 3365 in
1249 3317 1413 3367 utero
1454 3312 1682 3383 virginis
1714 3314 1829 3368 Ma-
1910 3307 2210 3378 Objectioni
2246 3310 2552 3380 Apostolus
2578 3309 2863 3380 subjunxit
2893 3327 2904 3360 :

220 3399 314 3455 riae
338 3399 440 3455 ubi
476 3404 623 3463 erat,
656 3397 733 3452 ibi
764 3415 990 3453 carnem
1022 3401 1344 3471 assumpsit.
1980 3400 2172 3452 Alium
2197 3404 2380 3453 autem
2412 3403 2785 3467 apostolorum
2816 3401 2933 3454 vidi
2960 3404 3258 3469 neminem,
3285 3405 3401 3458 nisi
3420 3406 3515 3459 Ja-

284 3491 478 3557 Neque
523 3490 653 3541 veni
688 3489 1146 3557 Hierosolymam.
1196 3490 1439 3553 Quaestio
1483 3494 1570 3545 est
1609 3508 1621 3544 :
1655 3507 1827 3562 quare
1910 3487 2102 3541 cobum
2130 3489 2369 3554 fratrem
2408 3490 2651 3555 Domini,
2683 3488 2860 3542 ﬁlium
2890 3489 3104 3544 scilicet
3133 3490 3328 3546 Maria:
3353 3492 3512 3549 Cleo-

223 3579 373 3634 dicat
400 3596 467 3634 se
499 3594 618 3632 non
652 3576 871 3632 venisse
909 3577 1378 3650 Hierosolymam,
1408 3581 1517 3635 nisi
1562 3587 1688 3652 post
1715 3587 1831 3637 tres
1911 3577 2056 3647 plne,
2091 3582 2407 3631 matertera:
2437 3577 2678 3643 Domini,
2714 3594 2837 3648 quae
2865 3579 3063 3647 genuit
3088 3580 3157 3633 de
3184 3580 3433 3651 Alpheo.

218 3685 416 3730 annos,
463 3684 597 3723 cum
641 3666 700 3721 in
738 3666 968 3721 Actibus
998 3668 1378 3739 apostolorum
1414 3670 1637 3740 legatur
1675 3671 1825 3741 quia,
1983 3667 2110 3719 Ecce
2142 3681 2328 3720 coram
2366 3667 2491 3730 Deo,
2522 3670 2656 3733 quia
2685 3682 2797 3719 non
2830 3670 3090 3736 mentior,
3129 3667 3187 3721 id
3219 3674 3306 3723 est
3341 3670 3511 3741 digna

216 3764 528 3829 postquam
545 3755 861 3827 baptizatus
880 3757 1481 3829 est,cmpitpr:edicare
1497 3759 1554 3812 in
1583 3760 1831 3830 Synago-
1912 3759 2045 3809 sunt
2068 3754 2389 3825 conspectui
2415 3752 2540 3820 Dei,
2570 3753 2699 3825 quia
2722 3772 2851 3809 vera
2881 3761 3032 3810 sunt.

215 3847 298 3917 gis
317 3846 684 3912 Judaeorum,
716 3844 1142 3900 insurrexerunt
1159 3850 1355 3901 contra
1383 3863 1512 3901 eum
1535 3847 1733 3913 Juduzi,
1758 3848 1827 3901 ob
1980 3846 2182 3898 Deinde
2210 3846 2335 3897 veni
2361 3846 2421 3896 in
2435 3848 2619 3911 partes
2647 3844 2826 3911 Syria:
2854 3845 3169 3915 provinciae,
3200 3852 3251 3902 et
3275 3850 3500 3917 Cilicia,

223 3952 470 4008 quorum
498 3933 950 4007 persecutionem
980 3934 1131 3988 venit
1159 3935 1649 4007 Hierosolymam?
1693 3937 1826 4000 Quae
1910 3932 2176 3988 subaudis
2206 3932 2421 4003 patriae,
2453 3931 2549 3986 ubi
2594 3937 2680 3986 est
2719 3938 2775 3986 et
2815 3934 3039 3999 Tarsus,
3088 3936 3282 3991 civitas
3321 3939 3507 3994 Pauli.

220 4027 461 4099 quaestio
494 4026 581 4079 ita
604 4024 869 4078 solvenda
895 4028 981 4077 est
1001 4024 1153 4079 :Non
1175 4025 1321 4094 veni,
1342 4024 1543 4095 inquit,
1568 4023 1830 4079 IIieroso-
1912 4022 2081 4076 Venit
2105 4021 2406 4092 Apostolus
2443 4022 2502 4075 in
2544 4021 2765 4093 Syriam
2803 4039 2925 4093 quae
2962 4023 3368 4096 interpretatur
3396 4028 3507 4082 ele-

217 4117 431 4189 lymam
456 4114 535 4169 ad
558 4113 839 4184 apostolos
857 4113 1043 4183 gratia
1061 4113 1323 4168 visitandi
1340 4129 1642 4184 eos,neque
1662 4129 1833 4168 causa
1912 4116 2060 4177 vata,
2094 4116 2159 4165 ut
2182 4110 2508 4165 humiliaret
2535 4111 2686 4165 illam
2716 4111 2788 4165 ad
2811 4112 3126 4181 Christum;
3150 4116 3302 4169 venit
3332 4115 3404 4171 ad
3423 4116 3514 4171 Ci-

220 4205 504 4269 discendi,
541 4202 689 4256 sicut
717 4217 822 4256 nec
845 4202 936 4256 hic
963 4202 1221 4269 habetur,
1254 4203 1351 4257 sed
1381 4219 1550 4257 causa
1575 4219 1832 4273 persecu-
1913 4201 2103 4254 licium
2134 4216 2259 4271 quae
2289 4199 3018 4272 interpretaturassumptio
3039 4202 3431 4270 lamentabilis,
3448 4209 3515 4260 ut

218 4295 390 4349 tionis
409 4291 549 4347 veni
576 4289 1044 4362 Hierosolymam,
1075 4291 1221 4346 sicut
1248 4291 1319 4345 ad
1335 4291 1502 4346 aliam
1528 4291 1834 4363 quamlibet
1915 4290 2069 4344 illam
2099 4294 2412 4344 assumeret
2440 4289 2512 4343 ad
2540 4290 2708 4344 ﬁdem
2751 4290 2979 4358 Christi,
3027 4296 3085 4347 et
3121 4308 3246 4349 eam
3288 4292 3517 4350 doceret

216 4385 519 4440 civitatem
567 4380 729 4446 irem,
773 4380 819 4433 si
846 4380 904 4434 in
940 4397 1064 4435 meo
1094 4381 1297 4435 itinere
1326 4387 1491 4446 esset,
1522 4381 1675 4436 verbi
1703 4369 2170 4452 gra-Dhabitum
2202 4378 2540 4450 paenitentia:
2571 4384 2627 4434 et
2652 4381 2905 4434 lamenti.

217 4473 315 4539 tia,
347 4480 421 4527 ut
450 4472 517 4525 in
548 4470 865 4525 Samariam
906 4475 1006 4523 aut
1041 4470 1099 4523 in
1130 4471 1436 4529 Bethleem.
1469 4471 1549 4525 De
1580 4489 1690 4541 qua
1716 4472 1833 4526 vice

219 4563 359 4617 dicit
377 4563 578 4618 Lucas
608 4560 668 4614 in
692 4558 923 4614 Actibus
951 4560 1355 4630 apostolorum,
1375 4562 1452 4615 ad
1476 4565 1831 4614 antecessores

222 4668 363 4708 meos
396 4655 696 4722 apostolos,
719 4651 863 4715 veni,
887 4650 1155 4706 subaudis
1170 4669 1351 4723 neque
1371 4669 1540 4707 causa
1558 4653 1827 4719 discendi,

217 4757 405 4815 neque
430 4740 703 4797 visitandi
724 4756 819 4794 eos
841 4740 947 4793 ista
960 4741 1077 4794 vice
1098 4760 1110 4809 ;
1135 4742 1225 4794 sed
1244 4744 1361 4795 abii
1378 4745 1438 4796 in
1459 4744 1497 4796 A
1510 4744 1745 4805 rabiam,
1763 4742 1831 4796 de

226 4832 598 4887 Hierusalem
613 4829 882 4884 subaudis
908 4829 1147 4899 fugerat.
1164 4830 1306 4885 Dicit
1333 4830 1531 4885 beatus
1559 4830 1832 4903 Hierony-

217 4936 344 4976 mus
366 4941 379 4976 :
405 4920 564 4985 Quid
586 4919 725 4973 mihi
752 4919 979 4991 prodest
1009 4919 1055 4973 si
1088 4920 1255 4973 audio
1277 4920 1515 4974 Paulum
1544 4919 1745 4974 abiisse
1773 4920 1833 4974 in

223 5010 537 5076 Arabiam,
565 5013 623 5063 et
651 5025 936 5062 reversum
976 5009 1104 5062 inde
1146 5010 1503 5075 Damascum,
1546 5009 1594 5063 si
1646 5009 1832 5064 nescio

221 5099 357 5170 quid
400 5098 485 5151 ibi
543 5097 777 5151 fecerit?
813 5098 1069 5152 Forsitan
1102 5098 1413 5168 prohibitus
1446 5102 1530 5153 est
1554 5115 1587 5152 a
1620 5098 1833 5169 Spiritu

221 5195 423 5242 sancto
449 5186 536 5240 ibi
556 5185 783 5240 verbum
805 5187 976 5257 loqui,
1001 5187 1146 5241 sicut
1172 5187 1231 5241 in
1256 5188 1391 5242 Asia
1417 5206 1427 5241 :
1454 5188 1692 5259 ideoque
1720 5204 1834 5242 non

220 5276 367 5331 dixit
388 5274 693 5345 Scriptura
715 5275 849 5345 quid
872 5275 946 5329 ibi
975 5275 1198 5343 fecerit;
1229 5276 1328 5330 sed
1355 5276 1402 5329 si
1433 5277 1833 5347 perpendimus

213 5364 764 5437 interpretationem
789 5364 1079 5419 nominum
1109 5366 1220 5420 itus
1237 5371 1295 5419 et
1313 5365 1527 5419 reditus
1546 5365 1717 5429 illius,
1738 5366 1788 5418 al
1798 5366 1837 5419 i-

215 5455 579 5530 quantulum
606 5452 865 5509 utilitatis
894 5454 1142 5509 invenire
1170 5455 1497 5528 poterimus.
1532 5454 1693 5517 Quod
1731 5470 1834 5508 au-

212 5552 334 5608 tem
364 5563 480 5633 per
506 5543 773 5607 Arabiam
802 5544 1184 5627 intelligamus
1194 5545 1371 5604 Vetus
1384 5544 1827 5623 Testamentum,

1987 4471 2160 4523 Eram
2208 4475 2393 4524 autem
2427 4472 2643 4536 ignotus
2672 4472 2813 4537 facie
2841 4470 3102 4526 Ecclesiis
3141 4472 3364 4540 Judava’,
3403 4480 3512 4533 etc.

1916 4560 2149 4629 Ignotus
2178 4559 2401 4630 quidem
2429 4565 2551 4613 erat
2577 4559 2737 4625 facie,
2771 4560 2868 4613 sed
2890 4561 3114 4615 nomine
3140 4568 3197 4615 et
3220 4563 3370 4617 fama
3391 4570 3513 4619 erat

1914 4652 2100 4701 notus.
2136 4647 2260 4700 Jam
2291 4646 2440 4700 enim
2470 4663 2571 4717 per
2600 4647 3021 4717 quatuordecim
3051 4664 3228 4701 annos
3260 4648 3513 4719 Evange-

1914 4736 2048 4791 lium
2076 4735 2432 4807 praedicabat.
2464 4736 2589 4789 Non
2609 4736 2734 4789 ideo
2759 4735 2895 4788 dicit
2922 4736 3214 4806 pluraliter
3237 4738 3507 4807 ecclesiis,

1914 4826 2062 4896 quod
2091 4825 2269 4879 Judaei
2315 4829 2371 4878 et
2410 4829 2605 4895 gentes
2634 4824 2788 4877 misti
2818 4830 3024 4889 essent,
3059 4826 3157 4879 sed
3184 4829 3345 4880 tanta
3389 4832 3514 4883 erat

1916 4914 2219 4967 multitudo
2252 4913 2576 4967 Judaoorum
2620 4912 2991 4979 credentium,
3024 4919 3088 4968 ut
3115 4915 3303 4985 plures
3334 4918 3513 4973 eccle-

1916 5003 2027 5057 sias
2055 5003 2327 5069 facerent,
2358 5005 2624 5070 quoniam
2648 5004 2748 5070 qui
2764 5005 3191 5070 persequebatur
3206 5022 3322 5073 nos,
3352 5006 3409 5061 id
3428 5012 3515 5063 est

1916 5094 2206 5148 credentes
2227 5092 2285 5146 in
2307 5093 2615 5155 Christum,
2638 5092 2960 5158 aliquando,
2994 5090 3261 5147 subaudis
3290 5095 3515 5164 quando

1917 5189 2038 5238 erat
2068 5183 2124 5237 in
2147 5181 2428 5253 judaismo
2459 5197 2609 5235 nunc
2637 5183 2975 5248 erangelizat
3005 5184 3165 5250 ﬁdem
3204 5199 3376 5252 quam
3402 5187 3514 5239 ali-

1915 5274 2137 5342 quando
2153 5271 2517 5340 ea‘pugnabal.
2541 5270 2597 5324 id
2617 5275 2703 5324 est
2722 5276 2917 5325 contra
2935 5287 3103 5341 quam
3125 5272 3284 5327 valde
3303 5287 3516 5344 pugna-

1918 5361 2030 5416 bat.
2060 5362 2123 5415 Et
2154 5363 2217 5413 in
2248 5377 2331 5413 me
2370 5361 2751 5425 clari/icabant
2804 5362 2994 5428 Deum,
3036 5362 3199 5431 juxta
3225 5361 3364 5416 illud
3399 5378 3411 5414 :
3447 5361 3513 5417 Ut

1916 5453 2135 5506 videant
2157 5466 2320 5520 Opera
2351 5456 2529 5504 vestra
2552 5451 2691 5504 bona
2708 5451 2927 5522 (Matth.
2958 5457 3037 5522 v),
3065 5456 3123 5507 et
3159 5450 3256 5523 qui
3283 5450 3352 5505 de
3378 5464 3510 5525 per-

1914 5545 2171 5614 secutore
2194 5540 2404 5609 fecerat
2427 5540 2857 5623 praedicatorem
2888 5540 2935 5619 (1
2963 5540 3105 5601 Tim.
3141 5543 3206 5619 ι).
