3852 6154
466 275 570 333 675

1060 422 1065 425 -
1098 393 1332 450 CAPUT
1364 391 1435 447 Il.

544 562 745 618 Deinde
771 564 888 629 post
915 573 1092 611 annos
1119 554 1536 624 quatuordecim
1575 551 1797 605 escendi
1822 549 2069 603 Hieroso-

476 652 688 718 lymam
712 648 938 699 iterum.
959 640 1147 696 Iuncti
1176 644 1293 693 tres
1318 638 1450 692 anni
1480 636 1799 708 superiores
1823 650 1950 688 cum
1979 632 2067 686 his

474 732 899 808 quatuordecim
925 732 1069 784 ﬁunt
1095 726 1512 800 septemdecim.
1546 727 1622 780 Ex
1649 741 1759 796 quo
1787 721 2069 792 colligitur

474 824 737 897 quoniam
755 820 1005 875 decimus
1020 818 1293 890 septimus
1315 833 1497 871 annus
1507 812 1918 887 praedicationis
1929 828 2064 875 suae,

473 913 698 987 quando
741 910 910 965 tertia
959 909 1074 963 vice
1117 906 1269 961 venit
1296 904 1770 976 Hierosolymam.
1803 900 1911 956 Sed
1945 916 2067 971 qua:

474 1018 643 1058 causa
662 999 876 1055 exstitit
909 998 1070 1052 illum
1101 996 1290 1057 venire
1320 994 1768 1065 Hierosolymam
1793 991 1818 1043 'l
1856 987 2068 1044 Seditio

474 1098 599 1147 erat
623 1092 772 1146 inter
796 1088 1026 1144 Iudaeos
1053 1086 1343 1141 credentes
1382 1090 1440 1138 et
1483 1083 1760 1154 gentiles;
1809 1077 2071 1134 dicebant

474 1182 626 1237 enim
673 1178 853 1236 Iudaei
895 1192 908 1227 :
951 1175 1097 1231 Estis
1136 1174 1424 1245 baptizati,
1456 1179 1513 1227 et
1541 1170 1767 1227 creditis
1795 1169 1853 1223 in
1887 1165 2073 1222 Chris-

474 1278 618 1337 tum,
642 1286 756 1325 non
784 1267 1018 1340 potestis
1041 1264 1245 1319 salvari
1262 1264 1444 1327 aliter,
1462 1262 1567 1316 nisi
1597 1254 2076 1315 circumcidamini

475 1367 533 1416 et
560 1362 739 1431 legem
770 1355 1094 1411 observetis.
1126 1355 1257 1409 Ideo
1298 1358 1360 1407 ut
1385 1353 1530 1406 hanc
1571 1348 1906 1404 seditionem
1931 1361 2078 1400 com-

478 1453 750 1522 pesceret,
785 1446 1069 1499 revelante
1097 1442 1202 1497 sibi
1232 1441 1446 1512 Spiritu
1468 1445 1680 1502 sancto,
1712 1437 1866 1492 venit
1885 1435 2078 1489 Hiero-

478 1539 775 1611 solymam,
809 1551 936 1589 cum
970 1533 1246 1587 Barnaba.
1292 1528 1576 1585 Barnabas
1608 1532 1731 1582 erat
1768 1525 1994 1581 Iudaeus
2021 1528 2079 1577 et

480 1624 1024 1689 circumcisus,Titus
1039 1621 1264 1692 gentilis
1284 1626 1338 1674 et
1352 1613 1934 1673 incircumcisusldeo
1945 1628 2078 1683 ergo

478 1733 607 1772 cum
638 1715 760 1770 istis
779 1712 998 1768 duobus
1026 1710 1297 1774 ascendit,
1329 1713 1395 1763 ut
1420 1708 1468 1762 si
1493 1705 1732 1778 apostoli
1753 1704 1960 1774 aliique
1979 1701 2136 1799 Iu—B

478 1806 585 1861 daei
608 1805 861 1861 dicerent
891 1802 1048 1855 illum
1079 1815 1192 1853 non
1218 1802 1367 1853 recte
1393 1796 1695 1868 praedicare
1715 1794 1771 1847 in
1784 1790 2072 1863 gentibus,

478 1895 718 1949 istorum
749 1888 1073 1945 testimonio
1088 1886 1502 1953 tueretur,dum
1523 1884 1775 1938 dicerent
1791 1881 1872 1935 illi
1897 1898 1909 1933 :
1933 1880 2076 1933 Vere

480 1983 627 2039 sicut
652 1998 749 2035 vos
790 1978 1124 2051 praedicatis,
1158 1976 1238 2030 ita
1265 1982 1321 2030 et
1350 1974 1625 2045 magister
1660 1977 1853 2026 noster
1877 1987 1888 2022 :
1914 1975 1973 2024 et
1998 1967 2078 2023 sic

480 2070 654 2127 sentit
692 2070 751 2124 in
780 2068 932 2124 omni
964 2067 1072 2121 ﬁde
1104 2066 1249 2121 sicut
1274 2071 1331 2120 et
1358 2080 1471 2118 vos.
1506 2062 1641 2117 Ideo
1665 2061 1836 2116 dicit:
1872 2064 1919 2113 et
1958 2074 2081 2113 con-

483 2162 590 2214 tuli
616 2175 741 2213 cum
771 2160 884 2211 illis
915 2157 1295 2222 Evangelium.
1321 2170 1391 2207 ne
1423 2152 1708 2205 videretur
1737 2149 1807 2203 ab
1828 2148 1953 2202 aliis
1982 2147 2083 2201 ali-

484 2248 617 2320 quid
639 2247 937 2319 accepisse.
972 2244 1118 2298 Nam
1148 2244 1297 2296 inter
1324 2259 1384 2296 se
1410 2241 1685 2303 conferre,
1709 2242 1767 2293 et
1787 2238 2080 2302 docere,ac

483 2337 699 2392 discere
722 2335 829 2389 hoc
859 2333 1115 2396 interest,
1145 2331 1278 2402 quia
1305 2329 1599 2383 conferunt
1624 2326 1952 2397 coaequales,
1985 2325 2079 2378 do-

480 2431 610 2481 cent
637 2430 693 2480 et
724 2424 949 2478 discunt
973 2420 1292 2492 superiores
1309 2425 1364 2472 et
1379 2414 1932 2473 interiores.Contuli
1951 2430 2077 2469 cum

480 2516 614 2581 illis,
639 2516 745 2569 hoc
773 2519 860 2568 est
885 2529 1013 2567 cum
1038 2507 1459 2574 Petro,Joanne
1489 2512 1545 2561 et
1573 2504 1796 2560 Iacobo.
1820 2504 2079 2560 Seorsum

480 2611 667 2662 autem
690 2621 817 2659 cum
832 2605 949 2657 illis
967 2604 1067 2671 qui
1081 2600 1412 2653 videbantur
1436 2595 1656 2663 aliquid
1676 2610 1800 2655 esse,
1826 2592 1886 2647 in
1911 2591 2079 2646 Petro

481 2694 721 2765 aliisque
749 2690 1019 2764 apostolis
1048 2689 1269 2743 locutus
1289 2701 1436 2750 sum,
1469 2700 1582 2738 non
1601 2682 1659 2737 in
1689 2685 1966 2737 conventu
1987 2680 2081 2735 Ju-

486 2782 633 2838 daici
663 2781 875 2853 populi,
909 2779 1005 2834 sed
1053 2776 1377 2849 separatim.
1409 2774 1595 2838 Quare
1623 2786 1873 2827 seorsum
1893 2769 1919 2822 ?
1950 2768 2083 2841 quia

482 2872 666 2929 multa
692 2869 901 2925 sciebat
928 2869 1021 2923 ille
1047 2884 1169 2938 qua:
1195 2863 1476 2936 generalis
1506 2861 1805 2916 multitudo
1833 2875 1947 2914 non
1981 2872 2082 2929 po-

482 2966 633 3017 terat
661 2975 861 3031 capere
885 2957 997 3011 :vel
1025 2970 1300 3017 seorsum,
1332 2969 1403 3007 ne
1423 2951 1556 3006 dum
1579 2948 1901 3022 prohiberet
1931 2946 2087 3019 peni-

483 3055 575 3105 tus
603 3046 1102 3109 circumcisionem,
1139 3042 1584 3115 persecutionem
1605 3039 1929 3095 Iudaeorum
1957 3017 2143 3091 con-ﬂ

482 3144 574 3193 tra
603 3153 663 3191 se
691 3136 975 3189 excitaret.
1022 3134 1372 3196 Videbantur,
1405 3129 1608 3200 inquit,
1650 3127 1871 3195 aliquid
1906 3141 2013 3180 esse
2049 3140 2086 3178 a

485 3224 824 3295 semetipsis.
855 3221 1204 3276 Videbantur
1224 3219 1373 3273 enim
1395 3217 1707 3272 doctrinam
1740 3214 1947 3269 habere
1971 3231 2005 3268 a
2024 3231 2084 3268 se

487 3318 546 3368 et
566 3310 957 3377 virtutem,sed
974 3325 1156 3379 neque
1175 3306 1488 3361 doctrinam
1498 3321 1688 3375 neque
1713 3304 1970 3370 virtutes,
1993 3319 2086 3357 ne-

489 3420 598 3475 que
619 3401 751 3456 boni
777 3399 990 3471 aliquid
1019 3395 1302 3451 habebant
1327 3411 1360 3449 a
1389 3410 1468 3460 se,
1502 3410 1683 3464 neque
1712 3409 1746 3446 a
1775 3391 1890 3447 suis
1911 3392 2086 3446 meri-

491 3492 564 3548 tis
598 3506 609 3542 :
634 3491 759 3547 ideo
784 3490 916 3544 licet
943 3487 1147 3560 populo
1167 3485 1492 3540 viderentur
1530 3481 1740 3553 aliquid
1775 3496 1918 3547 esse,
1947 3480 2087 3534 nihil

490 3586 667 3638 erant.
700 3582 777 3636 Ne
806 3581 946 3648 forte
974 3580 1038 3631 in
1068 3591 1304 3629 vacuum
1334 3587 1638 3636 currerem,
1665 3576 1765 3624 aut
1804 3572 2086 3623 cucurris-

487 3690 601 3730 sem
625 3677 648 3725 ν
670 3670 826 3727 Licet
853 3667 1107 3722 videatur
1125 3664 1350 3727 durum,
1376 3667 1568 3716 tamen
1601 3660 1795 3714 beatus
1815 3659 2087 3729 Hierony-

490 3779 617 3817 mus
646 3761 797 3814 hunc
821 3772 1042 3812 versum
1057 3752 1458 3823 interrogative
1480 3749 1614 3804 dicit
1628 3765 1750 3803 esse
1762 3746 2080 3817 legendum,

492 3850 626 3922 quia
653 3844 1035 3919 huiuscemodi
1058 3856 1256 3899 sensus
1280 3846 1365 3896 est
1389 3858 1399 3893 :
1428 3837 1695 3909 Nunquid
1724 3836 1849 3891 ideo
1876 3833 2089 3889 contuli

492 3955 619 3996 cum
640 3937 752 3993 illis
776 3951 1028 3991 seorsum
1051 3932 1199 4003 quod
1216 3931 1471 3985 timerem
1496 3926 1565 3982 ab
1596 3926 1706 3980 illis
1729 3922 2084 3996 reprehendi,

493 4028 657 4102 quasi
684 4043 813 4082 mea
839 4024 1095 4081 doctrina
1121 4037 1234 4077 non
1253 4024 1400 4075 esset
1421 4032 1573 4081 vera,
1600 4021 1658 4070 et
1676 4015 1905 4069 illorum
1931 4011 2091 4067 robo-

491 4119 713 4175 ratione
738 4116 1037 4186 indigeret,
1069 4116 1169 4167 aut
1198 4109 1358 4181 quasi
1379 4107 1623 4163 inaniter
1649 4119 1932 4159 currerem
1953 4119 2091 4174 prae.

494 4206 732 4263 dicendo
758 4205 829 4258 de
856 4203 978 4257 loco
1004 4201 1074 4255 ad
1104 4197 1326 4254 locum?
1345 4197 1503 4262 Non;
1536 4194 1632 4250 sed
1661 4193 1846 4264 potius
1869 4196 1934 4247 ut
1959 4191 2091 4246 illia

495 4312 587 4351 me
617 4295 732 4349 alta
760 4296 818 4347 et
841 4288 1121 4362 profunda
1140 4285 1410 4358 mysteria
1437 4283 1715 4348 audirent,
1737 4282 1885 4353 quod
1902 4280 2089 4336 minus

897 269 1274 329 HAYMONIS
1311 265 1799 323 HALBERSTAT.
1842 262 2064 320 EPISC.
2107 255 2269 315 OPP.
2310 253 2494 311 PARS
2533 254 2579 309 Ι.
2623 285 2682 297 -
2721 252 3093 311 COMMENT.
3136 257 3308 313 BIBL.

3580 258 3659 318 676

2078 387 2128 446 Α
2146 398 2287 447 esse,
2318 380 2415 452 qui
2444 378 2869 434 considerarent
2891 383 3084 435 utrum
3107 381 3388 451 Apostolus
3404 382 3593 437 illorum
3609 385 3661 439 ti-

2149 488 2304 526 more
2333 469 2667 541 perterritus
2690 468 3121 526 circumcideret
3143 468 3339 524 Titum.

2220 562 2567 617 lntroierunt
2612 561 2901 626 explorare
2945 561 3248 612 libertatem
3290 566 3513 613 nostram
3535 577 3667 629 quam

2150 651 2411 703 habemus
2449 651 2511 701 in
2556 648 2771 703 Christo
2805 649 2951 702 Jesu.
2986 647 3237 702 Libertas
3284 649 3503 703 maxima
3540 649 3668 705 estin

2152 738 2376 794 Christo
2404 737 2555 799 Iesu,
2581 736 2637 789 id
2657 741 2745 790 est
2772 735 2827 789 in
2852 736 2961 790 ﬁde
2990 737 3291 807 Evangelii,
3308 737 3428 807 quia
3443 754 3529 808 per
3543 739 3671 794 ﬁdem

2150 827 2376 883 Domini
2426 826 2730 881 Salvatoris
2771 824 2932 879 liberi
2982 824 3255 879 efﬁcimur
3298 825 3351 879 in
3380 824 3672 896 baptismate,

2151 933 2263 972 non
2294 915 2475 970 solum
2505 930 2540 968 a
2569 913 2825 985 peccatis,
2860 915 2958 967 sed
2988 930 3022 967 a
3049 914 3274 968 servitio
3310 914 3465 968 etiam
3491 914 3623 985 legis.

2224 1007 2406 1074 Neque
2421 1006 2494 1058 ad
2518 1005 2709 1058 horam
2738 1006 3015 1065 cessimus,
3033 1002 3092 1056 id
3116 1008 3202 1057 est
3225 1019 3334 1057 non
3358 1004 3679 1060 consensimus

2156 1096 2236 1150 eis
2268 1095 2350 1148 vel
2382 1093 2450 1147 ad
2476 1098 2716 1163 tempus,
2757 1107 2828 1146 ne
2856 1092 3111 1146 servituti
3150 1092 3287 1162 legis
3320 1092 3678 1162 subjiceremur,

2159 1193 2221 1240 ut
2251 1185 2389 1238 ﬁdes
2408 1183 2708 1250 Evangelii,
2729 1197 2899 1251 quam
2920 1179 3071 1234 vobis
3090 1180 3492 1252 praedicavimus
3508 1188 3682 1236 maneat

2159 1287 2384 1344 semper
2410 1271 2467 1325 in
2497 1269 2671 1335 vobis,
2702 1276 2760 1324 et
2786 1286 2896 1323 non
2929 1268 3416 1324 circumcidamini.

2230 1362 2309 1417 Ab
2349 1362 2435 1414 his
2458 1364 2642 1414 autem
2678 1361 2777 1428 qui
2800 1360 3156 1415 videbantur.
3196 1358 3278 1412 Ab
3307 1358 3407 1423 his,
3439 1357 3488 1412 id
3514 1362 3586 1412 est
3608 1358 3685 1412 Pe-

2157 1457 2267 1517 tro,
2313 1455 2371 1504 et
2408 1447 2633 1512 Iacobo,
2682 1452 2740 1501 et
2782 1445 3022 1513 Joanne,
3056 1450 3156 1516 qui
3185 1446 3689 1514 videbanturaliquid

2159 1555 2265 1595 esse
2296 1556 2327 1593 a
2357 1535 2693 1603 semetipsis,
2733 1537 2878 1590 sicut
2914 1552 3086 1607 supra
3121 1536 3378 1601 diximus,
3415 1540 3577 1604 quales
3605 1538 3689 1588 ali-

2161 1630 2384 1698 quando
2425 1628 2660 1695 fuerint,
2708 1632 3011 1696 antequam
3054 1641 3157 1696 per
3184 1624 3473 1678 adventum
3497 1623 3689 1694 Spiritus

2161 1717 2341 1772 sancti
2376 1715 2893 1780 corroborarentur,
2935 1730 3048 1769 non
3079 1714 3325 1785 pertinet
3351 1714 3416 1767 ad
3451 1730 3530 1767 me
3553 1719 3605 1766 ut
3625 1711 3690 1766 di-

2158 1822 2300 1873 cam,
2324 1805 2423 1860 sed
2436 1805 2541 1859 hoc
2556 1804 2908 1857 solummodo
2927 1802 3128 1867 dicam,
3165 1803 3299 1873 quia
3320 1803 3459 1856 nihil
3478 1817 3576 1855 mea
3590 1805 3693 1854 inte-

2159 1900 2285 1957 rest,
2312 1893 2419 1947 hoc
2438 1899 2527 1947 est
2552 1915 2564 1943 -.
2594 1892 2752 1946 nulla
2769 1891 3040 1945 distantia
3067 1890 3217 1945 inter
3243 1907 3332 1944 me
3349 1895 3404 1944 et
3421 1889 3532 1943 illos
3548 1895 3638 1956 est;
3653 1894 3694 1942 et

2158 1982 2264 2037 hoc
2302 1982 2447 2049 ideo,
2484 1983 2619 2053 quia
2644 1997 2757 2035 non
2787 1986 2875 2035 est
2902 1980 3052 2034 Deus
3084 1984 3346 2050 acceptor
3372 1993 3690 2049 personarum.

2162 2071 2289 2125 Fuit
2310 2069 2513 2125 Paulus
2531 2074 2856 2141 persecutor
2879 2066 3354 2130 Christianorum,
3374 2067 3556 2120 Petrus
3571 2081 3697 2135 nega-

2163 2160 2240 2213 vit
2268 2165 2564 2231 postquam
2593 2159 2663 2213 ab
2688 2158 2783 2212 illo
2813 2152 3010 2210 doctus
3035 2160 3141 2213 est.
3172 2153 3415 2210 Joannes
3439 2161 3491 2209 et
3506 2153 3695 2209 Iacobus

2162 2252 2418 2318 tempore
2466 2245 2760 2318 passionis,
2810 2244 3007 2299 relicto
3056 2259 3145 2307 eo,
3183 2243 3450 2313 fugerunt
3474 2257 3583 2296 cum
3607 2239 3697 2295 aliis

2161 2334 2450 2408 apostolis.
2486 2336 2593 2403 Qui
2618 2335 2951 2389 videbantur
2975 2332 3198 2400 aliquid
3218 2348 3348 2397 esse,
3370 2331 3423 2385 id
3436 2331 3695 2393 estPetms,

2160 2424 2400 2480 Iacobus
2428 2429 2486 2477 et
2512 2424 2778 2491 Ioannes,
2822 2422 2969 2475 nihil
3014 2421 3158 2473 mihi
3198 2422 3559 2484 contulerunt,
3592 2416 3697 2471 sedc

2161 2519 2374 2579 contra,
2424 2511 2693 2567 subaudis
2723 2527 2826 2581 ego
2855 2508 3069 2564 contuli
3107 2508 3220 2562 illis
3248 2528 3263 2578 ;
3292 2509 3375 2562 vel
3404 2507 3554 2561 aliter
3575 2520 3585 2555 :
3605 2520 3697 2560 cum

2162 2606 2458 2675 putassent
2473 2600 2647 2671 aliqui
2677 2600 3113 2671 reprehensores
3137 2598 3254 2652 mei
3276 2615 3418 2664 esse,
3444 2612 3544 2651 non
3561 2594 3698 2649 solum

2162 2693 2597 2764 reprehensores
2616 2706 2728 2743 non
2759 2688 3009 2754 fuerunt,
3031 2688 3131 2743 sed
3161 2689 3336 2743 etiam
3368 2686 3700 2741 laudatoreset

2162 2781 2411 2835 fautores
2438 2779 2775 2834 exstiterunt
2797 2794 2936 2833 mea:
2951 2776 3386 2848 predicationis.
3403 2776 3480 2830 Ita
3499 2772 3701 2828 dividunt

2165 2875 2223 2924 et
2249 2869 2604 2939 distinguunt
2623 2867 2970 2937 Augustinus
2996 2872 3053 2921 et
3076 2866 3454 2937 Hieronymus
3472 2863 3599 2918 hunc
3613 2875 3702 2915 ver-

2167 2958 2406 3013 siculum
2436 2973 2562 3011 cum
2587 2956 2688 3009 tali
2708 2954 3101 3010 subauditione
3126 2973 3137 3008 :
3159 2970 3289 3008 cum
3316 2954 3576 3015 uidissent,
3602 2946 3701 3001 sub-

2167 3048 2330 3103 audis
2381 3063 2416 3100 a
2468 3043 2958 3115 subsequentibus,
2995 3042 3239 3098 Iacobus
3278 3047 3336 3096 et
3362 3042 3596 3105 Ioannes,
3632 3034 3702 3106 qui

2165 3135 2501 3191 videbantur
2526 3133 2734 3204 aliquid
2758 3132 3059 3202 esse,quod
3088 3135 3168 3185 ita
3193 3132 3412 3195 datum,
3442 3129 3493 3182 id
3522 3132 3593 3181 est
3606 3139 3704 3180 con-

2166 3241 2383 3280 cessum
2427 3229 2513 3278 est
2551 3221 2690 3276 mihi
2726 3222 3091 3289 Evangelium
3118 3222 3405 3289 przpulii,
3437 3217 3488 3272 id
3513 3220 3585 3270 est
3605 3227 3706 3284 gen-

2167 3314 2331 3379 tium,
2361 3315 2502 3366 sicut
2526 3314 2681 3365 Petro
2702 3308 2980 3363 creditum
3005 3314 3093 3363 est
3117 3308 3500 3379 Evangelium,
3521 3308 3706 3360 circum-

2168 3404 2412 3464 cisionis,
2429 3402 2535 3454 hoc
2563 3404 2650 3454 est
2673 3399 3020 3454 Iudaeorum.

2238 3490 2305 3544 Et
2338 3506 2465 3545 eum
2507 3491 2875 3557 cognovissent
2905 3490 3153 3556 gratiam
3181 3502 3305 3555 qua:
3340 3485 3467 3537 data
3493 3485 3559 3534 est
3583 3476 3703 3540 mihi,

2165 3579 2412 3633 dexteras
2433 3580 2703 3632 societatis
2726 3576 2869 3630 mihi
2894 3576 3164 3629 dederunt
3182 3578 3233 3628 et
3258 3571 3529 3628 Barnabas.
3543 3568 3708 3622 Oniten

2166 3683 2266 3739 per
2296 3665 2676 3737 parenthesim
2699 3665 2849 3719 dicta
2875 3668 3010 3718 sunt
3035 3663 3183 3717 sicut
3203 3663 3374 3717 Petro
3393 3654 3708 3716 circumcisio.

2169 3755 2256 3811 nis
2277 3775 2291 3823 ;
2314 3756 2458 3810 hanc
2471 3760 2661 3809 autem
2676 3753 2847 3808 habet
2859 3752 3333 3808 consuetudinem
3353 3747 3638 3822 Apostolus,
3661 3744 3707 3795 ut

2169 3843 2646 3900 circumcisionem
2666 3842 2888 3896 Judmos
2903 3846 2959 3895 et
2972 3839 3210 3912 gentiles
3232 3838 3552 3912 praeputium
3568 3828 3709 3905 appel-

2169 3933 2264 3987 let.
2302 3933 2408 3999 Qui
2435 3934 2583 3985 enim
2612 3934 2864 3998 operatus
2892 3933 2969 3982 est
2997 3930 3153 3982 Petro
3182 3931 3247 3981 in
3276 3921 3708 3996 apostolalumcir-

2170 4022 2545 4085 cumcisionis,
2564 4023 2820 4087 operatus
2840 4022 2915 4072 est
2937 4018 3081 4071 mihi
3095 4020 3242 4071 inter
3254 4022 3460 4085 gentes.
3475 4018 3523 4067 et
3536 4016 3609 4067 est
3621 4021 3710 4063 sen-

2171 4124 2268 4165 sus
2291 4124 2302 4158 :
2323 4107 2431 4171 Qui
2452 4107 2682 4161 Petrum
2714 4105 3045 4177 magistrum
3071 4109 3127 4158 et
3152 4103 3463 4174 principem
3485 4098 3598 4156 fecit
3620 4106 3708 4150 esse

2171 4198 2424 4255 omnium
2440 4196 2764 4252 Iudaeorum
2784 4193 3154 4253 credentium,
3186 4209 3279 4246 me
3303 4192 3471 4247 etiam
3492 4189 3543 4242 in
3561 4181 3711 4257 pradi-

2170 4286 2407 4343 cationis
2433 4284 2617 4340 ofﬁcio
2646 4284 2951 4355 praeposuit
2990 4281 3255 4337 omnibus
3300 4278 3566 4351 gentibus.
3602 4268 3712 4327 Dicit

496 4398 727 4455 capaces
746 4396 860 4435 non
887 4382 1148 4450 poterant
1175 4389 1393 4446 capere,
1425 4378 1480 4427 ct
1509 4388 1623 4426 non
1651 4376 1882 4443 possent
1902 4368 2151 4433 dicereD
2168 4376 2365 4432 beatus
2393 4374 2743 4445 Augustinus
2772 4372 3014 4443 quodam
3034 4371 3155 4426 loco
3177 4370 3346 4425 beato
3361 4364 3605 4439 Apostolo
3628 4373 3712 4414 ωι-

497 4471 739 4530 Galatis:
762 4468 949 4525 Nolite
968 4464 1196 4520 credere
1222 4462 1414 4528 Paulo,
1435 4461 1566 4532 quia
1580 4459 1931 4515 mendacium
1953 4474 2091 4530 prm-

497 4562 685 4628 dicat;
719 4558 871 4615 aliud
919 4556 1069 4612 enim
1112 4552 1262 4625 apud
1310 4567 1412 4606 nos
1459 4548 1727 4619 praedicat
1769 4548 1854 4602 vel
1903 4548 2084 4613 docet,

496 4652 651 4710 aliud
679 4649 830 4722 apud
859 4663 984 4703 vos:
1014 4644 1164 4717 apud
1197 4658 1292 4697 vos
1322 4639 1589 4712 praedicat
1612 4636 2091 4692 circumcisionem

496 4758 612 4800 non
640 4737 1063 4801 observandam,
1080 4732 1229 4807 apud
1251 4748 1354 4787 nos
1382 4726 1732 4787 circumcidit
1752 4725 2092 4781 Titum.Un-

499 4832 568 4888 de
592 4830 891 4904 Apostolus
919 4827 1107 4881 volens
1131 4832 1227 4879 eos
1256 4820 1591 4877 conﬁrmare
1622 4817 1678 4872 in
1707 4815 1836 4883 ﬁde,
1854 4818 1911 4870 et
1929 4831 1964 4869 a
1983 4813 2092 4868 cir-

504 4920 841 4976 cumcisione
869 4918 1090 4982 ducere,
1125 4913 1265 4969 dixit
1296 4925 1307 4960 :
1336 4910 1395 4966 Si
1421 4911 1593 4974 Titus,
1633 4923 1762 4962 cum
1797 4908 1944 4961 esset
1974 4919 2094 4960 me-

502 5023 649 5074 cum,
693 5024 805 5062 non
848 5012 921 5060 est
971 5007 1281 5073 compulsus
1328 5000 1398 5056 ab
1445 4996 1713 5071 apostolis
1744 4995 2092 5074 circumcidi,

503 5072 688 5168 neque
715 5094 903 5161 minis,
934 5100 991 5148 et
1018 5072 1346 5157 terroribus,
1383 5106 1450 5145 ac
1484 5085 1845 5143 multitudine
1874 5072 2097 5139 Iudaeo-

504 5201 653 5252 rum,
686 5199 860 5256 quare
889 5199 987 5237 vos
1016 5180 1345 5236 seducimini
1371 5176 1725 5235 solummodo
1764 5173 1947 5230 verbis
1965 5172 1993 5225 ?

576 5292 682 5348 Sed
707 5305 878 5359 neque
902 5289 1185 5356 Titus,qui
1196 5303 1409 5341 mecum
1422 5290 1540 5340 erat
1559 5300 1690 5339 cum
1705 5286 1835 5337 esset
1853 5280 2096 5349 gentilis,

506 5382 820 5451 compulsus
864 5382 939 5431 est
966 5376 1311 5431 circumcidi.
1344 5375 1483 5428 Cum
1515 5372 1762 5428 venisset
1797 5366 2101 5441 Apostolus

504 5463 1158 5541 HierosolymamJudaei
1177 5461 1518 5517 curiositatis
1537 5476 1706 5516 causa
1716 5456 2102 5513 submiseru'nt

505 5564 655 5621 viros
674 5561 735 5619 in
754 5560 969 5617 secreto
986 5555 1128 5625 loco,
1152 5553 1223 5609 de
1244 5550 1447 5625 quibus
1475 5566 1588 5611 non
1617 5552 1841 5623 poterat
1856 5544 2099 5621 suspicio

2164 4467 2350 4537 jorem
2378 4462 2713 4535 sapientiam
2739 4479 2854 4533 prae
2876 4459 3138 4516 omnibus
3156 4458 3428 4531 apostolis
3446 4461 3710 4511 concessam

2171 4572 2315 4622 esse,
2344 4559 2402 4609 et
2430 4552 2536 4608 hoc
2562 4552 2708 4617 ideo,
2746 4556 2813 4605 ut
2834 4549 2967 4621 quia
2994 4549 3113 4620 ipse
3139 4547 3405 4603 omnibus
3427 4542 3657 4617 gentibus
3675 4540 3716 4590 et

2171 4642 2520 4716 philosophis
2544 4639 2947 4712 praedicaturus
2966 4644 3106 4702 erat,
3136 4636 3402 4692 omnibus
3426 4630 3656 4706 gentibus
3672 4627 3715 4716 ξι

2174 4711 2517 4805 philosophis
2538 4711 2660 4800 ejus
2688 4727 3011 4800 praedicatio
3040 4727 3301 4782 sufﬁcere
3330 4729 3529 4797 posset.
3548 4717 3640 4775 Sed
3660 4711 3717 4769 di-

2176 4827 2266 4879 cet
2292 4820 2498 4894 aliquis
2524 4818 2585 4874 in
2612 4818 2722 4874 isto
2750 4817 2871 4872 loco
2902 4830 2914 4865 :
2937 4816 3206 4887 Nunquid
3245 4831 3383 4886 ergo
3430 4813 3609 4866 Petrus

2175 4914 2352 4985 gister
2377 4889 2720 4976 Iudaeorum,
2745 4907 2794 4962 si
2821 4906 3034 4961 videret
3065 4904 3315 4976 aliquem
3341 4899 3596 4973 gentilem
3613 4889 3717 4948 velle

2178 5000 2426 5059 eonvcrti
2445 4999 2514 5054 ad
2527 4998 2715 5063 ﬁdem,
2744 5012 2858 5051 non
2874 4994 3216 5065 suscipiebat
3227 5008 3382 5056 eum,
3407 4989 3511 5044 nisi
3533 4987 3719 5041 circurn-

2179 5092 2480 5156 cideretur,
2502 5092 2601 5151 aut
2626 5085 2839 5141 Paulus
2870 5084 3140 5155 magister
3161 5082 3418 5153 gentium
3440 5069 3720 5146 suscipiet)“i

2180 5183 2424 5254 aliquem
2437 5177 2758 5234 Iudaeorum
2775 5173 3169 5229 circumcisum
3180 5170 3420 5241 ’lUtique
3441 5168 3721 5254 Petrus-sus.-

2180 5247 2422 5344 cipiebat
2448 5266 2742 5339 gentilem,
2781 5279 2903 5318 non
2936 5277 3144 5333 cogens
3180 5276 3310 5317 eum
3337 5248 3651 5314 circumcidi,
3673 5247 3721 5300 ut

2182 5342 2590 5423 Cbrnelium,et
2602 5353 2812 5410 Paulus
2829 5369 2941 5409 non
2965 5350 3260 5424 respuebat
3279 5347 3530 5405 Iudaeum
3539 5342 3721 5424 propter

2180 5421 2786 5509 circumcisionem,sed
2799 5421 3193 5497 tantummodo
3202 5436 3413 5508 legales
3429 5421 3719 5489 observatiO‘

2178 5558 2281 5599 nes
2327 5535 2565 5597 docebat
2605 5547 2722 5592 non
2746 5546 2871 5590 esse
2891 5527 3267 5590 abservandas
3302 5522 3606 5583 carnaliter.
3638 5509 3721 5584 Qui
