3966 6156
283 276 373 336 677

899 263 1281 322 EXPOSITIO
1319 263 1398 320 IN
1435 259 1591 319 EPP.
1634 250 1692 316 S.
1732 256 1968 316 PAULI.
2013 284 2074 300 --
2116 258 2197 316 IN
2233 256 2456 315 EPIST.
2501 259 2526 315 Ι
2566 258 2660 314 ΑΒ
2707 258 2869 323 COR.

3417 251 3522 310 678

280 401 573 460 videbantur
597 395 860 448 columna:
886 408 1011 447 esse.
1044 391 1193 447 Dicit
1220 390 1417 445 beatus
1445 385 1826 457 Augustinus:
1847 384 2170 447 Amundati
2197 401 2299 456 per
2326 383 3053 457 baptismummequaquam
3085 398 3186 437 nos
3216 382 3376 452 quasi
3403 381 3513 436 im-

280 490 533 547 Columnze
552 482 881 537 videbantur
907 497 1028 535 esse
1059 481 1157 548 illi,
1188 480 1285 535 sed
1315 494 1425 532 non
1441 481 1618 532 erant.
1630 475 1738 530 Sed
1758 475 1835 528 vi-

280 582 484 636 deamus
509 590 624 645 quae
645 571 759 625 sint
785 570 1137 626 solidissima
1155 570 1445 625 columnae.
1471 567 1735 622 Salomon
1756 564 1835 619 di-

277 669 367 724 cit:
387 662 676 734 Sapientia;
699 676 822 731 quae
853 664 937 715 est
966 659 1208 714 Verbum
1240 658 1340 712 Dei
1373 655 1576 721 Patris,
1606 656 1834 721 aediﬁca-

278 761 344 812 vit
365 756 462 809 sibi
485 754 724 816 domum,
760 749 818 803 in
858 754 1018 803 utero
1039 748 1296 803 videlicet
1326 743 1583 816 virginali
1632 742 1838 797 excidit

277 848 535 902 columnas
550 844 747 908 septem
776 840 955 905 (Prov.
980 838 1075 907 1x),
1097 837 1154 892 id
1184 842 1268 891 est
1296 841 1511 906 septem
1539 832 1835 897 Ecclesiae,

276 934 337 988 ad
361 948 488 1003 quas
517 926 738 998 scripsit
764 927 1009 981 Joannes
1030 926 1088 980 in
1109 924 1440 997 Apocalypsi
1474 938 1576 977 sua
1608 926 1746 989 (cap.
1770 920 1833 990 1);

275 1038 381 1094 quae
403 1023 604 1090 septem
637 1014 898 1071 Ecclesiae
928 1015 1013 1069 vel
1028 1015 1301 1069 columnae
1316 1012 1529 1067 faciunt
1544 1025 1716 1065 unam
1740 1008 1839 1064 Ec-

273 1109 472 1165 clesium
501 1111 556 1160 et
582 1121 754 1159 unam
784 1104 1125 1172 columnam,
1150 1104 1220 1158 de
1237 1118 1348 1174 qua
1376 1100 1511 1155 dicit
1537 1098 1838 1171 Apostolus

273 1196 535 1253 Timotheo
560 1195 645 1248 :Ut
672 1196 833 1259 scias,
857 1192 1058 1264 inquit,
1080 1192 1366 1261 quomodo
1403 1194 1644 1259 oporteat
1681 1192 1728 1241 te
1775 1189 1839 1241 in

270 1289 407 1341 domo
431 1287 525 1340 Dei
544 1284 877 1347 conversari,
907 1298 1026 1351 qua
1051 1287 1126 1335 est
1147 1284 1407 1335 columna
1426 1285 1481 1334 et
1510 1281 1837 1347 ﬁrmamen-

273 1381 375 1429 tum
402 1375 449 1435 (Ι
471 1374 604 1428 Tim.
630 1373 731 1442 Ill).
766 1370 823 1426 Si
854 1386 992 1441 ergo
1021 1369 1115 1424 isti
1135 1369 1407 1425 columnae
1444 1383 1558 1422 non
1590 1367 1832 1428 fuerant,

270 1460 654 1534 quidestquod
703 1460 979 1515 Dominus
1022 1457 1196 1513 dicit:
1244 1460 1351 1527 Qui
1389 1459 1603 1522 vicerit,
1630 1457 1838 1523 faciam

269 1555 411 1607 illum
438 1553 752 1606 columnam
781 1551 844 1603 in
878 1550 1073 1617 templo
1098 1564 1213 1602 meo
1245 1548 1423 1616 (Apoc.
1447 1544 1574 1612 In)?
1600 1545 1677 1599 Ut
1704 1559 1837 1614 ergo

269 1641 387 1696 dicit
410 1638 710 1711 Apostolus
738 1642 795 1693 et
823 1636 1021 1692 beatus
1056 1635 1410 1707 Augustinus
1456 1632 1711 1700 assentit,
1743 1649 1838 1687 co-

1921 475 2161 530 mundos
2189 479 2515 546 reputaret:
2551 474 2749 529 melius
2785 479 2870 528 est
2899 489 3032 544 ergo
3063 476 3126 527 ut
3161 470 3518 525 circumcide-

1918 564 2133 621 mur.Si
2162 571 2220 619 tu
2249 582 2374 620 cum
2403 568 2476 619 sis
2499 567 2746 623 Judaus.
2784 563 3016 618 Judaeus
3045 566 3168 616 erat
3196 562 3397 616 Petrus
3416 576 3520 616 na-

1917 658 2066 721 tura,
2099 657 2157 707 et
2182 654 2471 724 gentiliter
2498 653 2718 708 vivebat
2745 669 2859 707 non
2888 651 3176 707 adoranda
3206 650 3375 717 idola,
3420 650 3519 704 sed

1917 760 2030 799 non
2059 744 2293 800 credens
2313 745 2517 800 salvari
2547 760 2710 816 posse
2741 759 2841 813 per
2883 740 3387 804 circumcisionem,
3419 739 3518 794 sed

1918 851 2020 906 per
2045 834 2409 906 baptismum,
2441 834 2582 889 sicut
2609 838 2667 888 et
2704 832 2942 904 gentiles
2991 829 3355 886 salvabantur
3404 844 3519 884 non

1919 940 2021 996 per
2056 924 2558 990 circumcisionem,
2590 924 2688 979 sed
2709 939 2809 994 per
2842 921 3202 993 baptismum.

1990 1015 2099 1068 Nos
2126 1020 2338 1069 natura
2365 1015 2544 1069 Judaei
2567 1028 2782 1078 sumus,
2813 1017 2862 1065 et
2889 1027 3002 1066 non
3029 1027 3094 1065 ea:
3112 1011 3365 1079 gentibus
3400 1024 3519 1079 peo-

1919 1106 2146 1166 catores,
2180 1102 2314 1173 quia
2340 1101 2582 1173 gentiles
2619 1106 2938 1173 peccatores
2982 1098 3429 1172 appellabantur,
3462 1103 3522 1153 et

1922 1195 2009 1244 est
2038 1208 2235 1245 sensus
2256 1191 2331 1247 :0
2353 1192 2536 1259 Petre,
2570 1190 2618 1244 si
2632 1207 2734 1245 nos
2752 1190 2847 1261 qui
2866 1189 3049 1245 Judaei
3068 1189 3406 1245 naturaliter
3424 1205 3521 1243 su-

1919 1296 2065 1347 mus,
2094 1280 2388 1351 justiﬁcati
2414 1297 2529 1335 non
2548 1296 2744 1335 sumus
2770 1295 2871 1351 per
2906 1279 3108 1350 legem,
3143 1294 3316 1349 quare
3362 1278 3515 1349 cogis

1917 1375 2116 1441 gentes
2138 1368 2446 1441 judaizare,
2475 1386 2589 1424 non
2611 1369 2799 1433 verbo,
2831 1366 2930 1423 sed
2975 1383 3163 1439 opere,
3196 1370 3262 1421 ut
3287 1366 3522 1421 credant

1920 1475 1981 1514 se
2009 1459 2211 1514 salvari
2231 1476 2346 1515 non
2374 1476 2539 1531 posse
2564 1476 2665 1531 per
2692 1457 3036 1530 baptismum
3067 1455 3189 1509 sine
3231 1454 3519 1509 circumci-

1919 1548 2094 1604 sione.
2122 1549 2237 1604 Nos
2267 1549 2474 1604 scimus
2495 1547 2627 1620 quia
2676 1563 2788 1602 non
2818 1548 3172 1616 justiﬁcatur
3218 1544 3378 1599 homo
3421 1559 3524 1615 per

1919 1637 2331 1693 observantiam
2353 1638 2616 1708 legalium
2638 1636 3033 1690 mandatorum
3056 1652 3068 1702 ;
3095 1650 3160 1689 ea:
3179 1634 3431 1703 operibus
3453 1635 3523 1687 le-

268 1729 449 1783 lumnaa
478 1725 848 1797 asemetipsis
878 1742 992 1780 non
1039 1730 1219 1792 erant,
1258 1724 1388 1778 licet
1434 1723 1758 1778 viderentur
1805 1737 1900 1806 aB
1916 1730 2001 1796 gis
2030 1726 2185 1793 dicit,
2210 1727 2267 1781 id
2298 1732 2385 1782 est
2412 1743 2514 1798 per
2532 1724 2872 1781 oblationem
2900 1722 3302 1779 sacriﬁciorum
3326 1737 3520 1776 cama-

266 1817 582 1889 simplicibus
612 1833 651 1870 a
678 1833 738 1871 se
767 1832 889 1870 esse
920 1815 1068 1887 quod
1102 1831 1214 1869 non
1252 1818 1434 1879 erant,
1469 1817 1526 1867 et
1567 1812 1839 1866 columnae

268 1912 409 1962 erant
431 1924 464 1961 a
492 1906 732 1962 Domino
762 1905 1013 1960 solidata
1041 1904 1164 1958 sine
1195 1903 1312 1957 suis
1343 1901 1581 1970 meritis,
1617 1906 1675 1955 et
1709 1901 1838 1955 fun-

266 1996 464 2051 datores
503 1995 764 2051 Ecclesia
813 1999 977 2048 erant
1007 1999 1064 2047 et
1109 1997 1536 2047 sustentatores.
1581 1992 1838 2045 Dexteras

265 2085 502 2139 dederunt
533 2086 698 2138 mihi.
732 2083 891 2148 Quod
922 2082 1057 2136 dicit
1093 2084 1339 2136 dexteras
1378 2082 1647 2137 societatis
1689 2079 1838 2133 dede-

1920 1815 2079 1883 lium,
2102 1833 2203 1888 per
2230 1815 2677 1871 observationem
2706 1813 3123 1878 mandatorum,
3149 1828 3250 1883 per
3288 1811 3523 1865 circum-

1921 1906 2190 1961 cisionem
2218 1922 2329 1961 non
2349 1906 2756 1976 justiﬁcabitur
2783 1906 2964 1958 omnis
2996 1903 3175 1967 homo,
3206 1899 3262 1954 id
3291 1904 3378 1954 est
3397 1898 3520 1953 nul-

1919 1997 2009 2051 lus
2033 1994 2459 2067 justiﬁcabitur.

1992 2088 2144 2154 Quod
2170 2089 2219 2140 si
2245 2089 2566 2156 qumrentes,
2596 2099 2699 2138 nos
2727 2082 2823 2154 qui
2852 2087 3056 2137 natura
3093 2096 3289 2135 sumus
3317 2079 3519 2147 Judzei.

266 2178 385 2227 νυηε
406 2174 544 2227 mihi
569 2178 619 2226 ει
653 2173 936 2239 Βανηαῦίῖφ
960 2171 1100 2224 nih“
1140 2177 1222 2224 est
1253 2170 1406 2224 διίυά
1437 2168 1544 2223 ηίεί
1573 2168 1630 2222 in
1675 2182 1837 2222 suam
1907 2178 2205 2246 justi/icati
2232 2179 2293 2230 in
2323 2176 2558 2244 Christo,
2586 2173 2645 2227 id
2679 2178 2765 2227 est
2792 2172 2850 2226 in
2880 2170 2989 2226 ﬁde
3030 2170 3258 2236 Christi,
3291 2168 3350 2222 in
3370 2168 3512 2239 bap-

265 2262 562 2317 societatem
600 2266 940 2332 receperunt
967 2276 1068 2314 nos
1097 2264 1153 2313 et
1182 2259 1641 2313 familiaritatem.
1674 2257 1839 2311 Trac-

263 2354 369 2405 tum
397 2356 476 2405 est
500 2351 602 2405 hoc
631 2367 669 2405 a
692 2348 1159 2421 negotiatoribus.
1194 2349 1290 2419 qui
1312 2365 1483 2402 causa
1505 2345 1839 2417 negotiatio-

264 2439 338 2493 nis
366 2438 641 2494 venientes
661 2439 732 2493 ad
754 2444 972 2492 exteras
1002 2437 1278 2508 regiones,
1312 2436 1371 2490 in
1420 2435 1615 2507 primis
1649 2439 1713 2488 ut
1760 2433 1837 2488 ibi

263 2527 582 2595 advenerint,
606 2527 680 2582 ad
696 2544 791 2581 eos
808 2527 1098 2598 praefectus
1113 2525 1220 2581 loci
1236 2530 1292 2581 et
1301 2525 1559 2580 homines
1569 2523 1841 2579 accedunt

263 2615 331 2671 ibi
363 2617 695 2684 habitantes,
728 2622 785 2670 et
813 2616 1166 2687 interrogant
1193 2616 1351 2669 illum
1373 2614 1468 2686 qui
1485 2618 1687 2685 praeest
1702 2612 1831 2667 illis:

265 2703 584 2761 Paciﬁcusne
622 2710 709 2759 est
741 2704 1027 2775 ingressus
1048 2701 1220 2758 tuus?
1252 2704 1320 2757 Et
1357 2703 1453 2756 ille
1483 2721 1494 2756 :
1539 2700 1833 2756 Paciﬁcus.

261 2791 397 2848 Tunc
423 2799 615 2849 mutuo
648 2794 785 2848 dant
816 2792 923 2847 sibi
951 2792 1208 2847 dexteras
1231 2808 1450 2859 manus,
1487 2795 1544 2846 et
1589 2791 1837 2845 alterna-

264 2882 353 2936 tim
372 2899 428 2937 se
455 2884 802 2949 osculantur,
834 2899 899 2936 ac
932 2882 1192 2953 deinceps
1212 2898 1339 2936 cum
1368 2897 1505 2952 pace
1547 2879 1838 2951 negotium

263 2986 406 3025 suum
434 2972 680 3042 explent,
708 2970 881 3025 libere
903 2970 1244 3035 incedentes,
1273 2975 1330 3024 ct
1360 2986 1488 3024 cum
1538 2968 1838 3024 securitate

1917 2264 2165 2330 tismate,
2194 2267 2410 2319 inventi
2436 2279 2630 2317 sumus
2652 2268 2960 2331 peccatores
2981 2259 3116 2313 dum
3147 2258 3404 2312 venimus
3446 2254 3518 2310 ad

1918 2353 2282 2425 baptismum.
2317 2353 2591 2422 Nunquid
2621 2352 2874 2407 Christus
2904 2348 3035 2403 fecit
3069 2364 3171 2403 nos
3200 2351 3523 2420 peccatores

1920 2447 1984 2496 ut
2013 2447 2242 2513 peccata
2261 2440 2621 2505 haberemus,
2655 2444 2713 2493 et
2740 2437 3021 2493 inveniret
3057 2436 3117 2490 in
3164 2435 3326 2489 nobis
3372 2433 3521 2505 quod

1920 2529 2263 2586 mandaret?
2294 2531 2471 2587 Absit.
2509 2527 2617 2584 Sed
2648 2527 2887 2599 quialex
2908 2542 3020 2581 non
3049 2529 3273 2596 poterat
3298 2539 3400 2577 nos
3406 2524 3527 2594 jus-

1919 2620 2154 2686 tiﬁcare,
2188 2618 2314 2673 ideo
2352 2612 2607 2672 venim'us
2635 2615 2706 2670 ad
2737 2615 3042 2681 Christum,
3076 2618 3141 2667 ut
3160 2612 3521 2667 credentesin

1919 2724 2048 2764 eum
2076 2707 2472 2779 justiﬁcemur.

1990 2798 2053 2855 Si
2088 2799 2240 2851 enim
2266 2796 2410 2865 quod
2431 2795 2685 2848 destruxi
2707 2792 2803 2847 hoc
2831 2795 3036 2847 iterum
3058 2790 3342 2861 residi/ica,
3382 2803 3522 2857 prae-

1919 2890 2288 2941 varicatorem
2316 2900 2400 2937 me
2433 2885 2723 2938 constituo.
2755 2881 2819 2935 Id
2841 2885 2943 2945 est,
2960 2881 3008 2934 si
3038 2877 3522 2934 circumcisionem

1921 2992 2091 3048 quam
2114 2972 2408 3046 praedicavi
2431 2970 3043 3026 dimittendamiterum
3072 2967 3311 3040 praedico
3329 2966 3521 3021 obser-

262 3058 315 3114 in
335 3059 600 3131 judicium
633 3060 880 3115 illorum.
912 3058 1001 3116 Sic
1022 3060 1195 3114 etiam
1218 3064 1274 3113 et
1302 3058 1384 3114 illi
1413 3074 1541 3113 cum
1570 3057 1838 3129 Apostolo
1861 3060 2161 3120 Ovandam
2199 3080 2340 3130 esse,
2372 3067 2845 3132 transgressorem
2886 3075 2976 3112 me
3007 3058 3169 3121 facio,
3205 3062 3323 3111 tam
3372 3055 3514 3127 legis

260 3147 488 3205 fecerunt
509 3166 729 3221 pacem,
761 3154 824 3204 ut
866 3148 960 3203 ille
1010 3152 1069 3203 et
1125 3147 1412 3202 Barnabas
1448 3146 1599 3201 inter
1639 3151 1836 3217 gentes

262 3238 627 3306 praedicarent,
654 3238 765 3310 ipsi
795 3243 985 3293 autem
1009 3237 1159 3291 inter
1176 3237 1416 3292 Judaeos.

327 3328 551 3382 Tantum
571 3326 843 3383 subaudis
864 3331 1249 3398 praeceperunt
1267 3324 1517 3392 nobis,ut
1525 3340 1841 3394 pauperum

261 3413 463 3470 illorum
487 3431 752 3471 memores
782 3430 1035 3480 essemus,
1069 3414 1164 3486 qui
1186 3419 1415 3485 propter
1435 3414 1721 3468 Christum
1738 3428 1842 3468 sua

261 3503 604 3576 reliquerant,
634 3504 725 3559 vel
764 3503 859 3574 qui
908 3503 1133 3576 spoliati
1176 3503 1403 3567 fuerant
1447 3519 1480 3556 a
1517 3502 1742 3568 Judaeis,
1775 3506 1841 3557 ut

260 3590 574 3649 Nicodemus
597 3598 657 3649 et
685 3593 801 3647 alii.
834 3592 993 3657 Quod
1019 3592 1190 3646 etiam
1229 3591 1502 3646 sollicitus
1518 3591 1598 3645 fui
1627 3592 1733 3645 hoc
1750 3590 1838 3662 ip-

260 3695 371 3735 sum
395 3681 572 3738 facere
604 3682 842 3737 mittens
862 3681 941 3736 eis
971 3697 1094 3752 quae
1126 3681 1443 3735 necessaria
1459 3685 1640 3747 erant,
1655 3696 1689 3734 a
1706 3694 1841 3750 gen-

260 3767 393 3824 tibus
412 3770 673 3825 ﬁdelibus
698 3770 1035 3826 munuscula
1059 3770 1355 3841 accipiens.

321 3858 448 3913 Cum
465 3865 654 3915 autem
674 3863 902 3915 venisset
919 3861 1118 3929 Cephas
1139 3862 1507 3922 Antiochiam,
1533 3862 1594 3914 in
1614 3860 1833 3928 faciem,

257 3944 305 4000 id
333 3953 413 4002 est
448 3949 827 4020 praesentiam,
879 3951 1062 4004 restiti
1107 3952 1177 4017 ei,
1217 3953 1352 4018 quia
1393 3940 1839 4019 reprehensibilis

261 4041 385 4102 erat,
413 4037 469 4091 id
498 4043 586 4093 est
613 4037 1054 4109 reprehensione
1082 4038 1308 4109 dignus.

322 4127 477 4181 Prius
500 4129 657 4182 enim
686 4142 857 4195 quam
883 4129 1133 4181 uenirent
1162 4128 1412 4195 quidam,
1436 4123 1702 4182 subaudis
1739 4125 1840 4180 Ju-

256 4209 502 4282 daorum,
534 4217 606 4269 ab
629 4216 846 4283 Iacobo,
877 4212 935 4269 id
956 4219 1043 4270 est
1061 4214 1130 4269 ab
1162 4214 1582 4288 Hierosolymis,
1608 4215 1705 4270 ubi
1718 4218 1842 4269 erat

254 4299 474 4358 Iacobus
494 4304 841 4359 constitutus
871 4303 1164 4376 episcopus
1195 4305 1553 4360 credentibus
1569 4303 1640 4358 ab
1664 4305 1842 4375 Apos-

1918 3154 2195 3220 Mosaicze,
2226 3167 2397 3222 quam
2425 3148 2733 3220 Evangelii,
2759 3147 2891 3219 quia
2927 3147 2974 3201 si
3002 3145 3352 3202 circumcisio
3370 3148 3525 3216 pote-

1920 3246 2011 3295 rat
2021 3240 2351 3311 justiﬁcare,
2383 3239 2498 3293 imo
2519 3237 2667 3309 quod
2688 3237 2842 3290 illam
2864 3235 3113 3291 destruxi
3140 3240 3525 3305 transgressor

1923 3329 2140 3385 exstiti:
2173 3334 2231 3384 et
2253 3329 2300 3382 si
2330 3332 2628 3399 postquam
2649 3325 2775 3380 veni
2804 3325 2876 3379 ad
2900 3323 3288 3394 Evangelium,
3312 3322 3518 3378 iterum

1920 3418 2063 3473 redii
2092 3418 2164 3472 ad
2202 3416 2487 3473 carnalem
2514 3415 2716 3485 legem,
2741 3412 3002 3469 similiter
3020 3412 3416 3484 praevaricator
3435 3427 3526 3466 ex-

1923 3507 2059 3561 stiti.
2089 3506 2161 3561 Et
2191 3506 2501 3561 notandum
2533 3504 2667 3575 quia
2695 3507 2893 3557 contra
2917 3502 3148 3556 Petrum
3185 3499 3294 3553 ista
3325 3500 3525 3571 loque-

1920 3596 2107 3664 batur,
2141 3596 2237 3667 qui
2273 3592 2507 3665 cogebat
2524 3598 2723 3663 gentes
2762 3589 3163 3647 circumcidere
3188 3604 3302 3642 non
3330 3587 3520 3657 verbo,

1922 3685 2021 3742 sed
2051 3701 2239 3756 opere,
2263 3681 2644 3738 subtrahendo
2665 3697 2726 3735 se
2755 3679 2825 3734 ab
2853 3678 2984 3743 illis,
3019 3693 3147 3732 cum
3177 3682 3234 3731 et
3260 3676 3381 3748 ipse
3411 3677 3523 3731 cir-

1922 3772 2319 3829 cumcisionem
2347 3769 2746 3843 praedicaverat
2767 3785 2881 3823 non
2907 3766 3338 3822 observandam.

1992 3862 2102 3929 Ego
2126 3864 2276 3914 enim
2301 3876 2401 3928 per
2432 3862 2617 3927 legem,
2645 3855 2915 3911 subaudis
2932 3854 3242 3925 Evangelii,
3268 3861 3523 3911 mortuus

1921 3966 2047 4006 sum
2076 3951 2184 4017 legi
2207 3948 2411 4020 Moysi,
2437 3947 2496 4001 id
2519 3950 2606 4000 est
2632 3945 2774 3998 nihil
2792 3944 2875 3998 illi
2895 3943 3090 4010 debeo,
3117 3944 3250 4015 quia
3266 3959 3380 3998 non
3396 3960 3524 4000 sum

1922 4038 2208 4110 subjectus
2237 4037 2288 4092 ei
2312 4056 2324 4105 ;
2365 4035 2452 4090 vel
2478 4051 2579 4106 per
2607 4034 2799 4110 legem
2817 4032 3149 4104 spiritaliter
3176 4032 3522 4088 intellectam

1924 4132 2182 4183 mortuus
2204 4142 2328 4180 sum
2355 4124 2469 4195 legi
2488 4122 2721 4190 carnali,
2754 4107 2886 4195 quia
2906 4122 3210 4177 carnaliter
3227 4122 3382 4177 illam
3410 4138 3526 4178 non

1923 4216 2174 4272 observo.
2212 4215 2273 4270 Ut
2303 4216 2408 4269 Deo
2435 4216 2618 4268 vivam
2650 4229 2749 4284 per
2775 4212 2945 4267 ﬁdem
2980 4216 3036 4266 et
3060 4212 3372 4283 justitiam.

1995 4306 2212 4363 Christo
2239 4306 2485 4372 conﬁsus
2505 4318 2631 4357 sum
2660 4305 2836 4369 cruci,
2865 4301 2924 4355 id
2947 4306 3033 4356 est
3052 4303 3303 4357 conﬁxus
3328 4316 3454 4355 sum
3466 4299 3527 4355 in

254 4390 385 4458 tolis,
415 4409 541 4448 cum
569 4394 823 4462 gentibus
856 4394 1042 4447 edebat
1066 4411 1083 4446 :
1126 4409 1250 4447 cum
1301 4399 1491 4447 autem
1542 4394 1835 4461 venissent,
1856 4371 2085 4450 Dcruce
2115 4371 2346 4457 Christi,
2370 4392 2500 4464 quia
2526 4395 2756 4464 peccata
2774 4406 2900 4446 mea
2914 4390 2973 4446 in
2994 4406 3160 4446 cruce
3184 4390 3336 4446 illius
3362 4389 3531 4445 afﬁxa

258 4480 598 4536 subtrahe/tat
624 4498 677 4536 se
710 4485 759 4534 et
788 4483 1118 4550 segregabat,
1151 4482 1349 4536 timens
1387 4497 1470 4536 eos
1499 4483 1600 4549 qui
1627 4496 1691 4534 ea:
1727 4484 1841 4535 cir-
1923 4489 2073 4550 sunt,
2106 4482 2165 4537 id
2196 4487 2282 4537 est
2310 4481 2496 4537 deleta
2520 4486 2577 4536 et
2598 4481 2954 4536 mortiﬁcata.

260 4572 573 4625 cumcisione
592 4575 778 4637 erant,
802 4569 907 4624 hoc
928 4574 1016 4624 est
1039 4569 1248 4625 timens
1267 4569 1601 4642 reprehendi
1622 4568 1692 4623 ab
1708 4569 1841 4627 illis.
2009 4574 2132 4628 Vivo
2162 4576 2349 4626 autem
2364 4574 2492 4641 jam
2519 4587 2629 4625 non
2641 4587 2751 4639 ego.
2778 4569 3020 4624 Vivebat
3033 4569 3241 4640 quiden
3261 4566 3527 4624 substan-

321 4658 421 4715 Sed
441 4676 569 4714 cum
599 4661 856 4714 vidissem
882 4661 1027 4729 quod
1048 4675 1159 4714 non
1175 4665 1314 4714 recte
1339 4658 1845 4717 ambularent.Non
1925 4661 2157 4727 tialiter,
2186 4660 2284 4715 sed
2319 4676 2432 4714 non
2460 4658 2679 4714 vivebat
2694 4659 2752 4713 in
2773 4657 2870 4712 illo
2902 4658 3137 4723 malitia,
3171 4658 3267 4711 sed
3283 4656 3525 4726 justitia.

262 4750 399 4799 recte
422 4746 812 4815 ambulabant,
860 4747 956 4818 qui
996 4747 1370 4819 segregabant
1406 4765 1465 4803 se
1504 4765 1538 4803 a
1580 4749 1843 4820 gentibus
1928 4738 2247 4807 Esktinctus
2269 4754 2326 4804 et
2353 4752 2611 4804 mortuus
2639 4746 2839 4802 eratin
2870 4747 2965 4800 illo
2996 4744 3531 4816 saevissimusperse-

264 4836 405 4904 quasi
431 4836 761 4900 immundis,
785 4854 850 4891 eo
887 4837 1035 4909 quod
1063 4854 1176 4892 non
1207 4843 1398 4894 essent
1437 4839 1769 4894 circumcisi.
1932 4846 2114 4907 cutor,
2147 4844 2205 4893 et
2234 4839 2455 4893 vivebat
2482 4838 2541 4892 in
2569 4837 2668 4892 illo
2697 4835 2981 4907 piissimus
3012 4835 3361 4906 praedicator.
3394 4837 3531 4890 Vivit

328 4926 449 4979 Dixi
479 4927 666 4995 Cephz
692 4941 879 4981 coram
908 4927 1181 4981 omnibus.
1215 4927 1346 4982 Ideo
1376 4927 1593 4998 publice
1623 4946 1752 4984 eum
1767 4945 1851 4984 rc-
1932 4946 2077 4991 vero,
2116 4929 2230 4982 sive
2262 4932 2461 4999 regnat
2488 4930 2551 4981 in
2581 4942 2665 4981 me
2692 4926 2939 4982 Christus
2970 4941 3073 4996 per
3119 4924 3290 4979 ﬁdem
3335 4928 3393 4979 et
3432 4940 3535 4997 per

270 5008 499 5083 darguit,
518 5014 670 5086 quia
699 5014 818 5086 ipse
850 5013 1069 5086 publice
1101 5015 1365 5086 peccavit,
1409 5022 1472 5070 ut
1501 5022 1558 5072 et
1589 5018 1709 5088 ejus
1735 5034 1854 5072 cor-
1936 5034 2131 5073 omnes
2151 5015 2406 5071 virtutes.

268 5102 506 5171 reptione
523 5104 713 5159 caeteri
731 5103 1229 5159 corroborarentur
1249 5105 1305 5160 in
1324 5105 1686 5160 ﬁde.Publica
1704 5107 1855 5162 enim
2012 5106 2133 5161 Non
2159 5107 2359 5177 abjicio
2383 5106 2632 5173 gratiam
2661 5102 2842 5170 Dei,id
2868 5107 2955 5159 est
2983 5119 3097 5160 non
3120 5104 3334 5177 repello
3363 5104 3538 5162 ﬁdem

269 5190 420 5260 culpa
442 5193 672 5263 publica
705 5197 834 5264 eget
856 5192 1228 5264 castigatione
1257 5210 1444 5249 coram
1482 5196 1763 5263 omnibus,
1793 5200 1859 5251 ut
1942 5194 2175 5259 Christi,
2207 5193 2576 5265 Evangelium
2604 5199 2663 5248 et
2691 5192 3080 5249 remissionem
3138 5200 3534 5266 peccatorum:

272 5276 325 5332 in
361 5281 668 5337 canonibus
717 5282 973 5338 habetur.
1012 5284 1286 5351 Quomodo
1331 5288 1511 5351 gentes
1557 5288 1700 5353 cogis
1751 5288 1857 5354 ju-
1942 5300 2065 5357 quae
2093 5284 2284 5338 omnia
2311 5283 2472 5338 nobis
2498 5283 2678 5354 gratis
2708 5283 2842 5337 data
2870 5288 3021 5338 sunt.
3051 5282 3116 5340 Si
3143 5286 3295 5339 enim
3318 5300 3421 5354 per
3465 5286 3545 5338 le-

277 5366 489 5424 daizare
511 5376 536 5423 ?
569 5371 698 5425 Non
746 5370 981 5442 cogebat
1014 5387 1109 5426 eos
1144 5370 1469 5426 circumcidi
1509 5371 1709 5438 verbis,
1761 5372 1859 5428 sed
1942 5390 2062 5443 gem
2083 5373 2400 5443 justitia,id
2420 5378 2506 5428 est
2525 5373 2573 5428 si
2602 5374 2688 5428 lex
2708 5378 2932 5445 poterat
2951 5370 3547 5443 justiﬁcare,0hristus

275 5457 547 5527 operibus,
575 5475 679 5531 per
704 5460 809 5515 hoc
841 5460 989 5531 quod
1010 5477 1071 5515 se
1092 5458 1162 5515 ab
1183 5460 1295 5515 illis
1319 5459 1670 5531 segregabat.
1696 5464 1861 5517 Pote—
1944 5464 2062 5516 sine
2090 5476 2261 5517 causa
2291 5469 2547 5521 mortuus
2576 5468 2672 5533 est,
2707 5468 2765 5519 et
2784 5462 2906 5534 ejus
2947 5462 3134 5535 passio
3170 5478 3275 5520 nec
3308 5459 3544 5533 profuit,

280 5551 403 5627 rant
428 5546 579 5602 enim
595 5547 835 5621 gentiles
881 5548 1097 5606 dicere:
1154 5548 1217 5606 Si
1265 5563 1514 5605 essemus
1562 5548 1761 5606 salvati
1809 5555 1867 5607 et
1946 5567 2051 5608 nec
2076 5550 2269 5613 obfuit.
3568 5549 3578 5555 ⁷
