3966 6156
529 243 632 301 679
972 237 1351 297 HAYMONIS
1395 236 1886 294 HALBERSTAT.
1922 235 2095 295 EPISt

2184 237 2343 295 OPP.
2369 238 2555 297 PARS
2583 240 2628 297 Ι.
2664 271 2729 282 -
2761 240 3139 304 ΟΟΜΜΕΝΤ.
3177 246 3364 309 BIBL.
3649 254 3732 313 680

1133 367 1365 424 CAPUT
1407 364 1507 420 III.
2131 369 2181 426 Α
2201 365 2344 419 dicto
2368 371 2518 428 sunt,
2552 366 2609 421 id
2627 372 2713 423 est
2732 367 2829 439 qui
2852 386 2952 441 per
2968 371 3147 442 legem
3166 377 3367 444 putant
3389 391 3444 430 se
3465 376 3733 447 justiﬁcari,

602 464 643 520 0
672 465 941 517 insensati
964 463 1183 518 Galatae.
1218 457 1586 527 Unaquaeque
1604 470 1744 525 gens
1778 470 1937 509 suam
1992 470 2125 526 pro-
2208 452 2310 507 sub
2334 454 2727 511 maledictione
2749 458 2890 528 legis
2911 465 3062 525 sunt,
3098 462 3229 532 quia
3275 480 3385 518 non
3405 471 3615 536 possunt
3638 484 3734 523 om.

526 553 825 625 prietatem
863 552 923 605 in
951 547 1371 605 conversatione
1401 550 1456 598 et
1482 542 1733 597 moribus
1769 543 2126 598 habet.Unde
2206 542 2300 596 nia
2323 543 2556 614 implere
2578 562 2701 616 qua:
2725 546 2801 600 ibi
2829 550 3206 605 continentur.
3262 554 3417 608 Unde
3460 556 3632 610 Petrus
3659 558 3737 611 Ju.

528 642 742 698 Galatis
764 640 1050 713 proprium
1077 643 1163 692 est
1183 642 1263 700 ut,
1290 634 1419 687 licet
1440 633 1650 687 feroces
1672 633 1803 702 sint,
1820 633 1933 686 sint
1951 633 2124 687 etiam
2204 631 2338 686 daeis
2362 646 2373 681 :
2398 634 2529 699 Cur,
2564 635 2765 706 inquit,
2800 638 3030 693 tentatis
3062 640 3349 711 imponere
3379 643 3528 698 nobis
3556 646 3735 715 jugum,

525 730 713 787 stolidi
737 730 849 784 sive
870 728 1047 790 stulti,
1070 726 1344 796 facileque
1369 722 1662 776 transferri
1684 722 1901 791 possint
1921 722 1988 775 de
2010 739 2123 776 una
2205 721 2354 791 quod
2385 739 2566 794 neque
2596 740 2915 796 nos,neque
2944 732 3132 798 patres
3164 731 3339 785 nostri
3370 738 3577 802 portare
3594 735 3740 804 potui.

521 839 584 877 re
618 822 687 874 ad
720 819 913 874 aliam:
944 820 1068 886 quis
1087 833 1174 870 vos
1213 816 1510 882 fascinauit
1533 811 1631 864 ?id
1670 815 1756 864 est
1801 811 1924 882 quis
1969 811 2121 866 vobis
2203 825 2349 863 mus.
2383 810 2497 866 Sub
2519 829 2627 882 quo
2648 814 2944 869 maledicto
2974 817 3148 871 sunt?
3177 819 3281 873 sub
3308 819 3404 873 illo
3432 821 3738 875 :Maledictus

521 910 731 975 nocuit,
765 908 850 961 vel
875 907 971 977 qui
991 922 1086 959 vos
1118 903 1370 973 decepit?
1399 900 1967 954 Fascinaridicuntur
1988 918 2121 971 pue-
2200 903 2400 963 omnis,
2426 905 2483 954 et
2510 907 2730 956 caetera.
2764 904 2875 958 Lex
2918 910 3107 960 autem
3140 923 3251 961 non
3278 914 3364 962 est
3392 925 3454 963 ex
3493 910 3606 975 ﬁde,
3632 911 3742 965 ﬁdes

520 1001 589 1066 ri,
630 1004 687 1053 et
705 1012 877 1069 parva
905 994 1193 1057 animalia,
1219 992 1469 1063 pullique
1486 990 1692 1055 avium,
1718 990 2011 1044 hominum
2043 991 2117 1044 vi-
2200 993 2285 1041 est
2316 1004 2382 1042 ea
2411 990 2637 1044 credere
2670 996 2725 1045 et
2753 1008 2979 1063 sperare
3004 1012 3127 1065 quae
3156 1013 3269 1050 non
3287 997 3537 1052 videntur
3556 1016 3568 1066 ;
3590 998 3664 1052 lex
3680 1015 3743 1053 er-

521 1104 587 1142 su
612 1092 667 1141 et
698 1085 1095 1140 incantatione.
1129 1082 1269 1138 Ante
1294 1096 1535 1149 quorum
1565 1082 1743 1133 oculos
1760 1080 2011 1134 Christus
2027 1082 2115 1133 Je-
2195 1093 2267 1147 go
2306 1094 2418 1131 non
2449 1080 2836 1151 complebatur
2877 1074 3008 1151 ﬁde,
3047 1084 3144 1138 sed
3175 1102 3378 1157 opere:
3430 1087 3744 1158 Evangelium

519 1194 610 1231 sus
636 1179 993 1245 prmseriplus
1018 1177 1113 1233 est,
1138 1174 1199 1224 in
1228 1171 1376 1223 vobis
1396 1169 1867 1235 cruciﬁxusAnte
1887 1169 2113 1223 illorum
2197 1171 2388 1220 autem
2419 1169 2734 1239 completur
2761 1170 2871 1225 ﬁde
2919 1172 3097 1243 magis
3125 1190 3293 1244 quam
3347 1174 3611 1246 operibus,
3638 1175 3741 1246 quia

516 1267 707 1322 oculos
746 1268 869 1319 erat
896 1263 1151 1317 Christus
1189 1261 1350 1313 Jcsus
1399 1257 1692 1312 cruciﬁxus
1730 1259 2107 1329 praescriptus,
2194 1255 2312 1308 sola
2338 1255 2476 1309 ﬁdes
2503 1258 2698 1313 salvat.
2732 1259 3062 1332 Quicunque
3107 1279 3240 1333 ergo
3278 1263 3511 1318 faciebat
3551 1281 3611 1318 ea
3633 1281 3743 1335 pra:-

518 1357 651 1427 quia
671 1354 751 1408 illi
780 1369 892 1407 non
917 1352 1098 1405 solum
1122 1352 1363 1419 quatuor
1381 1346 1554 1401 libros
1605 1346 1887 1417 Evangelii
1936 1347 2108 1402 habe-
2190 1349 2350 1414 cepta
2380 1362 2503 1416 qum
2534 1346 2619 1400 lex
2630 1348 3006 1419 praecipiebat,
3040 1350 3259 1407 vivebat
3284 1353 3341 1407 in
3362 1353 3491 1420 illis,
3512 1353 3744 1425 quialpro-

515 1444 673 1506 bant,
702 1441 799 1496 ubi
826 1439 1011 1511 passio
1059 1437 1267 1492 Christi
1314 1435 1632 1489 continetur
1679 1435 1974 1506 completa,
2010 1437 2121 1491 sed‘
2192 1432 2474 1487 telabatur
2502 1435 2553 1488 ei
2576 1453 2822 1506 praesens
2842 1438 2954 1493 vita
2979 1456 3157 1511 usque
3176 1441 3247 1495 ad
3267 1448 3536 1497 statutum
3563 1443 3745 1496 ﬁnema

517 1533 688 1587 etiam
719 1530 891 1583 libros
913 1527 1131 1582 Veteris
1150 1525 1497 1580 Testamenti
1524 1523 1716 1578 Grmco
1739 1540 1995 1578 sermone
2021 1541 2111 1579 se-
2193 1521 2338 1575 Deo:
2362 1524 2457 1593 qui
2477 1541 2605 1579 vero
2621 1531 3006 1598 transgressor
3021 1535 3142 1583 erat
3154 1531 3743 1601 legisjubebaturinter-

513 1621 759 1677 cundum
793 1616 1152 1688 septuaginta
1167 1616 1510 1685 Interpretes
1526 1611 1889 1676 habebant,in
1910 1600 2122 1684 quibus
2193 1610 2300 1674 ﬁci,
2323 1612 2541 1667 dicente
2562 1615 2687 1685 lege
2714 1633 2724 1668 :
2750 1616 2856 1679 Qui
2873 1617 2977 1671 hoc
2998 1619 3081 1672 vel
3100 1619 3238 1674 illud
3256 1600 3455 1675 fecerit
3473 1620 3735 1675 occidatur.

511 1707 988 1784 pronuntiabatur
1015 1710 1072 1759 et
1118 1702 1525 1775 praedicabatur
1562 1703 1748 1772 passio
1789 1701 2021 1769 Christi,
2051 1704 2106 1758 in
2125 1719 2171 1778 Β
2263 1700 2512 1755 Christus
2543 1720 2638 1757 nos
2667 1706 2898 1759 redemit
2936 1707 2999 1760 de
3044 1710 3333 1763 maledicto
3373 1713 3522 1778 legis.
3554 1710 3625 1763 De
3657 1724 3744 1780 quo

511 1798 713 1871 quibus
744 1796 903 1867 quasi
926 1798 1055 1849 ante
1077 1793 1265 1847 oculos
1293 1792 1543 1863 ipsorum
1567 1795 1689 1845 erat
1711 1790 1968 1846 Christus
1984 1809 2107 1847 cru-
2187 1788 2482 1845 maledicto
2503 1791 2529 1845 7
2546 1792 2615 1845 de
2639 1792 2733 1846 illo
2744 1795 2890 1863 quod
2916 1795 3125 1849 dictum
3140 1802 3226 1851 est
3238 1797 3308 1851 ad
3329 1799 3539 1853 Adam:
3566 1800 3744 1866 Inqua-

508 1889 721 1944 Ciﬁxus-
2187 1894 2402 1947 cunque
2429 1883 2516 1935 die
2540 1885 2833 1937 comederis
2859 1901 2924 1938 ea:
2951 1891 3216 1952 eo,morte
3238 1891 3494 1942 morieris
3515 1888 3647 1953 (Gen.
3674 1886 3743 1957 ιι).

578 1978 668 2032 Sic
695 1977 856 2029 stulti
883 1976 1027 2039 estis,
1063 1978 1125 2026 ut
1148 1987 1275 2025 cum
1294 1973 1499 2038 spiritu
1519 1971 1969 2037 caperitis,nunc
1988 1987 2107 2025 car-
2187 1967 2268 2020 De
2298 1968 2402 2022 hoc
2430 1970 2742 2034 maledicto,
2778 1972 2833 2025 id
2855 1979 2939 2027 est
2967 1974 3035 2028 de
3064 1974 3170 2029 hac
3190 1981 3369 2030 morte
3389 1975 3619 2031 redemit
3642 1990 3738 2038 nos,

507 2085 577 2123 ne
607 2065 1088 2122 consummemini.
1127 2060 1192 2115 Id
1215 2066 1301 2113 est
1331 2076 1456 2113 cum
1471 2059 2105 2132 spiritualitercoepisse-
2186 2058 2494 2112 revocando
2514 2059 2580 2111 ad
2600 2059 2801 2114 vitam:
2836 2062 2969 2132 quia
2997 2068 3175 2118 morte
3203 2080 3306 2119 sua
3326 2065 3531 2138 simpla
3551 2063 3744 2134 duplam

503 2158 578 2216 tis
607 2152 943 2217 conversari,
966 2151 1052 2204 vel
1075 2167 1200 2204 cum
1224 2166 1325 2220 per
1348 2148 1618 2219 Spiritum
1640 2153 1893 2203 sanctum
1911 2150 2106 2221 cepis-
2185 2150 2436 2200 nostram
2464 2148 2768 2203 destruxit:
2814 2156 2871 2205 et
2892 2152 3212 2221 quomodo?
3250 2155 3437 2221 factus
3480 2170 3579 2222 pro
3616 2153 3742 2206 nobis

505 2246 641 2302 setis
670 2244 826 2315 loqui
854 2241 1023 2295 variis
1052 2238 1281 2309 linguis.
1302 2254 1451 2291 nunc
1479 2237 1690 2291 carnali
1710 2237 2098 2293 observatione
2186 2236 2562 2290 maledictum.
2596 2237 2720 2291 Non
2750 2244 2836 2293 est
2877 2240 2996 2311 ipse
3037 2240 3218 2295 factus
3249 2242 3595 2308 maledictus,
3623 2240 3741 2295 sicut

503 2334 793 2394 deﬁciatis,
833 2323 1465 2403 postponentes'omnia
1492 2325 1788 2397 spiritalia,
1824 2332 1881 2380 et
1916 2332 2103 2383 trans-
2184 2320 2383 2378 beatus
2411 2324 2741 2380 Ambrosius
2779 2328 2932 2399 dicit,
2965 2334 3030 2383 ut
3078 2336 3369 2401 peccatum
3407 2327 3742 2393 haberet,sed

504 2430 701 2479 euntes
730 2422 801 2477 ad
831 2419 1085 2474 carnales
1106 2415 1539 2478 observationes,
1565 2415 1621 2468 id
1649 2420 1734 2468 est
1762 2416 1832 2469 ad
1863 2417 2102 2471 circum-
2183 2412 2364 2467 factus
2384 2418 2470 2468 est
2496 2415 2875 2483 maledictum,
2909 2418 2966 2472 id
2994 2423 3079 2472 est
3106 2420 3289 2474 hostia
3318 2437 3422 2491 pro
3469 2415 3741 2474 maledictis

500 2514 716 2569 sionem
740 2509 945 2576 carnis,
976 2513 1034 2561 et
1069 2506 1139 2560 ad
1174 2504 1379 2574 legalia
1431 2502 1720 2557 sacriﬁcia.
1768 2505 1946 2559 Aliter
1978 2524 1989 2559 :
2040 2506 2100 2562 in
2183 2506 2237 2555 et
2257 2503 2940 2579 peccatoribus,pronobis
2958 2507 3336 2579 videlicet,qui
3356 2508 3464 2563 sub
3486 2506 3741 2563 maledicto

498 2588 810 2676 primordio
839 2598 992 2666 ﬁdei,
1018 2612 1212 2650 omnes
1242 2593 1532 2647 credentes
1560 2593 1618 2647 in
1642 2593 1926 2647 Christum
1952 2594 2097 2650 acci-
2178 2590 2346 2661 primi
2366 2592 2610 2647 hominis
2622 2594 2790 2648 etsub
2811 2601 2993 2650 morte
3005 2597 3488 2665 tenebamur.Vel,
3507 2597 3740 2653 utbeatus

498 2692 729 2765 piebant
759 2687 1030 2759 Spiritum
1058 2689 1334 2749 sanctum,
1362 2682 1506 2736 sicut
1536 2681 1723 2747 modo,
1758 2687 1813 2736 et
1866 2683 2098 2755 insuper
2177 2681 2527 2750 Augustinus
2549 2682 2684 2737 dicit
2704 2701 2715 2736 :
2735 2684 2936 2739 Factus
2963 2690 3049 2739 est
3068 2686 3474 2751 maledictio,id
3491 2692 3575 2741 est
3590 2686 3740 2739 factus

498 2778 846 2852 accipiebant
866 2775 1249 2830 diversitatem
1278 2772 1597 2842 linguarum
1627 2787 1727 2842 per
1746 2772 1891 2842 quod
1905 2778 2095 2828 osten-
2179 2772 2265 2821 est
2292 2771 2565 2838 mortalis,
2597 2772 2743 2827 sicut
2772 2778 2829 2827 et
2859 2790 2980 2841 nos,
3011 2774 3144 2829 licet
3174 2775 3295 2829 sine
3328 2781 3558 2847 peccato
3596 2774 3735 2829 esset.

497 2872 738 2927 debatur
768 2884 863 2922 eos
894 2864 1100 2920 habere
1130 2861 1400 2933 Spiritum
1435 2866 1711 2915 sanctum.
1742 2860 1898 2924 Quod
1942 2863 2094 2917 nullo
2251 2858 2392 2923 Quia
2408 2862 2677 2928 scriptum
2707 2866 2781 2915 est
2806 2864 3159 2917 ;Malcdictus
3180 2868 3362 2918 omnis
3381 2868 3482 2932 qui
3497 2863 3675 2932 pendet
3690 2861 3741 2912 in

450 2956 453 2959 ,
500 2959 755 3030 exemplo
778 2955 977 3010 melius
1002 2951 1450 3058 probari-potest
1497 2966 1665 3058 quam
1714 2949 1810 3003 illo
1850 2952 1998 3058 quod
2035 2952 2093 3006 in
2110 2998 2153 3058 Ο
2176 2946 2609 3058 1lligr‘zoa..l‘iuticus
2636 2949 2740 3048 h'oc
2762 2949 2928 3003 modo
2955 2951 3355 3058 exponit‘hunc
3385 2951 3734 3006 versiculum:

494 3047 725 3104 Actibus
764 3043 1144 3115 apostolorum
1195 3038 1437 3093 dicitur:
1492 3037 1641 3109 quod
1688 3054 1816 3092 cum
1866 3032 2503 3095 dixissetuMaledictus
2532 3037 2714 3091 omnis
2750 3054 2957 3093 nocens
2992 3039 3088 3110 qui
3117 3040 3282 3111 culpa
3320 3057 3424 3095 sua
3453 3047 3513 3096 et
3546 3042 3741 3112 peccato

491 3136 700 3192 Paulus
731 3131 1065 3204 quibusdam
1096 3127 1409 3199 baptizatis,
1444 3126 1539 3197 qui
1563 3126 1827 3197 baptizati
1860 3129 2093 3182 erantin
2175 3137 2275 3175 suo
2305 3122 2511 3193 pendet
2530 3124 2588 3179 in
2610 3125 2761 3195 ligno
2788 3146 2800 3195 ;
2829 3127 2925 3198 qui
2951 3144 3079 3183 vero
3095 3128 3365 3184 innocens
3383 3130 3544 3195 est,si
3561 3130 3740 3199 injuste

489 3224 722 3281 Joannis
749 3221 1106 3292 baptismate,
1139 3218 1186 3272 si
1216 3217 1487 3288 Spiritum
1510 3221 1769 3270 sanctum
1798 3217 2089 3288 accepistis
2177 3228 2482 3282 suspensus
2513 3214 2702 3281 fuerit,
2732 3232 2845 3270 non
2874 3216 3000 3271 ideo
3021 3218 3356 3273 maledictus
3384 3217 3655 3284 erit.Quid
3671 3232 3740 3270 er-

487 3312 819 3372 credentes?
874 3309 1318 3381 responderunt:
1366 3305 1473 3360 Sed
1514 3322 1695 3375 neque
1743 3305 1791 3359 si
1846 3306 2086 3376 Spiritus
2167 3315 2239 3369 g0
2266 3301 2313 3354 si
2342 3302 2720 3358 Mardochaeus
2743 3303 3073 3359 innocenter
3100 3322 3404 3379 suspensus
3426 3314 3575 3363 esset
3615 3307 3665 3359 in
3689 3304 3740 3358 li-

488 3409 715 3460 sanctus
736 3406 822 3457 est
844 3400 901 3454 in
925 3398 1085 3453 nobis
1117 3395 1450 3461 audivimus,
1488 3394 1620 3463 quia
1646 3410 1758 3447 non
1788 3411 2086 3464 possumus
2165 3405 2296 3457 gno,
2333 3391 2481 3460 quod
2510 3391 2561 3445 ei
2589 3393 2773 3447 Aman
2802 3400 3116 3464 paraverat,
3158 3397 3415 3467 nunquid
3437 3395 3737 3451 maledictus

486 3492 745 3549 omnibus
766 3486 972 3559 linguis
1002 3484 1172 3556 loqui.
1208 3481 1277 3536 Et
1304 3498 1429 3536 cum
1456 3480 1894 3551 baptizasseteos
1911 3481 1968 3536 in
1988 3499 2086 3538 no-
2165 3483 2315 3531 esset
2354 3478 2511 3533 ideo?
2532 3480 2776 3537 minime.
2808 3482 2897 3537 Ita
2922 3484 3199 3552 Christus,
3223 3485 3353 3540 licet
3403 3486 3737 3541 maledictum

483 3585 636 3638 mine
651 3582 804 3645 Jesu,
830 3580 1121 3648 cmperunt
1141 3570 1295 3642 loqui
1325 3569 1492 3624 variis
1520 3569 1747 3639 linguis,
1765 3575 1822 3622 et
1850 3569 1944 3623 isti
1969 3571 2082 3625 Ga—
2162 3565 2302 3621 illud
2331 3569 2650 3639 sustineret,
2685 3570 2741 3625 id
2766 3576 2852 3626 est
2882 3572 3197 3644 passionem
3248 3580 3306 3630 et
3341 3576 3664 3637 cruciatum,
3690 3576 3737 3638 et

483 3674 611 3728 latae
648 3686 762 3726 non
791 3669 1133 3737 acceperunt
1159 3661 1431 3731 Spiritum
1448 3663 1704 3712 sanctum
1726 3663 1782 3712 et
1798 3657 2084 3714 diversita-
2163 3660 2391 3725 peccata
2417 3663 2611 3712 nostra
2640 3667 2971 3729 assumeret,
3005 3667 3194 3717 tamen
3218 3680 3332 3719 non
3360 3665 3485 3719 ideo
3513 3664 3618 3719 fuit
3638 3676 3737 3716 ma-

479 3768 595 3818 tem
619 3761 939 3830 linguarum
967 3771 1033 3807 ex
1059 3750 1319 3821 operibus
1338 3747 1474 3817 legis
1511 3766 1521 3799 :
1548 3748 1646 3801 sed
1677 3748 1811 3817 quia
1837 3749 2083 3804 credide-
2162 3744 2398 3801 ledictus
2426 3764 2609 3818 neque
2637 3754 2913 3819 peccator,
2944 3752 3075 3822 quia
3094 3752 3173 3807 sic
3200 3753 3547 3826 accepitipse
3565 3766 3737 3825 ρεεαι.

477 3857 614 3907 runt
640 3851 701 3904 in
729 3847 1035 3903 Christum,
1071 3838 1360 3893 audientes
1384 3835 1453 3889 ab
1480 3837 1746 3907 Apostolo
1776 3837 1943 3892 ﬁdem
1969 3838 2076 3893 Do-
2160 3837 2220 3887 ta
2241 3841 2451 3903 nostra,
2482 3853 2595 3891 non
2620 3842 2683 3891 ut
2713 3838 2961 3906 haberet,
2994 3840 3090 3895 sed
3112 3846 3175 3895 ut
3203 3841 3434 3897 deleret.
3464 3843 3564 3898 Vel
3583 3841 3734 3897 etiam

477 3939 617 3997 mini
638 3931 947 4009 przedicari.
994 3930 1076 3983 Ea:
1124 3926 1327 3980 auditu
1363 3926 1492 3992 ﬁdei
1529 3924 1680 3993 dicit,
1732 3925 1862 3997 quia
1916 3926 2076 3980 audit
2158 3930 2428 3994 quantum
2450 3924 2657 3980 Judzeis
2686 3927 2996 3996 videbatur,
3030 3930 3363 3986 maledictus
3400 3938 3542 4000 erat,
3570 3931 3627 3985 id
3660 3932 3735 3983 est

474 4030 646 4084 homo
676 4022 809 4096 quid
838 4018 1065 4075 credere
1092 4014 1313 4082 debeat,
1347 4018 1403 4068 et
1425 4013 1809 4084 interrogatur
1837 4015 1909 4069 ad
1944 4014 2071 4071 fon-
2154 4018 2427 4084 peccator.

475 4123 590 4172 tem
618 4110 897 4185 quomodo
917 4107 1128 4170 credat,
1166 4109 1222 4158 et
1252 4103 1330 4158 sic
1352 4102 1688 4173 baptizatur.
2223 4103 2462 4172 Fratres,
2478 4105 2777 4161 secundum
2798 4107 3077 4163 hominem
3102 4110 3240 4173 dico,
3262 4109 3321 4164 id
3338 4116 3425 4166 est
3442 4110 3731 4167 secundum

552 4205 728 4256 Tanta
754 4200 907 4267 passi
927 4198 1051 4250 estis
1089 4197 1208 4247 sine
1256 4208 1422 4245 causa
1450 4198 1473 4244 ?
1515 4190 1694 4245 Multa
1734 4192 1885 4246 mala
1920 4193 2071 4264 passi
2152 4191 2457 4249 humanam
2489 4196 2977 4266 consuetudinem,
3007 4203 3064 4252 et
3087 4200 3394 4254 secundum
3443 4202 3733 4256 humanam

474 4291 698 4347 fuerant
714 4304 749 4341 a
769 4284 975 4341 Judaeis
1003 4288 1107 4380 eta
1127 4278 1579 4380 persecutoribus
1601 4295 1702 4350 pro
1715 4280 1832 4380 ﬁde
1840 4280 2069 4380 Christi,
2085 4321 2134 4380 D
2150 4281 2351 4353 legem,
2398 4289 2580 4338 tamen
2616 4286 2859 4340 hominis
2909 4290 3302 4355 conﬁrmatum
3359 4295 3731 4346 testamentum

474 4397 540 4435 eo
556 4376 705 4449 quod
735 4375 1001 4431 nolebant
1023 4368 1501 4426 circumcisionem
1530 4385 1766 4424 servare.
1793 4369 1856 4425 Si
1886 4375 2071 4426 tamen
2087 4368 2130 4380 ”
2153 4387 2310 4425 nemo
2329 4376 2556 4441 spernit.
2589 4374 3012 4430 Testamentum
3039 4376 3247 4431 dicitur
3265 4394 3301 4431 a
3322 4379 3573 4443 testibus,
3607 4392 3732 4449 quo.

474 4472 593 4523 sine
623 4459 1228 4520 causa.Siafﬁrmativa
1258 4456 1577 4528 conjunctio
1607 4462 1709 4525 est,
1730 4457 1787 4513 id
1816 4464 1902 4514 est
1919 4463 2069 4514 certe
2151 4475 2277 4514 rum
2299 4461 2617 4516 nominaibi
2636 4462 2977 4531 scribuntur,
3009 4469 3065 4519 et
3093 4482 3127 4521 a
3156 4466 3360 4537 quibus
3381 4468 3516 4523 illud
3539 4467 3732 4521 conﬁr-

474 4558 596 4613 sine
624 4570 793 4610 causa
819 4550 1096 4625 patimini,
1133 4548 1182 4602 si
1212 4548 1418 4602 iterum
1457 4548 1528 4601 ad
1566 4547 1876 4603 carnalium
1918 4548 2069 4603 desi-
2151 4552 2340 4602 matur
2367 4553 2790 4616 testamentum,
2820 4551 2907 4606 vel
2926 4553 3138 4621 charta,
3162 4553 3275 4609 sive
3298 4556 3564 4628 scriptum
3588 4551 3730 4626 quod

374 4635 401 4659 ’“
471 4647 628 4703 deria
651 4651 709 4701 et
734 4640 1213 4699 circumcisionem
1238 4636 1570 4692 servandam
1599 4637 1972 4691 revertimini.
2148 4642 2311 4707 pater
2346 4638 2480 4692 facit
2496 4639 2565 4692 de
2592 4639 2710 4694 suis
2738 4639 2905 4695 rebus
2944 4641 3072 4696 ﬁliis
3102 4643 3238 4707 suis,
3272 4644 3409 4715 quid
3449 4644 3732 4715 unusquis-

541 4739 648 4805 Qui
661 4752 785 4803 ergo
807 4733 1003 4787 tribuit
1024 4731 1168 4784 vobis
1188 4730 1474 4797 spiritum,
1500 4725 1767 4780 subaudis
1785 4731 2061 4795 sanctum,
2149 4742 2257 4796 que
2285 4731 2413 4797 post
2441 4732 2678 4783 mortem
2709 4730 2831 4799 ejus
2859 4731 3142 4801 possideat
3165 4731 3233 4786 de
3288 4733 3610 4789 haereditate
3637 4747 3724 4803 pa.

468 4829 518 4882 et
544 4830 805 4894 operatur
832 4826 1064 4876 uirtutes
1088 4822 1150 4873 in
1170 4818 1336 4883 vobis,
1374 4815 1641 4870 subaudis
1664 4816 2063 4872 miraculorum
2142 4818 2326 4867 terna.
2365 4815 2521 4878 Quod
2548 4820 2955 4872 testamentum
2983 4834 3152 4873 nemo
3180 4819 3439 4891 despicit,
3472 4827 3533 4876 ut
3566 4820 3728 4873 aliter

468 4922 525 4971 et
550 4916 893 4984 linguarum.
925 4912 1005 4965 Es:
1034 4910 1285 4977 operibus
1320 4904 1743 4973 legis,subaudis
1769 4903 1875 4959 hoc
1904 4905 2055 4974 facit,
2141 4904 2280 4958 illud
2308 4905 2745 4976 comprehendat
2769 4910 2826 4960 et
2851 4906 3085 4973 dividat,
3111 4924 3294 4980 neque
3315 4910 3482 4964 aliter
3494 4909 3720 4974 ordinat,

466 5020 543 5058 an
571 5019 635 5056 ea;
658 5003 858 5054 auditu
876 5000 1045 5067 ﬁdei?
1070 4991 1367 5050 subaudis:
1391 4994 2057 5066 non'pr0pterobservan-
2139 4993 2247 5047 nisi
2277 4998 2337 5049 ut
2359 4999 2520 5066 pater
2546 4994 2734 5048 vivens
2763 4995 3057 5050 ordinavit.

463 5095 602 5150 tiam
631 5092 771 5162 legis
800 5091 905 5144 hoc
933 5086 1195 5159 prmstitit
1221 5084 1401 5153 nobis,
1451 5082 1551 5139 sed
1582 5089 1809 5156 prOpter
1846 5085 2051 5154 ﬁdem;
2206 5084 2437 5138 Abrahz
2458 5085 2613 5138 diem
2653 5089 2785 5139 sunt
2817 5087 3210 5153 promissiones
3258 5091 3310 5141 et
3347 5087 3546 5143 semini
3588 5087 3718 5155 ejus.

465 5183 597 5256 quia
616 5197 717 5253 per
740 5178 906 5233 ﬁdem
934 5174 1226 5247 justiﬁcati
1250 5173 1534 5244 placemus
1561 5172 1698 5229 Deo.
2137 5170 2286 5227 Dicit
2313 5172 2584 5243 singulari
2614 5168 2869 5243 numero,
2903 5174 3140 5230 Abrahae
3161 5175 3311 5230 dicta
3333 5183 3420 5232 est
3438 5173 3723 5249 promissio

532 5275 718 5339 Igitur
741 5269 840 5336 qui
867 5283 931 5320 ex
970 5266 1073 5333 ﬁde
1119 5268 1252 5317 sunt
1300 5265 1684 5317 benedicentur
1730 5278 1857 5317 cum
1906 5262 2057 5331 ﬁdeli
2136 5266 2194 5315 et
2212 5260 2413 5315 semini
2433 5261 2579 5331 ejus;
2613 5261 2709 5316 sed
2731 5262 2863 5333 quia
2878 5263 3476 5335 multaepromissiones
3500 5264 3712 5319 adeum

458 5361 765 5425 Abraham,
796 5356 855 5410 id
884 5359 971 5409 est
1008 5353 1104 5424 qui
1135 5352 1301 5406 ﬁdem
1321 5351 1558 5408 Abrahae
1587 5351 1796 5407 habent
1822 5351 2053 5407 benedi-
2134 5350 2292 5405 facta:
2321 5356 2471 5417 sunt,
2505 5356 2622 5405 tam
2662 5351 2732 5406 de
2762 5357 2913 5407 terra
2940 5352 3329 5424 promissionis
3354 5370 3518 5427 quam
3549 5351 3714 5407 etiam

460 5452 705 5513 ctionem
732 5444 972 5502 Abrahae
1000 5446 1428 5514 consequentur.
2135 5440 2204 5495 de
2227 5440 2464 5496 Domino
2484 5440 2512 5495 J
2518 5456 2616 5495 esu
2636 5440 3008 5510 Christo,ideo
3023 5441 3718 5514 dixitpluraliterzAbrahJ

526 5542 858 5624 Quicunque
882 5536 1034 5593 enim
1060 5549 1124 5591 ex
1138 5532 1388 5609 operibus
1419 5529 1549 5609 legis
1570 5534 1723 5605 sunt,
1751 5530 1852 5591 sub
1880 5532 2055 5593 male-
2134 5531 2290 5593 dicte
2315 5533 2446 5589 sunt
2470 5533 2861 5609 promissiones
2887 5535 2938 5590 et
2966 5534 3170 5590 semini
3194 5534 3331 5611 ejus.
3349 5532 3638 5625 Videamus
3650 5531 3709 5589 et
