  <div class='ocr_page' id='page_1' title='image "/cluster/home/n/w/nwhite01/storage/ocr_20150623/117/hvd.32044054759816/346.png"; bbox 0 0 1926 3077; ppageno 0'>
   <div class='ocr_carea' id='block_1_1' title="bbox 57 164 96 194">
    <p class='ocr_par' dir='ltr' id='par_1_1' title="bbox 57 164 96 194">
     <span class='ocr_line' id='line_1_1' title="bbox 57 164 96 194; baseline -0.051 0"><span class='ocrx_word' id='word_1_1' title='bbox 57 164 96 194; x_wconf 79' lang='grc'><strong>681</strong></span> 
     </span>
    </p>
   </div>
   <div class='ocr_carea' id='block_1_2' title="bbox 365 154 1317 186">
    <p class='ocr_par' dir='ltr' id='par_1_2' title="bbox 365 154 1317 186">
     <span class='ocr_line' id='line_1_2' title="bbox 365 154 1317 186; baseline -0.001 -1"><span class='ocrx_word' id='word_1_2' title='bbox 365 156 554 185; x_wconf 78' lang='lat' dir='ltr'><strong>EXPOSITIO</strong></span> <span class='ocrx_word' id='word_1_3' title='bbox 571 156 609 184; x_wconf 85' lang='lat' dir='ltr'><strong>IN</strong></span> <span class='ocrx_word' id='word_1_4' title='bbox 626 154 703 186; x_wconf 82' lang='lat' dir='ltr'><strong>EPP.</strong></span> <span class='ocrx_word' id='word_1_5' title='bbox 719 156 748 184; x_wconf 89' lang='lat' dir='ltr'><strong>S.</strong></span> <span class='ocrx_word' id='word_1_6' title='bbox 766 156 883 185; x_wconf 84' lang='lat' dir='ltr'><strong>PAULI.</strong></span> <span class='ocrx_word' id='word_1_7' title='bbox 898 173 930 178; x_wconf 95' lang='lat'><strong><em>—</em></strong></span> <span class='ocrx_word' id='word_1_8' title='bbox 946 157 985 185; x_wconf 87' lang='lat' dir='ltr'>IN</span> <span class='ocrx_word' id='word_1_9' title='bbox 1001 154 1112 185; x_wconf 86' lang='lat' dir='ltr'><strong>EPIST.</strong></span> <span class='ocrx_word' id='word_1_10' title='bbox 1128 155 1176 184; x_wconf 90' lang='lat' dir='ltr'><strong>AD</strong></span> <span class='ocrx_word' id='word_1_11' title='bbox 1191 155 1317 184; x_wconf 88' lang='lat' dir='ltr'><strong>GALAT.</strong></span> 
     </span>
    </p>
   </div>
   <div class='ocr_carea' id='block_1_3' title="bbox 1607 159 1660 189">
    <p class='ocr_par' dir='ltr' id='par_1_3' title="bbox 1607 159 1660 189">
     <span class='ocr_line' id='line_1_3' title="bbox 1607 159 1660 189; baseline -0.019 0"><span class='ocrx_word' id='word_1_12' title='bbox 1607 159 1660 189; x_wconf 77' lang='lat'><strong>682</strong></span> 
     </span>
    </p>
   </div>
   <div class='ocr_carea' id='block_1_4' title="bbox 56 219 1658 257">
    <p class='ocr_par' dir='ltr' id='par_1_4' title="bbox 56 219 1658 257">
     <span class='ocr_line' id='line_1_4' title="bbox 56 219 1658 257; baseline -0.001 -5"><span class='ocrx_word' id='word_1_13' title='bbox 56 225 237 255; x_wconf 80' lang='lat' dir='ltr'><strong>consideremus</strong></span> <span class='ocrx_word' id='word_1_14' title='bbox 258 228 320 256; x_wconf 70' lang='lat' dir='ltr'><strong>quae</strong></span> <span class='ocrx_word' id='word_1_15' title='bbox 334 219 391 246; x_wconf 89' lang='lat' dir='ltr'><strong>sint</strong></span> <span class='ocrx_word' id='word_1_16' title='bbox 406 219 459 246; x_wconf 78' lang='lat' dir='ltr'><strong>illae</strong></span> <span class='ocrx_word' id='word_1_17' title='bbox 484 219 692 254; x_wconf 84' lang='lat' dir='ltr'><strong>promissiones,</strong></span> <span class='ocrx_word' id='word_1_18' title='bbox 704 219 728 246; x_wconf 87' lang='lat' dir='ltr'><strong>si</strong></span> <span class='ocrx_word' id='word_1_19' title='bbox 752 219 967 254; x_wconf 83' lang='lat' dir='ltr'><strong>forteApotest.</strong></span> <span class='ocrx_word' id='word_1_20' title='bbox 992 220 1204 247; x_wconf 75' lang='lat' dir='ltr'><strong>Testamentum</strong></span> <span class='ocrx_word' id='word_1_21' title='bbox 1225 220 1270 247; x_wconf 88' lang='lat' dir='ltr'><strong>hic</strong></span> <span class='ocrx_word' id='word_1_22' title='bbox 1291 220 1414 256; x_wconf 78' lang='lat' dir='ltr'><strong>appellat</strong></span> <span class='ocrx_word' id='word_1_23' title='bbox 1434 222 1658 257; x_wconf 82' lang='lat' dir='ltr'><strong>promissionem,</strong></span> 
     </span>
    </p>
   </div>
   <div class='ocr_carea' id='block_1_5' title="bbox 56 263 823 300">
    <p class='ocr_par' dir='ltr' id='par_1_5' title="bbox 56 263 823 300">
     <span class='ocr_line' id='line_1_5' title="bbox 56 263 823 300; baseline -0.012 -2"><span class='ocrx_word' id='word_1_24' title='bbox 56 269 206 299; x_wconf 79' lang='lat' dir='ltr'><strong>inveniamus</strong></span> <span class='ocrx_word' id='word_1_25' title='bbox 215 265 321 300; x_wconf 89' lang='lat' dir='ltr'><strong>aliquid</strong></span> <span class='ocrx_word' id='word_1_26' title='bbox 336 264 370 291; x_wconf 86' lang='lat' dir='ltr'><strong>de</strong></span> <span class='ocrx_word' id='word_1_27' title='bbox 384 264 463 290; x_wconf 91' lang='lat' dir='ltr'><strong>nobis</strong></span> <span class='ocrx_word' id='word_1_28' title='bbox 472 263 602 298; x_wconf 77' lang='lat' dir='ltr'><strong>gentibus</strong></span> <span class='ocrx_word' id='word_1_29' title='bbox 610 263 634 290; x_wconf 91' lang='lat' dir='ltr'><strong>ei</strong></span> <span class='ocrx_word' id='word_1_30' title='bbox 643 263 823 298; x_wconf 87' lang='lat' dir='ltr'><strong>promissum.</strong></span> 
     </span>
    </p>
   </div>
   <div class='ocr_carea' id='block_1_6' title="bbox 866 263 1663 301">
    <p class='ocr_par' dir='ltr' id='par_1_6' title="bbox 866 263 1663 301">
     <span class='ocr_line' id='line_1_6' title="bbox 866 263 1663 301; baseline 0.005 -11"><span class='ocrx_word' id='word_1_31' title='bbox 866 272 926 298; x_wconf 73' lang='lat' dir='ltr'><strong>qua:</strong></span> <span class='ocrx_word' id='word_1_32' title='bbox 936 264 1007 290; x_wconf 83' lang='lat' dir='ltr'><strong>facta</strong></span> <span class='ocrx_word' id='word_1_33' title='bbox 1022 267 1065 290; x_wconf 89' lang='lat' dir='ltr'><strong>est</strong></span> <span class='ocrx_word' id='word_1_34' title='bbox 1078 264 1113 290; x_wconf 84' lang='lat' dir='ltr'><strong>ad</strong></span> <span class='ocrx_word' id='word_1_35' title='bbox 1121 263 1272 297; x_wconf 78' lang='lat' dir='ltr'><strong>Abraham,</strong></span> <span class='ocrx_word' id='word_1_36' title='bbox 1288 265 1362 299; x_wconf 90' lang='lat' dir='ltr'><strong>quod</strong></span> <span class='ocrx_word' id='word_1_37' title='bbox 1373 265 1400 291; x_wconf 93' lang='lat' dir='ltr'><strong>in</strong></span> <span class='ocrx_word' id='word_1_38' title='bbox 1409 266 1515 293; x_wconf 87' lang='lat' dir='ltr'><strong>semine</strong></span> <span class='ocrx_word' id='word_1_39' title='bbox 1526 266 1596 301; x_wconf 84' lang='lat' dir='ltr'><strong>ejus,</strong></span> <span class='ocrx_word' id='word_1_40' title='bbox 1610 267 1663 295; x_wconf 89' lang='lat' dir='ltr'><strong>hoc</strong></span> 
     </span>
    </p>
   </div>
   <div class='ocr_carea' id='block_1_7' title="bbox 56 307 1659 347">
    <p class='ocr_par' dir='ltr' id='par_1_7' title="bbox 56 307 1659 347">
     <span class='ocr_line' id='line_1_7' title="bbox 56 307 1659 347; baseline -0.002 -5"><span class='ocrx_word' id='word_1_41' title='bbox 56 315 134 343; x_wconf 82' lang='lat' dir='ltr'><strong>Prima</strong></span> <span class='ocrx_word' id='word_1_42' title='bbox 147 309 286 347; x_wconf 88' lang='lat' dir='ltr'><strong>promissio</strong></span> <span class='ocrx_word' id='word_1_43' title='bbox 300 309 374 335; x_wconf 81' lang='lat' dir='ltr'><strong>facta</strong></span> <span class='ocrx_word' id='word_1_44' title='bbox 385 311 428 334; x_wconf 85' lang='lat' dir='ltr'><strong>est</strong></span> <span class='ocrx_word' id='word_1_45' title='bbox 442 308 553 343; x_wconf 79' lang='lat' dir='ltr'><strong>quando</strong></span> <span class='ocrx_word' id='word_1_46' title='bbox 569 316 632 334; x_wconf 88' lang='lat' dir='ltr'><strong>eum</strong></span> <span class='ocrx_word' id='word_1_47' title='bbox 645 307 753 334; x_wconf 81' lang='lat' dir='ltr'><strong>vocavit.</strong></span> <span class='ocrx_word' id='word_1_48' title='bbox 768 308 824 334; x_wconf 93' lang='lat' dir='ltr'><strong>Do-</strong></span> <span class='ocrx_word' id='word_1_49' title='bbox 866 311 908 335; x_wconf 88' lang='lat' dir='ltr'><strong>est</strong></span> <span class='ocrx_word' id='word_1_50' title='bbox 921 308 949 334; x_wconf 92' lang='lat' dir='ltr'><strong>in</strong></span> <span class='ocrx_word' id='word_1_51' title='bbox 964 308 1084 339; x_wconf 87' lang='lat' dir='ltr'><strong>Christo,</strong></span> <span class='ocrx_word' id='word_1_52' title='bbox 1107 307 1301 335; x_wconf 60' lang='lat' dir='ltr'><strong>benedicendm</strong></span> <span class='ocrx_word' id='word_1_53' title='bbox 1323 311 1416 336; x_wconf 79' lang='lat' dir='ltr'><strong>essent</strong></span> <span class='ocrx_word' id='word_1_54' title='bbox 1431 318 1527 337; x_wconf 89' lang='lat' dir='ltr'><strong>omnes</strong></span> <span class='ocrx_word' id='word_1_55' title='bbox 1547 313 1659 345; x_wconf 81' lang='lat' dir='ltr'><strong>gentes.</strong></span> 
     </span>
    </p>
   </div>
   <div class='ocr_carea' id='block_1_8' title="bbox 57 351 825 390">
    <p class='ocr_par' dir='ltr' id='par_1_8' title="bbox 57 351 825 390">
     <span class='ocr_line' id='line_1_8' title="bbox 57 351 825 390; baseline -0.012 -4"><span class='ocrx_word' id='word_1_56' title='bbox 57 359 141 387; x_wconf 84' lang='lat' dir='ltr'><strong>minus.</strong></span> <span class='ocrx_word' id='word_1_57' title='bbox 158 354 316 390; x_wconf 80' lang='lat' dir='ltr'><strong>promittens</strong></span> <span class='ocrx_word' id='word_1_58' title='bbox 336 355 368 378; x_wconf 90' lang='lat' dir='ltr'><strong>ut</strong></span> <span class='ocrx_word' id='word_1_59' title='bbox 383 352 406 378; x_wconf 91' lang='lat' dir='ltr'><strong>si</strong></span> <span class='ocrx_word' id='word_1_60' title='bbox 422 351 602 386; x_wconf 79' lang='lat' dir='ltr'><strong>egrederetur</strong></span> <span class='ocrx_word' id='word_1_61' title='bbox 613 351 647 378; x_wconf 88' lang='lat' dir='ltr'><strong>de</strong></span> <span class='ocrx_word' id='word_1_62' title='bbox 662 354 738 378; x_wconf 84' lang='lat' dir='ltr'><strong>terra</strong></span> <span class='ocrx_word' id='word_1_63' title='bbox 763 359 825 383; x_wconf 79' lang='lat' dir='ltr'><strong>sua,</strong></span> 
     </span>
    </p>
   </div>
   <div class='ocr_carea' id='block_1_9' title="bbox 56 396 827 431">
    <p class='ocr_par' dir='ltr' id='par_1_9' title="bbox 56 396 827 431">
     <span class='ocr_line' id='line_1_9' title="bbox 56 396 827 431; baseline -0.01 -2"><span class='ocrx_word' id='word_1_64' title='bbox 56 403 149 430; x_wconf 86' lang='lat' dir='ltr'><strong>futurus</strong></span> <span class='ocrx_word' id='word_1_65' title='bbox 159 401 227 426; x_wconf 82' lang='lat' dir='ltr'><strong>esset</strong></span> <span class='ocrx_word' id='word_1_66' title='bbox 247 397 276 424; x_wconf 92' lang='lat' dir='ltr'><strong>in</strong></span> <span class='ocrx_word' id='word_1_67' title='bbox 300 399 412 431; x_wconf 80' lang='lat' dir='ltr'><strong>gentem</strong></span> <span class='ocrx_word' id='word_1_68' title='bbox 436 404 567 430; x_wconf 84' lang='lat' dir='ltr'><strong>magnam</strong></span> <span class='ocrx_word' id='word_1_69' title='bbox 592 396 704 422; x_wconf 83' lang='lat' dir='ltr'><strong>dicens:</strong></span> <span class='ocrx_word' id='word_1_70' title='bbox 726 396 778 422; x_wconf 67' lang='lat' dir='ltr'><strong>Eri</strong></span> <span class='ocrx_word' id='word_1_71' title='bbox 796 396 827 421; x_wconf 84' lang='lat' dir='ltr'><strong>de</strong></span> 
     </span>
    </p>
   </div>
   <div class='ocr_carea' id='block_1_10' title="bbox 59 440 828 474">
    <p class='ocr_par' dir='ltr' id='par_1_10' title="bbox 59 440 828 474">
     <span class='ocr_line' id='line_1_10' title="bbox 59 440 828 474; baseline -0.01 -1"><span class='ocrx_word' id='word_1_72' title='bbox 59 450 119 473; x_wconf 69' lang='lat' dir='ltr'><strong>terra</strong></span> <span class='ocrx_word' id='word_1_73' title='bbox 130 447 172 470; x_wconf 81' lang='lat' dir='ltr'><strong>tua</strong></span> <span class='ocrx_word' id='word_1_74' title='bbox 181 446 203 469; x_wconf 82' lang='lat' dir='ltr'><strong>et</strong></span> <span class='ocrx_word' id='word_1_75' title='bbox 218 442 248 468; x_wconf 85' lang='lat' dir='ltr'><strong>de</strong></span> <span class='ocrx_word' id='word_1_76' title='bbox 263 441 425 474; x_wconf 76' lang='lat' dir='ltr'><strong>cognatione</strong></span> <span class='ocrx_word' id='word_1_77' title='bbox 441 443 488 466; x_wconf 83' lang='lat' dir='ltr'><strong>tua</strong></span> <span class='ocrx_word' id='word_1_78' title='bbox 502 448 511 471; x_wconf 83' lang='lat'><em>;</em></span> <span class='ocrx_word' id='word_1_79' title='bbox 533 443 557 466; x_wconf 85' lang='lat' dir='ltr'><strong>et</strong></span> <span class='ocrx_word' id='word_1_80' title='bbox 580 440 645 466; x_wconf 74' lang='lat' dir='ltr'><strong>t‘ade</strong></span> <span class='ocrx_word' id='word_1_81' title='bbox 670 442 699 466; x_wconf 85' lang='lat' dir='ltr'><strong>in</strong></span> <span class='ocrx_word' id='word_1_82' title='bbox 724 442 828 466; x_wconf 82' lang='lat' dir='ltr'><strong>terram</strong></span> 
     </span>
    </p>
   </div>
   <div class='ocr_carea' id='block_1_11' title="bbox 57 486 830 525">
    <p class='ocr_par' dir='ltr' id='par_1_11' title="bbox 57 486 830 525">
     <span class='ocr_line' id='line_1_11' title="bbox 57 486 830 525; baseline -0.008 -9"><span class='ocrx_word' id='word_1_83' title='bbox 57 498 125 525; x_wconf 80' lang='lat' dir='ltr'><strong>quam</strong></span> <span class='ocrx_word' id='word_1_84' title='bbox 133 489 312 515; x_wconf 76' lang='lat' dir='ltr'><strong>monstravere</strong></span> <span class='ocrx_word' id='word_1_85' title='bbox 324 486 382 516; x_wconf 81' lang='lat' dir='ltr'><strong>tibi,</strong></span> <span class='ocrx_word' id='word_1_86' title='bbox 401 487 424 511; x_wconf 85' lang='lat' dir='ltr'><strong>et</strong></span> <span class='ocrx_word' id='word_1_87' title='bbox 438 486 540 518; x_wconf 79' lang='lat' dir='ltr'><strong>faciam</strong></span> <span class='ocrx_word' id='word_1_88' title='bbox 555 488 577 511; x_wconf 83' lang='lat' dir='ltr'><strong>te</strong></span> <span class='ocrx_word' id='word_1_89' title='bbox 596 486 626 511; x_wconf 82' lang='lat' dir='ltr'><strong>in</strong></span> <span class='ocrx_word' id='word_1_90' title='bbox 643 487 749 518; x_wconf 78' lang='lat' dir='ltr'><strong>gentem</strong></span> <span class='ocrx_word' id='word_1_91' title='bbox 772 492 830 511; x_wconf 84' lang='lat' dir='ltr'><strong>ma-</strong></span> 
     </span>
    </p>
   </div>
   <div class='ocr_carea' id='block_1_12' title="bbox 57 529 829 568">
    <p class='ocr_par' dir='ltr' id='par_1_12' title="bbox 57 529 829 568">
     <span class='ocr_line' id='line_1_12' title="bbox 57 529 829 568; baseline -0.008 -8"><span class='ocrx_word' id='word_1_92' title='bbox 57 541 125 568; x_wconf 85' lang='lat' dir='ltr'><strong>gnam</strong></span> <span class='ocrx_word' id='word_1_93' title='bbox 137 542 143 563; x_wconf 84' lang='lat'>;</span> <span class='ocrx_word' id='word_1_94' title='bbox 157 530 252 558; x_wconf 85' lang='lat' dir='ltr'><strong>deinde</strong></span> <span class='ocrx_word' id='word_1_95' title='bbox 266 529 336 556; x_wconf 80' lang='lat' dir='ltr'><strong>dixit</strong></span> <span class='ocrx_word' id='word_1_96' title='bbox 351 529 389 555; x_wconf 87' lang='lat' dir='ltr'><strong>ei:</strong></span> <span class='ocrx_word' id='word_1_97' title='bbox 412 529 572 555; x_wconf 78' lang='lat' dir='ltr'><strong>Bcnedicens</strong></span> <span class='ocrx_word' id='word_1_98' title='bbox 590 529 744 555; x_wconf 74' lang='lat' dir='ltr'><strong>bcnedicam</strong></span> <span class='ocrx_word' id='word_1_99' title='bbox 768 529 829 560; x_wconf 81' lang='lat' dir='ltr'><strong>tibi,</strong></span> 
     </span>
    </p>
   </div>
   <div class='ocr_carea' id='block_1_13' title="bbox 58 573 830 610">
    <p class='ocr_par' dir='ltr' id='par_1_13' title="bbox 58 573 830 610">
     <span class='ocr_line' id='line_1_13' title="bbox 58 573 830 610; baseline -0.008 -6"><span class='ocrx_word' id='word_1_100' title='bbox 58 576 257 610; x_wconf 79' lang='lat' dir='ltr'><strong>etmultiplicabo</strong></span> <span class='ocrx_word' id='word_1_101' title='bbox 275 577 306 607; x_wconf 75' lang='lat' dir='ltr'><strong>te,</strong></span> <span class='ocrx_word' id='word_1_102' title='bbox 323 576 374 600; x_wconf 91' lang='lat' dir='ltr'><strong>etc.</strong></span> <span class='ocrx_word' id='word_1_103' title='bbox 396 576 439 606; x_wconf 86' lang='lat' dir='ltr'><strong>;et</strong></span> <span class='ocrx_word' id='word_1_104' title='bbox 454 581 584 600; x_wconf 86' lang='lat' dir='ltr'><strong>rursum:</strong></span> <span class='ocrx_word' id='word_1_105' title='bbox 611 573 642 599; x_wconf 90' lang='lat' dir='ltr'><strong>In</strong></span> <span class='ocrx_word' id='word_1_106' title='bbox 660 575 762 599; x_wconf 72' lang='lat' dir='ltr'><strong>semine</strong></span> <span class='ocrx_word' id='word_1_107' title='bbox 784 575 830 599; x_wconf 86' lang='lat' dir='ltr'><strong>tuo</strong></span> 
     </span>
    </p>
   </div>
   <div class='ocr_carea' id='block_1_14' title="bbox 58 618 831 651">
    <p class='ocr_par' dir='ltr' id='par_1_14' title="bbox 58 618 831 651">
     <span class='ocr_line' id='line_1_14' title="bbox 58 618 831 651; baseline -0.008 -3"><span class='ocrx_word' id='word_1_108' title='bbox 58 622 225 648; x_wconf 70' lang='lat' dir='ltr'><strong>benedicentur</strong></span> <span class='ocrx_word' id='word_1_109' title='bbox 239 627 330 645; x_wconf 65' lang='lat' dir='ltr'><strong>omnes</strong></span> <span class='ocrx_word' id='word_1_110' title='bbox 344 620 434 651; x_wconf 72' lang='lat' dir='ltr'><strong>gentes</strong></span> <span class='ocrx_word' id='word_1_111' title='bbox 446 627 453 649; x_wconf 88' lang='lat'><strong>;</strong></span> <span class='ocrx_word' id='word_1_112' title='bbox 471 620 499 644; x_wconf 91' lang='lat' dir='ltr'><strong>et</strong></span> <span class='ocrx_word' id='word_1_113' title='bbox 513 626 519 644; x_wconf 92' lang='lat'>:</span> <span class='ocrx_word' id='word_1_114' title='bbox 544 618 653 644; x_wconf 74' lang='lat' dir='ltr'><strong>Patrem</strong></span> <span class='ocrx_word' id='word_1_115' title='bbox 675 618 831 643; x_wconf 82' lang='lat' dir='ltr'><strong>multarum</strong></span> 
     </span>
    </p>
   </div>
   <div class='ocr_carea' id='block_1_15' title="bbox 56 661 830 700">
    <p class='ocr_par' dir='ltr' id='par_1_15' title="bbox 56 661 830 700">
     <span class='ocr_line' id='line_1_15' title="bbox 56 661 830 700; baseline -0.008 -7"><span class='ocrx_word' id='word_1_116' title='bbox 56 667 162 700; x_wconf 77' lang='lat' dir='ltr'><strong>gentimn</strong></span> <span class='ocrx_word' id='word_1_117' title='bbox 172 665 250 698; x_wconf 70' lang='lat' dir='ltr'><strong>posui</strong></span> <span class='ocrx_word' id='word_1_118' title='bbox 262 666 285 689; x_wconf 84' lang='lat' dir='ltr'><strong>te</strong></span> <span class='ocrx_word' id='word_1_119' title='bbox 297 663 370 696; x_wconf 71' lang='lat' dir='ltr'><strong>(Gen.</strong></span> <span class='ocrx_word' id='word_1_120' title='bbox 384 662 523 694; x_wconf 78' lang='lat' dir='ltr'><strong>xui.Quod</strong></span> <span class='ocrx_word' id='word_1_121' title='bbox 536 665 630 688; x_wconf 86' lang='lat' dir='ltr'><strong>autem</strong></span> <span class='ocrx_word' id='word_1_122' title='bbox 641 661 830 696; x_wconf 86' lang='lat' dir='ltr'><strong>subjungitur,</strong></span> 
     </span>
    </p>
   </div>
   <div class='ocr_carea' id='block_1_16' title="bbox 57 705 831 742">
    <p class='ocr_par' dir='ltr' id='par_1_16' title="bbox 57 705 831 742">
     <span class='ocr_line' id='line_1_16' title="bbox 57 705 831 742; baseline -0.006 -5"><span class='ocrx_word' id='word_1_123' title='bbox 57 713 80 738; x_wconf 86' lang='lat' dir='ltr'><strong>et</strong></span> <span class='ocrx_word' id='word_1_124' title='bbox 91 709 178 737; x_wconf 80' lang='lat' dir='ltr'><strong>semini</strong></span> <span class='ocrx_word' id='word_1_125' title='bbox 192 708 262 742; x_wconf 82' lang='lat' dir='ltr'><strong>ejus,</strong></span> <span class='ocrx_word' id='word_1_126' title='bbox 285 706 418 733; x_wconf 74' lang='lat' dir='ltr'><strong>subaudis</strong></span> <span class='ocrx_word' id='word_1_127' title='bbox 432 706 512 733; x_wconf 62' lang='lat' dir='ltr'><strong>dicte</strong></span> <span class='ocrx_word' id='word_1_128' title='bbox 534 709 601 733; x_wconf 93' lang='lat' dir='ltr'><strong>sunt</strong></span> <span class='ocrx_word' id='word_1_129' title='bbox 620 705 831 741; x_wconf 83' lang='lat' dir='ltr'><strong>promissiones;</strong></span> 
     </span>
    </p>
   </div>
   <div class='ocr_carea' id='block_1_17' title="bbox 869 351 1664 389">
    <p class='ocr_par' dir='ltr' id='par_1_17' title="bbox 869 351 1664 389">
     <span class='ocr_line' id='line_1_17' title="bbox 869 351 1664 389; baseline 0.008 -12"><span class='ocrx_word' id='word_1_130' title='bbox 869 352 1015 383; x_wconf 87' lang='lat' dir='ltr'><strong>Quomodo</strong></span> <span class='ocrx_word' id='word_1_131' title='bbox 1029 351 1103 378; x_wconf 88' lang='lat' dir='ltr'><strong>istud</strong></span> <span class='ocrx_word' id='word_1_132' title='bbox 1117 355 1316 380; x_wconf 81' lang='lat' dir='ltr'><strong>testamentum</strong></span> <span class='ocrx_word' id='word_1_133' title='bbox 1328 353 1369 380; x_wconf 86' lang='lat' dir='ltr'>vel</span> <span class='ocrx_word' id='word_1_134' title='bbox 1383 354 1438 380; x_wconf 88' lang='lat' dir='ltr'><strong>ista</strong></span> <span class='ocrx_word' id='word_1_135' title='bbox 1451 355 1598 389; x_wconf 88' lang='lat' dir='ltr'><strong>promissio</strong></span> <span class='ocrx_word' id='word_1_136' title='bbox 1621 359 1664 383; x_wconf 89' lang='lat' dir='ltr'><strong>est</strong></span> 
     </span>
    </p>
   </div>
   <div class='ocr_carea' id='block_1_18' title="bbox 869 395 1664 433">
    <p class='ocr_par' dir='ltr' id='par_1_18' title="bbox 869 395 1664 433">
     <span class='ocr_line' id='line_1_18' title="bbox 869 395 1664 433; baseline 0.006 -11"><span class='ocrx_word' id='word_1_137' title='bbox 869 395 1055 422; x_wconf 79' lang='lat' dir='ltr'><strong>conﬁrmata?</strong></span> <span class='ocrx_word' id='word_1_138' title='bbox 1070 399 1152 423; x_wconf 85' lang='lat' dir='ltr'><strong>natus</strong></span> <span class='ocrx_word' id='word_1_139' title='bbox 1165 400 1207 423; x_wconf 92' lang='lat' dir='ltr'><strong>est</strong></span> <span class='ocrx_word' id='word_1_140' title='bbox 1218 397 1345 424; x_wconf 82' lang='lat' dir='ltr'><strong>Christus</strong></span> <span class='ocrx_word' id='word_1_141' title='bbox 1356 406 1387 424; x_wconf 88' lang='lat' dir='ltr'><strong>ex</strong></span> <span class='ocrx_word' id='word_1_142' title='bbox 1399 398 1506 433; x_wconf 82' lang='lat' dir='ltr'><strong>virgine</strong></span> <span class='ocrx_word' id='word_1_143' title='bbox 1522 399 1612 426; x_wconf 83' lang='lat' dir='ltr'><strong>Maria</strong></span> <span class='ocrx_word' id='word_1_144' title='bbox 1629 400 1664 427; x_wconf 89' lang='lat' dir='ltr'><strong>de</strong></span> 
     </span>
    </p>
   </div>
   <div class='ocr_carea' id='block_1_19' title="bbox 870 439 1663 478">
    <p class='ocr_par' dir='ltr' id='par_1_19' title="bbox 870 439 1663 478">
     <span class='ocr_line' id='line_1_19' title="bbox 870 439 1663 478; baseline 0.006 -12"><span class='ocrx_word' id='word_1_145' title='bbox 870 440 975 467; x_wconf 85' lang='lat' dir='ltr'><strong>semine</strong></span> <span class='ocrx_word' id='word_1_146' title='bbox 984 439 1103 467; x_wconf 68' lang='lat' dir='ltr'><strong>Abrahae</strong></span> <span class='ocrx_word' id='word_1_147' title='bbox 1113 449 1119 473; x_wconf 85' lang='lat'><strong>;</strong></span> <span class='ocrx_word' id='word_1_148' title='bbox 1132 441 1290 475; x_wconf 65' lang='lat' dir='ltr'><strong>praedicavit</strong></span> <span class='ocrx_word' id='word_1_149' title='bbox 1299 442 1581 475; x_wconf 78' lang='lat' dir='ltr'><strong>inseeculo,miracula</strong></span> <span class='ocrx_word' id='word_1_150' title='bbox 1590 444 1663 478; x_wconf 82' lang='lat' dir='ltr'><strong>fecit;</strong></span> 
     </span>
    </p>
   </div>
   <div class='ocr_carea' id='block_1_20' title="bbox 870 484 1667 521">
    <p class='ocr_par' dir='ltr' id='par_1_20' title="bbox 870 484 1667 521">
     <span class='ocr_line' id='line_1_20' title="bbox 870 484 1667 521; baseline 0.008 -11"><span class='ocrx_word' id='word_1_151' title='bbox 870 484 1083 518; x_wconf 83' lang='lat' dir='ltr'><strong>redemitgenus</strong></span> <span class='ocrx_word' id='word_1_152' title='bbox 1093 484 1246 512; x_wconf 85' lang='lat' dir='ltr'><strong>humanum</strong></span> <span class='ocrx_word' id='word_1_153' title='bbox 1265 494 1316 512; x_wconf 84' lang='lat' dir='ltr'><strong>sua</strong></span> <span class='ocrx_word' id='word_1_154' title='bbox 1326 487 1472 521; x_wconf 83' lang='lat' dir='ltr'><strong>passione:</strong></span> <span class='ocrx_word' id='word_1_155' title='bbox 1490 488 1567 515; x_wconf 85' lang='lat' dir='ltr'><strong>misit</strong></span> <span class='ocrx_word' id='word_1_156' title='bbox 1586 488 1667 516; x_wconf 90' lang='lat' dir='ltr'><strong>disci-</strong></span> 
     </span>
    </p>
   </div>
   <div class='ocr_carea' id='block_1_21' title="bbox 871 528 1668 567">
    <p class='ocr_par' dir='ltr' id='par_1_21' title="bbox 871 528 1668 567">
     <span class='ocr_line' id='line_1_21' title="bbox 871 528 1668 567; baseline 0.008 -13"><span class='ocrx_word' id='word_1_157' title='bbox 871 528 1023 563; x_wconf 84' lang='lat' dir='ltr'><strong>pulossuos</strong></span> <span class='ocrx_word' id='word_1_158' title='bbox 1041 529 1191 563; x_wconf 69' lang='lat' dir='ltr'><strong>przedicare</strong></span> <span class='ocrx_word' id='word_1_159' title='bbox 1200 532 1228 555; x_wconf 90' lang='lat' dir='ltr'><strong>et</strong></span> <span class='ocrx_word' id='word_1_160' title='bbox 1242 529 1391 565; x_wconf 77' lang='lat' dir='ltr'><strong>baptizare,</strong></span> <span class='ocrx_word' id='word_1_161' title='bbox 1405 534 1432 558; x_wconf 80' lang='lat' dir='ltr'><strong>et</strong></span> <span class='ocrx_word' id='word_1_162' title='bbox 1443 533 1613 567; x_wconf 82' lang='lat' dir='ltr'><strong>completum</strong></span> <span class='ocrx_word' id='word_1_163' title='bbox 1625 536 1668 560; x_wconf 86' lang='lat' dir='ltr'><strong>est</strong></span> 
     </span>
    </p>
   </div>
   <div class='ocr_carea' id='block_1_22' title="bbox 872 572 1668 613">
    <p class='ocr_par' dir='ltr' id='par_1_22' title="bbox 872 572 1668 613">
     <span class='ocr_line' id='line_1_22' title="bbox 872 572 1668 613; baseline 0.009 -15"><span class='ocrx_word' id='word_1_164' title='bbox 872 572 945 607; x_wconf 88' lang='lat' dir='ltr'><strong>quod</strong></span> <span class='ocrx_word' id='word_1_165' title='bbox 956 572 1085 607; x_wconf 81' lang='lat' dir='ltr'><strong>promisit</strong></span> <span class='ocrx_word' id='word_1_166' title='bbox 1095 572 1212 600; x_wconf 73' lang='lat' dir='ltr'><strong>Abrahae</strong></span> <span class='ocrx_word' id='word_1_167' title='bbox 1219 574 1329 608; x_wconf 86' lang='lat' dir='ltr'><strong>quando</strong></span> <span class='ocrx_word' id='word_1_168' title='bbox 1340 576 1459 610; x_wconf 82' lang='lat' dir='ltr'><strong>apostoli</strong></span> <span class='ocrx_word' id='word_1_169' title='bbox 1471 576 1584 611; x_wconf 83' lang='lat' dir='ltr'><strong>profecti</strong></span> <span class='ocrx_word' id='word_1_170' title='bbox 1596 586 1668 613; x_wconf 73' lang='lat' dir='ltr'><strong>prse-</strong></span> 
     </span>
    </p>
   </div>
   <div class='ocr_carea' id='block_1_23' title="bbox 874 616 1667 653">
    <p class='ocr_par' dir='ltr' id='par_1_23' title="bbox 874 616 1667 653">
     <span class='ocr_line' id='line_1_23' title="bbox 874 616 1667 653; baseline 0.009 -11"><span class='ocrx_word' id='word_1_171' title='bbox 874 616 1226 652; x_wconf 85' lang='lat' dir='ltr'><strong>dicaveruntubique,ipso</strong></span> <span class='ocrx_word' id='word_1_172' title='bbox 1236 622 1412 653; x_wconf 75' lang='lat' dir='ltr'><strong>cooperante,</strong></span> <span class='ocrx_word' id='word_1_173' title='bbox 1430 620 1569 648; x_wconf 85' lang='lat' dir='ltr'><strong>intantum</strong></span> <span class='ocrx_word' id='word_1_174' title='bbox 1590 625 1622 649; x_wconf 90' lang='lat' dir='ltr'><strong>ut</strong></span> <span class='ocrx_word' id='word_1_175' title='bbox 1638 623 1667 649; x_wconf 93' lang='lat' dir='ltr'><strong>in</strong></span> 
     </span>
    </p>
   </div>
   <div class='ocr_carea' id='block_1_24' title="bbox 874 664 1668 698">
    <p class='ocr_par' dir='ltr' id='par_1_24' title="bbox 874 664 1668 698">
     <span class='ocr_line' id='line_1_24' title="bbox 874 664 1668 698; baseline 0.009 -12"><span class='ocrx_word' id='word_1_176' title='bbox 874 669 985 687; x_wconf 86' lang='lat' dir='ltr'><strong>onmem</strong></span> <span class='ocrx_word' id='word_1_177' title='bbox 995 664 1099 687; x_wconf 87' lang='lat' dir='ltr'><strong>terram</strong></span> <span class='ocrx_word' id='word_1_178' title='bbox 1111 669 1197 688; x_wconf 89' lang='lat' dir='ltr'><strong>sonus</strong></span> <span class='ocrx_word' id='word_1_179' title='bbox 1208 670 1304 689; x_wconf 91' lang='lat' dir='ltr'><strong>eorum</strong></span> <span class='ocrx_word' id='word_1_180' title='bbox 1323 664 1493 698; x_wconf 83' lang='lat' dir='ltr'><strong>procederet,</strong></span> <span class='ocrx_word' id='word_1_181' title='bbox 1507 669 1535 691; x_wconf 88' lang='lat' dir='ltr'><strong>et</strong></span> <span class='ocrx_word' id='word_1_182' title='bbox 1550 666 1579 692; x_wconf 93' lang='lat' dir='ltr'><strong>in</strong></span> <span class='ocrx_word' id='word_1_183' title='bbox 1598 666 1668 693; x_wconf 81' lang='lat' dir='ltr'><strong>ﬁnes</strong></span> 
     </span>
    </p>
   </div>
   <div class='ocr_carea' id='block_1_25' title="bbox 874 705 1670 743">
    <p class='ocr_par' dir='ltr' id='par_1_25' title="bbox 874 705 1670 743">
     <span class='ocr_line' id='line_1_25' title="bbox 874 705 1670 743; baseline 0.006 -10"><span class='ocrx_word' id='word_1_184' title='bbox 874 706 948 733; x_wconf 87' lang='lat' dir='ltr'><strong>orbis</strong></span> <span class='ocrx_word' id='word_1_185' title='bbox 961 709 1042 732; x_wconf 67' lang='lat' dir='ltr'><strong>terra)</strong></span> <span class='ocrx_word' id='word_1_186' title='bbox 1057 705 1177 732; x_wconf 89' lang='lat' dir='ltr'><strong>nominis</strong></span> <span class='ocrx_word' id='word_1_187' title='bbox 1192 707 1253 741; x_wconf 87' lang='lat' dir='ltr'><strong>ejus</strong></span> <span class='ocrx_word' id='word_1_188' title='bbox 1268 706 1342 733; x_wconf 79' lang='lat' dir='ltr'><strong>fama</strong></span> <span class='ocrx_word' id='word_1_189' title='bbox 1351 707 1627 743; x_wconf 87' lang='lat' dir='ltr'><strong>divulgaretur,tunc</strong></span> <span class='ocrx_word' id='word_1_190' title='bbox 1641 711 1670 738; x_wconf 94' lang='lat' dir='ltr'><strong>in</strong></span> 
     </span>
    </p>
   </div>
   <div class='ocr_carea' id='block_1_26' title="bbox 59 749 1673 790">
    <p class='ocr_par' dir='ltr' id='par_1_26' title="bbox 59 749 1673 790">
     <span class='ocr_line' id='line_1_26' title="bbox 59 749 1673 790; baseline 0.001 -10"><span class='ocrx_word' id='word_1_191' title='bbox 59 754 165 790; x_wconf 83' lang='lat' dir='ltr'><strong>quamvis</strong></span> <span class='ocrx_word' id='word_1_192' title='bbox 177 752 324 787; x_wconf 84' lang='lat' dir='ltr'><strong>Apostolus</strong></span> <span class='ocrx_word' id='word_1_193' title='bbox 339 751 497 787; x_wconf 77' lang='lat' dir='ltr'><strong>specialiter</strong></span> <span class='ocrx_word' id='word_1_194' title='bbox 511 759 606 777; x_wconf 86' lang='lat' dir='ltr'><strong>semen</strong></span> <span class='ocrx_word' id='word_1_195' title='bbox 623 750 742 777; x_wconf 66' lang='lat' dir='ltr'><strong>Abrahae</strong></span> <span class='ocrx_word' id='word_1_196' title='bbox 756 750 834 777; x_wconf 87' lang='lat' dir='ltr'><strong>Chri-</strong></span> <span class='ocrx_word' id='word_1_197' title='bbox 875 750 980 777; x_wconf 88' lang='lat' dir='ltr'><strong>semine</strong></span> <span class='ocrx_word' id='word_1_198' title='bbox 992 749 1120 782; x_wconf 61' lang='lat' dir='ltr'><strong>Abrahae,</strong></span> <span class='ocrx_word' id='word_1_199' title='bbox 1137 750 1165 776; x_wconf 92' lang='lat' dir='ltr'><strong>id</strong></span> <span class='ocrx_word' id='word_1_200' title='bbox 1191 753 1233 777; x_wconf 90' lang='lat' dir='ltr'><strong>est</strong></span> <span class='ocrx_word' id='word_1_201' title='bbox 1249 751 1277 777; x_wconf 92' lang='lat' dir='ltr'><strong>in</strong></span> <span class='ocrx_word' id='word_1_202' title='bbox 1293 751 1413 783; x_wconf 85' lang='lat' dir='ltr'><strong>Christo,</strong></span> <span class='ocrx_word' id='word_1_203' title='bbox 1430 752 1583 781; x_wconf 69' lang='lat' dir='ltr'><strong>benedicta:</strong></span> <span class='ocrx_word' id='word_1_204' title='bbox 1607 759 1673 782; x_wconf 83' lang='lat' dir='ltr'><strong>sunt</strong></span> 
     </span>
    </p>
   </div>
   <div class='ocr_carea' id='block_1_27' title="bbox 59 794 1674 832">
    <p class='ocr_par' dir='ltr' id='par_1_27' title="bbox 59 794 1674 832">
     <span class='ocr_line' id='line_1_27' title="bbox 59 794 1674 832; baseline 0.001 -7"><span class='ocrx_word' id='word_1_205' title='bbox 59 802 119 825; x_wconf 88' lang='lat' dir='ltr'><strong>stum</strong></span> <span class='ocrx_word' id='word_1_206' title='bbox 129 797 271 830; x_wconf 85' lang='lat' dir='ltr'><strong>intelligat,</strong></span> <span class='ocrx_word' id='word_1_207' title='bbox 283 803 431 831; x_wconf 87' lang='lat' dir='ltr'><strong>possumus</strong></span> <span class='ocrx_word' id='word_1_208' title='bbox 447 798 541 821; x_wconf 89' lang='lat' dir='ltr'><strong>tamen</strong></span> <span class='ocrx_word' id='word_1_209' title='bbox 557 794 674 829; x_wconf 83' lang='lat' dir='ltr'><strong>simplici</strong></span> <span class='ocrx_word' id='word_1_210' title='bbox 691 795 773 820; x_wconf 90' lang='lat' dir='ltr'><strong>modo</strong></span> <span class='ocrx_word' id='word_1_211' title='bbox 788 802 832 820; x_wconf 90' lang='lat' dir='ltr'><strong>se-</strong></span> <span class='ocrx_word' id='word_1_212' title='bbox 875 803 971 822; x_wconf 89' lang='lat' dir='ltr'><strong>omnes</strong></span> <span class='ocrx_word' id='word_1_213' title='bbox 985 797 1093 829; x_wconf 80' lang='lat' dir='ltr'><strong>gentes,</strong></span> <span class='ocrx_word' id='word_1_214' title='bbox 1106 803 1138 821; x_wconf 92' lang='lat' dir='ltr'><strong>eo</strong></span> <span class='ocrx_word' id='word_1_215' title='bbox 1162 795 1245 821; x_wconf 92' lang='lat' dir='ltr'><strong>modo</strong></span> <span class='ocrx_word' id='word_1_216' title='bbox 1269 803 1323 830; x_wconf 89' lang='lat' dir='ltr'><strong>quo</strong></span> <span class='ocrx_word' id='word_1_217' title='bbox 1344 797 1472 832; x_wconf 86' lang='lat' dir='ltr'><strong>superius</strong></span> <span class='ocrx_word' id='word_1_218' title='bbox 1496 798 1626 832; x_wconf 84' lang='lat' dir='ltr'><strong>diximus,</strong></span> <span class='ocrx_word' id='word_1_219' title='bbox 1646 802 1674 827; x_wconf 88' lang='lat' dir='ltr'><strong>et</strong></span> 
     </span>
    </p>
   </div>
   <div class='ocr_carea' id='block_1_28' title="bbox 59 838 1295 885">
    <p class='ocr_par' dir='ltr' id='par_1_28' title="bbox 59 838 1295 885">
     <span class='ocr_line' id='line_1_28' title="bbox 59 838 1295 885; baseline -0.002 -16"><span class='ocrx_word' id='word_1_220' title='bbox 59 851 111 870; x_wconf 88' lang='lat' dir='ltr'><strong>men</strong></span> <span class='ocrx_word' id='word_1_221' title='bbox 124 842 192 868; x_wconf 90' lang='lat' dir='ltr'><strong>illius</strong></span> <span class='ocrx_word' id='word_1_222' title='bbox 206 840 332 874; x_wconf 86' lang='lat' dir='ltr'><strong>accipere</strong></span> <span class='ocrx_word' id='word_1_223' title='bbox 346 839 532 871; x_wconf 84' lang='lat' dir='ltr'><strong>Isaac,filium</strong></span> <span class='ocrx_word' id='word_1_224' title='bbox 549 839 620 874; x_wconf 81' lang='lat' dir='ltr'><strong>ejus,</strong></span> <span class='ocrx_word' id='word_1_225' title='bbox 637 841 666 865; x_wconf 87' lang='lat' dir='ltr'><strong>et</strong></span> <span class='ocrx_word' id='word_1_226' title='bbox 680 838 773 868; x_wconf 83' lang='lat' dir='ltr'><strong>Jacob,</strong></span> <span class='ocrx_word' id='word_1_227' title='bbox 788 846 865 885; x_wconf 62' lang='grc' dir='ltr'><strong>ηεξ-Β</strong></span> <span class='ocrx_word' id='word_1_228' title='bbox 875 839 1023 875; x_wconf 86' lang='lat' dir='ltr'><strong>promissio</strong></span> <span class='ocrx_word' id='word_1_229' title='bbox 1038 840 1099 873; x_wconf 89' lang='lat' dir='ltr'><strong>ejus</strong></span> <span class='ocrx_word' id='word_1_230' title='bbox 1114 839 1230 874; x_wconf 80' lang='lat' dir='ltr'><strong>impleta</strong></span> <span class='ocrx_word' id='word_1_231' title='bbox 1245 843 1295 867; x_wconf 87' lang='lat' dir='ltr'><strong>est.</strong></span> 
     </span>
    </p>
   </div>
   <div class='ocr_carea' id='block_1_29' title="bbox 59 883 1673 923">
    <p class='ocr_par' dir='ltr' id='par_1_29' title="bbox 59 883 1673 923">
     <span class='ocr_line' id='line_1_29' title="bbox 59 883 1673 923; baseline 0.002 -10"><span class='ocrx_word' id='word_1_232' title='bbox 59 890 134 922; x_wconf 87' lang='lat' dir='ltr'><strong>potem</strong></span> <span class='ocrx_word' id='word_1_233' title='bbox 148 886 213 920; x_wconf 85' lang='lat' dir='ltr'><strong>ejus,</strong></span> <span class='ocrx_word' id='word_1_234' title='bbox 231 884 267 910; x_wconf 87' lang='lat' dir='ltr'><strong>ad</strong></span> <span class='ocrx_word' id='word_1_235' title='bbox 283 892 353 919; x_wconf 88' lang='lat' dir='ltr'><strong>quos</strong></span> <span class='ocrx_word' id='word_1_236' title='bbox 370 884 454 910; x_wconf 80' lang='lat' dir='ltr'><strong>etiam</strong></span> <span class='ocrx_word' id='word_1_237' title='bbox 471 883 701 918; x_wconf 88' lang='lat' dir='ltr'><strong>repromissiones</strong></span> <span class='ocrx_word' id='word_1_238' title='bbox 716 883 860 916; x_wconf 22' lang='lat' dir='ltr'><strong>legimus?</strong></span> <span class='ocrx_word' id='word_1_239' title='bbox 913 885 965 910; x_wconf 61' lang='grc' dir='ltr'><strong>ιω</strong></span> <span class='ocrx_word' id='word_1_240' title='bbox 980 891 1038 917; x_wconf 60' lang='lat' dir='ltr'><strong>qum</strong></span> <span class='ocrx_word' id='word_1_241' title='bbox 1046 885 1326 917; x_wconf 74' lang='lat' dir='ltr'><strong>postquatlringmtos</strong></span> <span class='ocrx_word' id='word_1_242' title='bbox 1334 888 1358 912; x_wconf 78' lang='lat' dir='ltr'><strong>et</strong></span> <span class='ocrx_word' id='word_1_243' title='bbox 1372 887 1489 919; x_wconf 76' lang='lat' dir='ltr'><strong>triginta</strong></span> <span class='ocrx_word' id='word_1_244' title='bbox 1504 896 1591 915; x_wconf 78' lang='lat' dir='ltr'><strong>annos</strong></span> <span class='ocrx_word' id='word_1_245' title='bbox 1599 890 1673 923; x_wconf 82' lang='lat' dir='ltr'><strong>facta</strong></span> 
     </span>
    </p>
   </div>
   <div class='ocr_carea' id='block_1_30' title="bbox 60 926 1674 965">
    <p class='ocr_par' dir='ltr' id='par_1_30' title="bbox 60 926 1674 965">
     <span class='ocr_line' id='line_1_30' title="bbox 60 926 1674 965; baseline 0.001 -7"><span class='ocrx_word' id='word_1_246' title='bbox 60 932 138 958; x_wconf 81' lang='lat' dir='ltr'><strong>tactas.</strong></span> <span class='ocrx_word' id='word_1_247' title='bbox 151 931 218 957; x_wconf 83' lang='lat' dir='ltr'><strong>Nam</strong></span> <span class='ocrx_word' id='word_1_248' title='bbox 228 927 731 963; x_wconf 80' lang='lat' dir='ltr'><strong>legiturinGenesiquod.dormiente</strong></span> <span class='ocrx_word' id='word_1_249' title='bbox 741 926 835 958; x_wconf 77' lang='lat' dir='ltr'><strong>Jacob,</strong></span> <span class='ocrx_word' id='word_1_250' title='bbox 879 931 925 958; x_wconf 82' lang='lat' dir='ltr'><strong>est,</strong></span> <span class='ocrx_word' id='word_1_251' title='bbox 942 928 985 954; x_wconf 89' lang='lat' dir='ltr'><strong>vel</strong></span> <span class='ocrx_word' id='word_1_252' title='bbox 996 928 1062 954; x_wconf 86' lang='lat' dir='ltr'><strong>data</strong></span> <span class='ocrx_word' id='word_1_253' title='bbox 1072 928 1099 954; x_wconf 93' lang='lat' dir='ltr'><strong>in</strong></span> <span class='ocrx_word' id='word_1_254' title='bbox 1112 930 1205 954; x_wconf 90' lang='lat' dir='ltr'><strong>monte</strong></span> <span class='ocrx_word' id='word_1_255' title='bbox 1219 929 1294 959; x_wconf 85' lang='lat' dir='ltr'><strong>Sina,</strong></span> <span class='ocrx_word' id='word_1_256' title='bbox 1314 937 1369 957; x_wconf 87' lang='lat' dir='ltr'><strong>non</strong></span> <span class='ocrx_word' id='word_1_257' title='bbox 1384 931 1447 964; x_wconf 80' lang='lat' dir='ltr'><strong>fecit</strong></span> <span class='ocrx_word' id='word_1_258' title='bbox 1461 933 1587 965; x_wconf 78' lang='lat' dir='ltr'><strong>irritum,</strong></span> <span class='ocrx_word' id='word_1_259' title='bbox 1604 934 1674 961; x_wconf 92' lang='lat' dir='ltr'><strong>sub-</strong></span> 
     </span>
    </p>
   </div>
   <div class='ocr_carea' id='block_1_31' title="bbox 60 972 1677 1010">
    <p class='ocr_par' dir='ltr' id='par_1_31' title="bbox 60 972 1677 1010">
     <span class='ocr_line' id='line_1_31' title="bbox 60 972 1677 1010; baseline 0.002 -8"><span class='ocrx_word' id='word_1_260' title='bbox 60 976 160 1010; x_wconf 86' lang='lat' dir='ltr'><strong>quodam</strong></span> <span class='ocrx_word' id='word_1_261' title='bbox 176 975 234 1001; x_wconf 86' lang='lat' dir='ltr'><strong>loco</strong></span> <span class='ocrx_word' id='word_1_262' title='bbox 246 973 410 1008; x_wconf 82' lang='lat' dir='ltr'><strong>apparuerit</strong></span> <span class='ocrx_word' id='word_1_263' title='bbox 419 973 444 999; x_wconf 89' lang='lat' dir='ltr'><strong>ei</strong></span> <span class='ocrx_word' id='word_1_264' title='bbox 458 973 539 1001; x_wconf 84' lang='lat' dir='ltr'><strong>Deus.</strong></span> <span class='ocrx_word' id='word_1_265' title='bbox 551 972 645 998; x_wconf 85' lang='lat' dir='ltr'><strong>dicens</strong></span> <span class='ocrx_word' id='word_1_266' title='bbox 659 981 664 997; x_wconf 89' lang='lat'>:</span> <span class='ocrx_word' id='word_1_267' title='bbox 679 973 791 997; x_wconf 61' lang='lat' dir='ltr'><strong>Terram</strong></span> <span class='ocrx_word' id='word_1_268' title='bbox 806 972 837 997; x_wconf 79' lang='lat' dir='ltr'><strong>in</strong></span> <span class='ocrx_word' id='word_1_269' title='bbox 879 973 959 999; x_wconf 86' lang='lat' dir='ltr'><strong>audis</strong></span> <span class='ocrx_word' id='word_1_270' title='bbox 974 975 1184 1005; x_wconf 80' lang='lat' dir='ltr'><strong>testamentum,</strong></span> <span class='ocrx_word' id='word_1_271' title='bbox 1196 974 1231 999; x_wconf 81' lang='lat' dir='ltr'><strong>ad</strong></span> <span class='ocrx_word' id='word_1_272' title='bbox 1247 975 1432 1001; x_wconf 78' lang='lat' dir='ltr'><strong>eracuamlam</strong></span> <span class='ocrx_word' id='word_1_273' title='bbox 1441 977 1481 1003; x_wconf 86' lang='lat' dir='ltr'><strong>vel</strong></span> <span class='ocrx_word' id='word_1_274' title='bbox 1489 977 1523 1003; x_wconf 91' lang='lat' dir='ltr'><strong>ad</strong></span> <span class='ocrx_word' id='word_1_275' title='bbox 1532 977 1677 1005; x_wconf 80' lang='lat' dir='ltr'><strong>destruen-</strong></span> 
     </span>
    </p>
   </div>
   <div class='ocr_carea' id='block_1_32' title="bbox 61 1016 1677 1053">
    <p class='ocr_par' dir='ltr' id='par_1_32' title="bbox 61 1016 1677 1053">
     <span class='ocr_line' id='line_1_32' title="bbox 61 1016 1677 1053; baseline 0.004 -9"><span class='ocrx_word' id='word_1_276' title='bbox 61 1028 104 1053; x_wconf 82' lang='lat' dir='ltr'><strong>qua</strong></span> <span class='ocrx_word' id='word_1_277' title='bbox 119 1020 215 1045; x_wconf 77' lang='lat' dir='ltr'><strong>dormis</strong></span> <span class='ocrx_word' id='word_1_278' title='bbox 226 1019 279 1044; x_wconf 86' lang='lat' dir='ltr'><strong>tibi</strong></span> <span class='ocrx_word' id='word_1_279' title='bbox 292 1018 360 1044; x_wconf 82' lang='lat' dir='ltr'><strong>dabo</strong></span> <span class='ocrx_word' id='word_1_280' title='bbox 369 1020 391 1043; x_wconf 81' lang='lat' dir='ltr'><strong>ct</strong></span> <span class='ocrx_word' id='word_1_281' title='bbox 403 1018 503 1043; x_wconf 71' lang='lat' dir='ltr'><strong>semini</strong></span> <span class='ocrx_word' id='word_1_282' title='bbox 514 1020 567 1043; x_wconf 84' lang='lat' dir='ltr'><strong>tuo.</strong></span> <span class='ocrx_word' id='word_1_283' title='bbox 576 1016 708 1043; x_wconf 86' lang='lat' dir='ltr'><strong>Dicamus</strong></span> <span class='ocrx_word' id='word_1_284' title='bbox 720 1016 800 1042; x_wconf 91' lang='lat' dir='ltr'><strong>modo</strong></span> <span class='ocrx_word' id='word_1_285' title='bbox 812 1018 840 1042; x_wconf 82' lang='lat' dir='ltr'><strong>ct</strong></span> <span class='ocrx_word' id='word_1_286' title='bbox 881 1018 945 1044; x_wconf 89' lang='lat' dir='ltr'><strong>dam</strong></span> <span class='ocrx_word' id='word_1_287' title='bbox 957 1018 1167 1051; x_wconf 69' lang='lat' dir='ltr'><strong>promissionem</strong></span> <span class='ocrx_word' id='word_1_288' title='bbox 1184 1017 1312 1045; x_wconf 66' lang='lat' dir='ltr'><strong>Abrahm.</strong></span> <span class='ocrx_word' id='word_1_289' title='bbox 1330 1019 1419 1046; x_wconf 80' lang='lat' dir='ltr'><strong>Irrita</strong></span> <span class='ocrx_word' id='word_1_290' title='bbox 1426 1028 1470 1047; x_wconf 91' lang='lat' dir='ltr'><strong>res</strong></span> <span class='ocrx_word' id='word_1_291' title='bbox 1485 1024 1528 1048; x_wconf 85' lang='lat' dir='ltr'><strong>est</strong></span> <span class='ocrx_word' id='word_1_292' title='bbox 1545 1022 1636 1050; x_wconf 82' lang='lat' dir='ltr'><strong>inanis</strong></span> <span class='ocrx_word' id='word_1_293' title='bbox 1648 1026 1677 1051; x_wconf 85' lang='lat' dir='ltr'><strong>et</strong></span> 
     </span>
    </p>
   </div>
   <div class='ocr_carea' id='block_1_33' title="bbox 61 1061 1678 1102">
    <p class='ocr_par' dir='ltr' id='par_1_33' title="bbox 61 1061 1678 1102">
     <span class='ocr_line' id='line_1_33' title="bbox 61 1061 1678 1102; baseline 0.003 -12"><span class='ocrx_word' id='word_1_294' title='bbox 61 1062 360 1097; x_wconf 82' lang='lat' dir='ltr'><strong>secundumApostolum</strong></span> <span class='ocrx_word' id='word_1_295' title='bbox 375 1070 380 1087; x_wconf 85' lang='lat'><strong>:</strong></span> <span class='ocrx_word' id='word_1_296' title='bbox 393 1061 700 1096; x_wconf 63' lang='lat' dir='ltr'><strong>Abi&#39;ah.r,inquit,tli&#39;ctw</strong></span> <span class='ocrx_word' id='word_1_297' title='bbox 708 1063 841 1093; x_wconf 74' lang='lat' dir='ltr'><strong>suntpro-</strong></span> <span class='ocrx_word' id='word_1_298' title='bbox 882 1070 968 1088; x_wconf 81' lang='lat' dir='ltr'><strong>vacua</strong></span> <span class='ocrx_word' id='word_1_299' title='bbox 981 1071 987 1095; x_wconf 84' lang='lat'><strong>;</strong></span> <span class='ocrx_word' id='word_1_300' title='bbox 999 1061 1075 1088; x_wconf 84' lang='lat' dir='ltr'><strong>verbi</strong></span> <span class='ocrx_word' id='word_1_301' title='bbox 1087 1061 1178 1096; x_wconf 86' lang='lat' dir='ltr'><strong>gratia</strong></span> <span class='ocrx_word' id='word_1_302' title='bbox 1192 1071 1197 1088; x_wconf 87' lang='lat'><strong>:</strong></span> <span class='ocrx_word' id='word_1_303' title='bbox 1212 1062 1284 1089; x_wconf 87' lang='lat' dir='ltr'><strong>sicut</strong></span> <span class='ocrx_word' id='word_1_304' title='bbox 1299 1063 1390 1090; x_wconf 87' lang='lat' dir='ltr'><strong>solent</strong></span> <span class='ocrx_word' id='word_1_305' title='bbox 1399 1064 1513 1092; x_wconf 90' lang='lat' dir='ltr'><strong>folliculi</strong></span> <span class='ocrx_word' id='word_1_306' title='bbox 1525 1074 1586 1094; x_wconf 87' lang='lat' dir='ltr'><strong>esse</strong></span> <span class='ocrx_word' id='word_1_307' title='bbox 1595 1068 1678 1102; x_wconf 85' lang='lat' dir='ltr'><strong>grani</strong></span> 
     </span>
    </p>
   </div>
   <div class='ocr_carea' id='block_1_34' title="bbox 64 1104 1678 1144">
    <p class='ocr_par' dir='ltr' id='par_1_34' title="bbox 64 1104 1678 1144">
     <span class='ocr_line' id='line_1_34' title="bbox 64 1104 1678 1144; baseline 0.004 -11"><span class='ocrx_word' id='word_1_308' title='bbox 64 1110 183 1134; x_wconf 78' lang='lat' dir='ltr'><strong>missiones</strong></span> <span class='ocrx_word' id='word_1_309' title='bbox 192 1108 401 1140; x_wconf 74' lang='lat' dir='ltr'><strong>etseminz‘ejus,</strong></span> <span class='ocrx_word' id='word_1_310' title='bbox 412 1105 439 1132; x_wconf 91' lang='lat' dir='ltr'><strong>id</strong></span> <span class='ocrx_word' id='word_1_311' title='bbox 448 1105 616 1132; x_wconf 86' lang='lat' dir='ltr'><strong>estChristo.</strong></span> <span class='ocrx_word' id='word_1_312' title='bbox 631 1104 697 1136; x_wconf 68' lang='lat' dir='ltr'><strong>Quae</strong></span> <span class='ocrx_word' id='word_1_313' title='bbox 709 1108 774 1131; x_wconf 89' lang='lat' dir='ltr'><strong>sunt</strong></span> <span class='ocrx_word' id='word_1_314' title='bbox 786 1104 839 1131; x_wconf 70' lang='lat' dir='ltr'><strong>illae</strong></span> <span class='ocrx_word' id='word_1_315' title='bbox 881 1106 1023 1136; x_wconf 81' lang='lat' dir='ltr'><strong>frumenti,</strong></span> <span class='ocrx_word' id='word_1_316' title='bbox 1046 1108 1096 1132; x_wconf 87' lang='lat' dir='ltr'><strong>aut</strong></span> <span class='ocrx_word' id='word_1_317' title='bbox 1119 1106 1226 1139; x_wconf 87' lang='lat' dir='ltr'><strong>ciceris,</strong></span> <span class='ocrx_word' id='word_1_318' title='bbox 1244 1107 1301 1133; x_wconf 90' lang='lat' dir='ltr'><strong>sive</strong></span> <span class='ocrx_word' id='word_1_319' title='bbox 1323 1107 1441 1142; x_wconf 82' lang='lat' dir='ltr'><strong>alicujus</strong></span> <span class='ocrx_word' id='word_1_320' title='bbox 1461 1109 1611 1144; x_wconf 83' lang='lat' dir='ltr'><strong>leguminis</strong></span> <span class='ocrx_word' id='word_1_321' title='bbox 1634 1113 1678 1139; x_wconf 91' lang='lat' dir='ltr'><strong>vel</strong></span> 
     </span>
    </p>
   </div>
   <div class='ocr_carea' id='block_1_35' title="bbox 62 1148 1678 1189">
    <p class='ocr_par' dir='ltr' id='par_1_35' title="bbox 62 1148 1678 1189">
     <span class='ocr_line' id='line_1_35' title="bbox 62 1148 1678 1189; baseline 0.004 -11"><span class='ocrx_word' id='word_1_322' title='bbox 62 1151 322 1187; x_wconf 65' lang='lat' dir='ltr'><strong>promissiones,qu€e</strong></span> <span class='ocrx_word' id='word_1_323' title='bbox 333 1150 413 1176; x_wconf 67' lang='lat' dir='ltr'><strong>dicta:</strong></span> <span class='ocrx_word' id='word_1_324' title='bbox 424 1154 490 1176; x_wconf 87' lang='lat' dir='ltr'><strong>sunt</strong></span> <span class='ocrx_word' id='word_1_325' title='bbox 502 1149 612 1176; x_wconf 88' lang='lat' dir='ltr'><strong>Christo</strong></span> <span class='ocrx_word' id='word_1_326' title='bbox 624 1150 664 1175; x_wconf 86' lang='lat' dir='ltr'><strong>vel</strong></span> <span class='ocrx_word' id='word_1_327' title='bbox 676 1150 704 1175; x_wconf 94' lang='lat' dir='ltr'><strong>in</strong></span> <span class='ocrx_word' id='word_1_328' title='bbox 717 1148 839 1176; x_wconf 84' lang='lat' dir='ltr'><strong>Christo?</strong></span> <span class='ocrx_word' id='word_1_329' title='bbox 881 1151 996 1177; x_wconf 88' lang='lat' dir='ltr'><strong>seminis</strong></span> <span class='ocrx_word' id='word_1_330' title='bbox 1009 1158 1015 1177; x_wconf 88' lang='lat'>:</span> <span class='ocrx_word' id='word_1_331' title='bbox 1031 1150 1074 1177; x_wconf 87' lang='lat' dir='ltr'><strong>lex</strong></span> <span class='ocrx_word' id='word_1_332' title='bbox 1090 1158 1155 1185; x_wconf 87' lang='lat' dir='ltr'><strong>ergo</strong></span> <span class='ocrx_word' id='word_1_333' title='bbox 1171 1159 1232 1186; x_wconf 73' lang='lat' dir='ltr'><strong>quae</strong></span> <span class='ocrx_word' id='word_1_334' title='bbox 1246 1151 1311 1178; x_wconf 85' lang='lat' dir='ltr'><strong>data</strong></span> <span class='ocrx_word' id='word_1_335' title='bbox 1324 1152 1389 1179; x_wconf 81' lang='lat' dir='ltr'><strong>ﬁliis</strong></span> <span class='ocrx_word' id='word_1_336' title='bbox 1405 1153 1492 1180; x_wconf 81' lang='lat' dir='ltr'><strong>Israel</strong></span> <span class='ocrx_word' id='word_1_337' title='bbox 1503 1157 1566 1189; x_wconf 86' lang='lat' dir='ltr'><strong>post</strong></span> <span class='ocrx_word' id='word_1_338' title='bbox 1577 1155 1678 1184; x_wconf 85' lang='lat' dir='ltr'><strong>factam</strong></span> 
     </span>
    </p>
   </div>
   <div class='ocr_carea' id='block_1_36' title="bbox 64 1194 1680 1231">
    <p class='ocr_par' dir='ltr' id='par_1_36' title="bbox 64 1194 1680 1231">
     <span class='ocr_line' id='line_1_36' title="bbox 64 1194 1680 1231; baseline 0.004 -9"><span class='ocrx_word' id='word_1_339' title='bbox 64 1196 125 1231; x_wconf 90' lang='lat' dir='ltr'><strong>quod</strong></span> <span class='ocrx_word' id='word_1_340' title='bbox 135 1196 160 1222; x_wconf 94' lang='lat' dir='ltr'><strong>in</strong></span> <span class='ocrx_word' id='word_1_341' title='bbox 170 1195 214 1222; x_wconf 91' lang='lat' dir='ltr'><strong>illo</strong></span> <span class='ocrx_word' id='word_1_342' title='bbox 223 1195 419 1221; x_wconf 72' lang='lat' dir='ltr'><strong>benedicenda:</strong></span> <span class='ocrx_word' id='word_1_343' title='bbox 435 1197 527 1220; x_wconf 84' lang='lat' dir='ltr'><strong>essent</strong></span> <span class='ocrx_word' id='word_1_344' title='bbox 536 1202 632 1220; x_wconf 89' lang='lat' dir='ltr'><strong>omnes</strong></span> <span class='ocrx_word' id='word_1_345' title='bbox 644 1196 751 1228; x_wconf 84' lang='lat' dir='ltr'><strong>gentes,</strong></span> <span class='ocrx_word' id='word_1_346' title='bbox 759 1194 839 1228; x_wconf 81' lang='lat' dir='ltr'><strong>juxta</strong></span> <span class='ocrx_word' id='word_1_347' title='bbox 882 1195 1095 1230; x_wconf 88' lang='lat' dir='ltr'><strong>promissionem</strong></span> <span class='ocrx_word' id='word_1_348' title='bbox 1102 1195 1136 1222; x_wconf 86' lang='lat' dir='ltr'><strong>ad</strong></span> <span class='ocrx_word' id='word_1_349' title='bbox 1145 1195 1296 1228; x_wconf 77' lang='lat' dir='ltr'><strong>Abraham,</strong></span> <span class='ocrx_word' id='word_1_350' title='bbox 1306 1204 1360 1223; x_wconf 91' lang='lat' dir='ltr'><strong>non</strong></span> <span class='ocrx_word' id='word_1_351' title='bbox 1375 1197 1439 1224; x_wconf 83' lang='lat' dir='ltr'><strong>fecit</strong></span> <span class='ocrx_word' id='word_1_352' title='bbox 1454 1206 1571 1226; x_wconf 86' lang='lat' dir='ltr'><strong>vacuum</strong></span> <span class='ocrx_word' id='word_1_353' title='bbox 1581 1203 1607 1227; x_wconf 87' lang='lat' dir='ltr'><strong>et</strong></span> <span class='ocrx_word' id='word_1_354' title='bbox 1618 1201 1680 1228; x_wconf 91' lang='lat' dir='ltr'><strong>ina-</strong></span> 
     </span>
    </p>
   </div>
   <div class='ocr_carea' id='block_1_37' title="bbox 65 1238 1679 1276">
    <p class='ocr_par' dir='ltr' id='par_1_37' title="bbox 65 1238 1679 1276">
     <span class='ocr_line' id='line_1_37' title="bbox 65 1238 1679 1276; baseline 0.003 -9"><span class='ocrx_word' id='word_1_355' title='bbox 65 1240 184 1275; x_wconf 82' lang='lat' dir='ltr'><strong>quodjam</strong></span> <span class='ocrx_word' id='word_1_356' title='bbox 195 1239 328 1270; x_wconf 76' lang='lat' dir='ltr'><strong>diximus,</strong></span> <span class='ocrx_word' id='word_1_357' title='bbox 341 1238 450 1273; x_wconf 84' lang='lat' dir='ltr'><strong>inquit:</strong></span> <span class='ocrx_word' id='word_1_358' title='bbox 464 1239 497 1265; x_wconf 86' lang='lat' dir='ltr'><strong>In</strong></span> <span class='ocrx_word' id='word_1_359' title='bbox 509 1240 611 1265; x_wconf 69' lang='lat' dir='ltr'><strong>semine</strong></span> <span class='ocrx_word' id='word_1_360' title='bbox 627 1241 672 1264; x_wconf 86' lang='lat' dir='ltr'><strong>tuo</strong></span> <span class='ocrx_word' id='word_1_361' title='bbox 684 1238 841 1264; x_wconf 75' lang='lat' dir='ltr'><strong>bcncdicen-</strong></span> <span class='ocrx_word' id='word_1_362' title='bbox 884 1248 919 1266; x_wconf 89' lang='lat' dir='ltr'><strong>ne</strong></span> <span class='ocrx_word' id='word_1_363' title='bbox 934 1239 1001 1266; x_wconf 90' lang='lat' dir='ltr'><strong>illud</strong></span> <span class='ocrx_word' id='word_1_364' title='bbox 1018 1242 1228 1272; x_wconf 83' lang='lat' dir='ltr'><strong>testamentum,</strong></span> <span class='ocrx_word' id='word_1_365' title='bbox 1245 1242 1277 1266; x_wconf 92' lang='lat' dir='ltr'><strong>ut</strong></span> <span class='ocrx_word' id='word_1_366' title='bbox 1291 1240 1337 1267; x_wconf 85' lang='lat' dir='ltr'><strong>illa</strong></span> <span class='ocrx_word' id='word_1_367' title='bbox 1360 1242 1508 1276; x_wconf 85' lang='lat' dir='ltr'><strong>promissio</strong></span> <span class='ocrx_word' id='word_1_368' title='bbox 1528 1252 1679 1273; x_wconf 82' lang='lat' dir='ltr'><strong>evacuare-</strong></span> 
     </span>
    </p>
   </div>
   <div class='ocr_carea' id='block_1_38' title="bbox 66 1282 1682 1324">
    <p class='ocr_par' dir='ltr' id='par_1_38' title="bbox 66 1282 1682 1324">
     <span class='ocr_line' id='line_1_38' title="bbox 66 1282 1682 1324; baseline 0.004 -14"><span class='ocrx_word' id='word_1_369' title='bbox 66 1287 197 1313; x_wconf 78' lang='lat' dir='ltr'><strong>turpmnes</strong></span> <span class='ocrx_word' id='word_1_370' title='bbox 206 1287 307 1317; x_wconf 72' lang='lat' dir='ltr'><strong>gentes.</strong></span> <span class='ocrx_word' id='word_1_371' title='bbox 321 1283 423 1310; x_wconf 87' lang='lat' dir='ltr'><strong>Semen</strong></span> <span class='ocrx_word' id='word_1_372' title='bbox 439 1291 504 1317; x_wconf 86' lang='lat' dir='ltr'><strong>ergo</strong></span> <span class='ocrx_word' id='word_1_373' title='bbox 515 1282 633 1309; x_wconf 75' lang='lat' dir='ltr'><strong>Abrahze</strong></span> <span class='ocrx_word' id='word_1_374' title='bbox 651 1282 778 1309; x_wconf 86' lang='lat' dir='ltr'><strong>Christus</strong></span> <span class='ocrx_word' id='word_1_375' title='bbox 790 1285 842 1312; x_wconf 85' lang='lat' dir='ltr'><strong>est,</strong></span> <span class='ocrx_word' id='word_1_376' title='bbox 886 1287 942 1311; x_wconf 87' lang='lat' dir='ltr'><strong>tur.</strong></span> <span class='ocrx_word' id='word_1_377' title='bbox 967 1284 1006 1310; x_wconf 91' lang='lat' dir='ltr'><strong>De</strong></span> <span class='ocrx_word' id='word_1_378' title='bbox 1026 1284 1077 1310; x_wconf 89' lang='lat' dir='ltr'><strong>hoc</strong></span> <span class='ocrx_word' id='word_1_379' title='bbox 1097 1292 1214 1310; x_wconf 86' lang='lat' dir='ltr'><strong>numero</strong></span> <span class='ocrx_word' id='word_1_380' title='bbox 1232 1285 1502 1320; x_wconf 81' lang='lat' dir='ltr'><strong>quadringentorum</strong></span> <span class='ocrx_word' id='word_1_381' title='bbox 1522 1291 1549 1315; x_wconf 85' lang='lat' dir='ltr'><strong>et</strong></span> <span class='ocrx_word' id='word_1_382' title='bbox 1564 1289 1682 1324; x_wconf 73' lang='lat' dir='ltr'><strong>triginta</strong></span> 
     </span>
    </p>
   </div>
   <div class='ocr_carea' id='block_1_39' title="bbox 65 1326 1683 1370">
    <p class='ocr_par' dir='ltr' id='par_1_39' title="bbox 65 1326 1683 1370">
     <span class='ocr_line' id='line_1_39' title="bbox 65 1326 1683 1370; baseline 0.004 -15"><span class='ocrx_word' id='word_1_383' title='bbox 65 1326 646 1364; x_wconf 81' lang='lat' dir='ltr'><strong>quiaAbrahamgenuitlsaac,Jacob,Jncoh</strong></span> <span class='ocrx_word' id='word_1_384' title='bbox 656 1330 750 1353; x_wconf 86' lang='lat' dir='ltr'><strong>autem</strong></span> <span class='ocrx_word' id='word_1_385' title='bbox 759 1326 843 1359; x_wconf 86' lang='lat' dir='ltr'><strong>Juda,</strong></span> <span class='ocrx_word' id='word_1_386' title='bbox 886 1336 1035 1361; x_wconf 85' lang='lat' dir='ltr'><strong>annorum,</strong></span> <span class='ocrx_word' id='word_1_387' title='bbox 1062 1328 1138 1354; x_wconf 77' lang='lat' dir='ltr'><strong>vario</strong></span> <span class='ocrx_word' id='word_1_388' title='bbox 1160 1328 1241 1354; x_wconf 90' lang='lat' dir='ltr'><strong>modo</strong></span> <span class='ocrx_word' id='word_1_389' title='bbox 1263 1328 1390 1356; x_wconf 86' lang='lat' dir='ltr'><strong>doctores</strong></span> <span class='ocrx_word' id='word_1_390' title='bbox 1414 1331 1567 1366; x_wconf 83' lang='lat' dir='ltr'><strong>disputant,</strong></span> <span class='ocrx_word' id='word_1_391' title='bbox 1585 1336 1613 1360; x_wconf 88' lang='lat' dir='ltr'><strong>ct</strong></span> <span class='ocrx_word' id='word_1_392' title='bbox 1633 1343 1683 1370; x_wconf 90' lang='lat' dir='ltr'><strong>per</strong></span> 
     </span>
    </p>
   </div>
   <div class='ocr_carea' id='block_1_40' title="bbox 65 1370 1682 1411">
    <p class='ocr_par' dir='ltr' id='par_1_40' title="bbox 65 1370 1682 1411">
     <span class='ocr_line' id='line_1_40' title="bbox 65 1370 1682 1411; baseline 0.004 -12"><span class='ocrx_word' id='word_1_393' title='bbox 65 1373 92 1399; x_wconf 89' lang='lat' dir='ltr'><strong>de</strong></span> <span class='ocrx_word' id='word_1_394' title='bbox 105 1373 177 1407; x_wconf 89' lang='lat' dir='ltr'><strong>cujus</strong></span> <span class='ocrx_word' id='word_1_395' title='bbox 192 1372 266 1399; x_wconf 87' lang='lat' dir='ltr'><strong>tribu</strong></span> <span class='ocrx_word' id='word_1_396' title='bbox 282 1375 312 1399; x_wconf 87' lang='lat' dir='ltr'><strong>et</strong></span> <span class='ocrx_word' id='word_1_397' title='bbox 324 1371 455 1407; x_wconf 81' lang='lat' dir='ltr'><strong>progenie</strong></span> <span class='ocrx_word' id='word_1_398' title='bbox 465 1371 618 1406; x_wconf 82' lang='lat' dir='ltr'><strong>assumpsit</strong></span> <span class='ocrx_word' id='word_1_399' title='bbox 627 1379 739 1397; x_wconf 86' lang='lat' dir='ltr'><strong>carnem</strong></span> <span class='ocrx_word' id='word_1_400' title='bbox 749 1370 845 1397; x_wconf 88' lang='lat' dir='ltr'><strong>Domi-</strong></span> <span class='ocrx_word' id='word_1_401' title='bbox 887 1373 984 1407; x_wconf 85' lang='lat' dir='ltr'><strong>longas</strong></span> <span class='ocrx_word' id='word_1_402' title='bbox 1006 1371 1138 1406; x_wconf 82' lang='lat' dir='ltr'><strong>ambages</strong></span> <span class='ocrx_word' id='word_1_403' title='bbox 1160 1372 1307 1399; x_wconf 88' lang='lat' dir='ltr'><strong>circuitum</strong></span> <span class='ocrx_word' id='word_1_404' title='bbox 1326 1374 1404 1401; x_wconf 90' lang='lat' dir='ltr'><strong>illum</strong></span> <span class='ocrx_word' id='word_1_405' title='bbox 1424 1375 1587 1411; x_wconf 75' lang='lat' dir='ltr'><strong>colligentes</strong></span> <span class='ocrx_word' id='word_1_406' title='bbox 1600 1387 1606 1411; x_wconf 83' lang='lat'><strong>;</strong></span> <span class='ocrx_word' id='word_1_407' title='bbox 1632 1379 1682 1406; x_wconf 92' lang='lat' dir='ltr'><strong>sed</strong></span> 
     </span>
    </p>
   </div>
   <div class='ocr_carea' id='block_1_41' title="bbox 66 1414 1682 1457">
    <p class='ocr_par' dir='ltr' id='par_1_41' title="bbox 66 1414 1682 1457">
     <span class='ocr_line' id='line_1_41' title="bbox 66 1414 1682 1457; baseline 0.003 -14"><span class='ocrx_word' id='word_1_408' title='bbox 66 1425 109 1443; x_wconf 87' lang='lat' dir='ltr'><strong>nus</strong></span> <span class='ocrx_word' id='word_1_409' title='bbox 121 1417 146 1443; x_wconf 90' lang='lat' dir='ltr'><strong>in</strong></span> <span class='ocrx_word' id='word_1_410' title='bbox 158 1420 235 1443; x_wconf 87' lang='lat' dir='ltr'><strong>utero</strong></span> <span class='ocrx_word' id='word_1_411' title='bbox 251 1416 380 1451; x_wconf 80' lang='lat' dir='ltr'><strong>virginali</strong></span> <span class='ocrx_word' id='word_1_412' title='bbox 397 1416 483 1442; x_wconf 76' lang='lat' dir='ltr'><strong>beata:</strong></span> <span class='ocrx_word' id='word_1_413' title='bbox 495 1416 598 1447; x_wconf 58' lang='lat' dir='ltr'><strong>Mariae,</strong></span> <span class='ocrx_word' id='word_1_414' title='bbox 609 1419 636 1442; x_wconf 93' lang='lat' dir='ltr'><strong>et</strong></span> <span class='ocrx_word' id='word_1_415' title='bbox 645 1414 844 1450; x_wconf 79' lang='lat' dir='ltr'><strong>processitvel-</strong></span> <span class='ocrx_word' id='word_1_416' title='bbox 885 1425 936 1443; x_wconf 92' lang='lat' dir='ltr'><strong>nos</strong></span> <span class='ocrx_word' id='word_1_417' title='bbox 951 1417 1045 1443; x_wconf 85' lang='lat' dir='ltr'><strong>omnia</strong></span> <span class='ocrx_word' id='word_1_418' title='bbox 1067 1416 1116 1442; x_wconf 86' lang='lat' dir='ltr'><strong>illa</strong></span> <span class='ocrx_word' id='word_1_419' title='bbox 1133 1416 1273 1443; x_wconf 86' lang='lat' dir='ltr'><strong>succincte</strong></span> <span class='ocrx_word' id='word_1_420' title='bbox 1294 1419 1526 1454; x_wconf 77' lang='lat' dir='ltr'><strong>perstringentes,</strong></span> <span class='ocrx_word' id='word_1_421' title='bbox 1550 1429 1682 1457; x_wconf 88' lang='lat' dir='ltr'><strong>compen-</strong></span> 
     </span>
    </p>
   </div>
   <div class='ocr_carea' id='block_1_42' title="bbox 66 1460 1709 1498">
    <p class='ocr_par' dir='ltr' id='par_1_42' title="bbox 66 1460 1709 1498">
     <span class='ocr_line' id='line_1_42' title="bbox 66 1460 1709 1498; baseline 0.002 -11"><span class='ocrx_word' id='word_1_422' title='bbox 66 1465 90 1487; x_wconf 89' lang='lat' dir='ltr'><strong>ut</strong></span> <span class='ocrx_word' id='word_1_423' title='bbox 106 1470 214 1496; x_wconf 84' lang='lat' dir='ltr'><strong>sponsus</strong></span> <span class='ocrx_word' id='word_1_424' title='bbox 229 1462 264 1488; x_wconf 90' lang='lat' dir='ltr'><strong>de</strong></span> <span class='ocrx_word' id='word_1_425' title='bbox 276 1461 401 1487; x_wconf 86' lang='lat' dir='ltr'><strong>thalamo</strong></span> <span class='ocrx_word' id='word_1_426' title='bbox 414 1468 473 1486; x_wconf 91' lang='lat' dir='ltr'><strong>suo.</strong></span> <span class='ocrx_word' id='word_1_427' title='bbox 493 1460 546 1486; x_wconf 86' lang='lat' dir='ltr'><strong>Sed</strong></span> <span class='ocrx_word' id='word_1_428' title='bbox 559 1460 645 1495; x_wconf 77' lang='lat' dir='ltr'><strong>quzeri</strong></span> <span class='ocrx_word' id='word_1_429' title='bbox 657 1462 748 1495; x_wconf 85' lang='lat' dir='ltr'><strong>potest</strong></span> <span class='ocrx_word' id='word_1_430' title='bbox 759 1466 844 1494; x_wconf 88' lang='lat' dir='ltr'><strong>quare</strong></span> <span class='ocrx_word' id='word_1_431' title='bbox 886 1461 965 1487; x_wconf 88' lang='lat' dir='ltr'><strong>dioso</strong></span> <span class='ocrx_word' id='word_1_432' title='bbox 976 1463 1089 1488; x_wconf 83' lang='lat' dir='ltr'><strong>utamur</strong></span> <span class='ocrx_word' id='word_1_433' title='bbox 1099 1460 1185 1492; x_wconf 86' lang='lat' dir='ltr'><strong>exitu,</strong></span> <span class='ocrx_word' id='word_1_434' title='bbox 1196 1464 1390 1496; x_wconf 86' lang='lat' dir='ltr'><strong>computantes</strong></span> <span class='ocrx_word' id='word_1_435' title='bbox 1406 1463 1482 1498; x_wconf 88' lang='lat' dir='ltr'><strong>ipsos</strong></span> <span class='ocrx_word' id='word_1_436' title='bbox 1497 1467 1625 1493; x_wconf 88' lang='lat' dir='ltr'><strong>annos.A</strong></span> <span class='ocrx_word' id='word_1_437' title='bbox 1638 1475 1685 1494; x_wconf 72' lang='grc' dir='ltr'><strong>νο·</strong></span> <span class='ocrx_word' id='word_1_438' title='bbox 1706 1490 1709 1491; x_wconf 65' lang='lat'><strong>,</strong></span> 
     </span>
    </p>
   </div>
   <div class='ocr_carea' id='block_1_43' title="bbox 67 1504 1684 1545">
    <p class='ocr_par' dir='ltr' id='par_1_43' title="bbox 67 1504 1684 1545">
     <span class='ocr_line' id='line_1_43' title="bbox 67 1504 1684 1545; baseline 0 -13"><span class='ocrx_word' id='word_1_439' title='bbox 67 1514 147 1532; x_wconf 88' lang='lat' dir='ltr'><strong>omnes</strong></span> <span class='ocrx_word' id='word_1_440' title='bbox 161 1509 259 1540; x_wconf 80' lang='lat' dir='ltr'><strong>gentes</strong></span> <span class='ocrx_word' id='word_1_441' title='bbox 280 1505 412 1531; x_wconf 85' lang='lat' dir='ltr'><strong>dicantur</strong></span> <span class='ocrx_word' id='word_1_442' title='bbox 423 1504 573 1531; x_wconf 56' lang='lat' dir='ltr'><strong>benedictus</strong></span> <span class='ocrx_word' id='word_1_443' title='bbox 590 1504 618 1530; x_wconf 89' lang='lat' dir='ltr'><strong>in</strong></span> <span class='ocrx_word' id='word_1_444' title='bbox 638 1504 757 1535; x_wconf 85' lang='lat' dir='ltr'><strong>Christo,</strong></span> <span class='ocrx_word' id='word_1_445' title='bbox 781 1511 843 1529; x_wconf 91' lang='lat' dir='ltr'><strong>cum</strong></span> <span class='ocrx_word' id='word_1_446' title='bbox 854 1532 873 1545; x_wconf 54' lang='grc' dir='ltr'>η</span> <span class='ocrx_word' id='word_1_447' title='bbox 886 1505 993 1532; x_wconf 84' lang='lat' dir='ltr'><strong>catione</strong></span> <span class='ocrx_word' id='word_1_448' title='bbox 1006 1504 1123 1531; x_wconf 67' lang='lat' dir='ltr'><strong>Abrahae</strong></span> <span class='ocrx_word' id='word_1_449' title='bbox 1136 1505 1169 1532; x_wconf 89' lang='lat' dir='ltr'><strong>de</strong></span> <span class='ocrx_word' id='word_1_450' title='bbox 1180 1508 1257 1532; x_wconf 88' lang='lat' dir='ltr'><strong>terra</strong></span> <span class='ocrx_word' id='word_1_451' title='bbox 1272 1506 1464 1535; x_wconf 66' lang='lat' dir='ltr'><strong>Chaldaeorum</strong></span> <span class='ocrx_word' id='word_1_452' title='bbox 1482 1517 1569 1545; x_wconf 82' lang='lat' dir='ltr'><strong>usque</strong></span> <span class='ocrx_word' id='word_1_453' title='bbox 1583 1511 1618 1538; x_wconf 81' lang='lat' dir='ltr'><strong>ad</strong></span> <span class='ocrx_word' id='word_1_454' title='bbox 1639 1511 1684 1539; x_wconf 76' lang='lat' dir='ltr'><strong>in-</strong></span> 
     </span>
    </p>
   </div>
   <div class='ocr_carea' id='block_1_44' title="bbox 66 1547 845 1585">
    <p class='ocr_par' dir='ltr' id='par_1_44' title="bbox 66 1547 845 1585">
     <span class='ocr_line' id='line_1_44' title="bbox 66 1547 845 1585; baseline -0.004 -9"><span class='ocrx_word' id='word_1_455' title='bbox 66 1550 141 1576; x_wconf 84' lang='lat' dir='ltr'><strong>adhuc</strong></span> <span class='ocrx_word' id='word_1_456' title='bbox 155 1559 250 1577; x_wconf 89' lang='lat' dir='ltr'><strong>omnes</strong></span> <span class='ocrx_word' id='word_1_457' title='bbox 262 1552 362 1585; x_wconf 78' lang='lat' dir='ltr'><strong>gentes</strong></span> <span class='ocrx_word' id='word_1_458' title='bbox 377 1558 432 1576; x_wconf 89' lang='lat' dir='ltr'><strong>non</strong></span> <span class='ocrx_word' id='word_1_459' title='bbox 450 1549 568 1576; x_wconf 84' lang='lat' dir='ltr'><strong>credunt</strong></span> <span class='ocrx_word' id='word_1_460' title='bbox 586 1548 615 1575; x_wconf 89' lang='lat' dir='ltr'><strong>in</strong></span> <span class='ocrx_word' id='word_1_461' title='bbox 638 1556 711 1579; x_wconf 85' lang='lat' dir='ltr'><strong>cum,</strong></span> <span class='ocrx_word' id='word_1_462' title='bbox 726 1551 754 1574; x_wconf 76' lang='lat' dir='ltr'><strong>et</strong></span> <span class='ocrx_word' id='word_1_463' title='bbox 776 1547 845 1573; x_wconf 93' lang='lat' dir='ltr'><strong>nulli</strong></span> 
     </span>
    </p>
   </div>
   <div class='ocr_carea' id='block_1_45' title="bbox 66 1592 847 1627">
    <p class='ocr_par' dir='ltr' id='par_1_45' title="bbox 66 1592 847 1627">
     <span class='ocr_line' id='line_1_45' title="bbox 66 1592 847 1627; baseline -0.003 -8"><span class='ocrx_word' id='word_1_464' title='bbox 66 1594 163 1620; x_wconf 84' lang='lat' dir='ltr'><strong>dubium</strong></span> <span class='ocrx_word' id='word_1_465' title='bbox 171 1595 206 1621; x_wconf 85' lang='lat' dir='ltr'><strong>sit</strong></span> <span class='ocrx_word' id='word_1_466' title='bbox 216 1595 306 1621; x_wconf 85' lang='lat' dir='ltr'><strong>alium</strong></span> <span class='ocrx_word' id='word_1_467' title='bbox 318 1602 372 1620; x_wconf 92' lang='lat' dir='ltr'><strong>non</strong></span> <span class='ocrx_word' id='word_1_468' title='bbox 388 1594 488 1620; x_wconf 80' lang='lat' dir='ltr'><strong>mereri</strong></span> <span class='ocrx_word' id='word_1_469' title='bbox 500 1593 635 1624; x_wconf 82' lang='lat' dir='ltr'><strong>benedici,</strong></span> <span class='ocrx_word' id='word_1_470' title='bbox 645 1592 697 1618; x_wconf 90' lang='lat' dir='ltr'><strong>nisi</strong></span> <span class='ocrx_word' id='word_1_471' title='bbox 709 1592 756 1627; x_wconf 90' lang='lat' dir='ltr'><strong>qui</strong></span> <span class='ocrx_word' id='word_1_472' title='bbox 764 1592 847 1618; x_wconf 85' lang='lat' dir='ltr'><strong>tidem</strong></span> 
     </span>
    </p>
   </div>
   <div class='ocr_carea' id='block_1_46' title="bbox 66 1636 849 1672">
    <p class='ocr_par' dir='ltr' id='par_1_46' title="bbox 66 1636 849 1672">
     <span class='ocr_line' id='line_1_46' title="bbox 66 1636 849 1672; baseline -0.003 -8"><span class='ocrx_word' id='word_1_473' title='bbox 66 1639 115 1672; x_wconf 87' lang='lat' dir='ltr'><strong>ejus</strong></span> <span class='ocrx_word' id='word_1_474' title='bbox 124 1639 219 1666; x_wconf 80' lang='lat' dir='ltr'><strong>habet?</strong></span> <span class='ocrx_word' id='word_1_475' title='bbox 232 1639 314 1670; x_wconf 84' lang='lat' dir='ltr'><strong>Quod</strong></span> <span class='ocrx_word' id='word_1_476' title='bbox 329 1638 437 1665; x_wconf 88' lang='lat' dir='ltr'><strong>duobus</strong></span> <span class='ocrx_word' id='word_1_477' title='bbox 452 1638 542 1664; x_wconf 86' lang='lat' dir='ltr'><strong>modis</strong></span> <span class='ocrx_word' id='word_1_478' title='bbox 557 1640 648 1672; x_wconf 85' lang='lat' dir='ltr'><strong>potest</strong></span> <span class='ocrx_word' id='word_1_479' title='bbox 657 1636 726 1663; x_wconf 87' lang='lat' dir='ltr'><strong>solvi</strong></span> <span class='ocrx_word' id='word_1_480' title='bbox 739 1645 743 1662; x_wconf 94' lang='lat'>:</span> <span class='ocrx_word' id='word_1_481' title='bbox 754 1637 849 1662; x_wconf 83' lang='lat' dir='ltr'><strong>Potest</strong></span> 
     </span>
    </p>
   </div>
   <div class='ocr_carea' id='block_1_47' title="bbox 67 1680 847 1718">
    <p class='ocr_par' dir='ltr' id='par_1_47' title="bbox 67 1680 847 1718">
     <span class='ocr_line' id='line_1_47' title="bbox 67 1680 847 1718; baseline 0 -11"><span class='ocrx_word' id='word_1_482' title='bbox 67 1683 127 1709; x_wconf 86' lang='lat' dir='ltr'><strong>enim</strong></span> <span class='ocrx_word' id='word_1_483' title='bbox 140 1683 376 1718; x_wconf 87' lang='lat' dir='ltr'><strong>synechdochicos</strong></span> <span class='ocrx_word' id='word_1_484' title='bbox 386 1683 481 1717; x_wconf 83' lang='lat' dir='ltr'><strong>accipi,</strong></span> <span class='ocrx_word' id='word_1_485' title='bbox 495 1683 545 1708; x_wconf 93' lang='lat' dir='ltr'><strong>hoc</strong></span> <span class='ocrx_word' id='word_1_486' title='bbox 560 1685 600 1708; x_wconf 87' lang='lat' dir='ltr'><strong>est</strong></span> <span class='ocrx_word' id='word_1_487' title='bbox 611 1690 627 1708; x_wconf 87' lang='lat' dir='ltr'><strong>a</strong></span> <span class='ocrx_word' id='word_1_488' title='bbox 637 1683 696 1707; x_wconf 87' lang='lat' dir='ltr'><strong>toto</strong></span> <span class='ocrx_word' id='word_1_489' title='bbox 705 1680 847 1716; x_wconf 87' lang='lat' dir='ltr'><strong>pars,quia</strong></span> 
     </span>
    </p>
   </div>
   <div class='ocr_carea' id='block_1_48' title="bbox 66 1725 848 1760">
    <p class='ocr_par' dir='ltr' id='par_1_48' title="bbox 66 1725 848 1760">
     <span class='ocr_line' id='line_1_48' title="bbox 66 1725 848 1760; baseline -0.003 -7"><span class='ocrx_word' id='word_1_490' title='bbox 66 1727 118 1754; x_wconf 88' lang='lat' dir='ltr'><strong>licet</strong></span> <span class='ocrx_word' id='word_1_491' title='bbox 126 1736 218 1755; x_wconf 91' lang='lat' dir='ltr'><strong>omnes</strong></span> <span class='ocrx_word' id='word_1_492' title='bbox 231 1737 288 1755; x_wconf 90' lang='lat' dir='ltr'><strong>non</strong></span> <span class='ocrx_word' id='word_1_493' title='bbox 297 1728 424 1760; x_wconf 84' lang='lat' dir='ltr'><strong>credant,</strong></span> <span class='ocrx_word' id='word_1_494' title='bbox 433 1730 525 1754; x_wconf 87' lang='lat' dir='ltr'><strong>tamen</strong></span> <span class='ocrx_word' id='word_1_495' title='bbox 537 1735 568 1753; x_wconf 86' lang='lat' dir='ltr'><strong>ex</strong></span> <span class='ocrx_word' id='word_1_496' title='bbox 580 1726 708 1753; x_wconf 91' lang='lat' dir='ltr'><strong>omnibus</strong></span> <span class='ocrx_word' id='word_1_497' title='bbox 717 1725 848 1760; x_wconf 81' lang='lat' dir='ltr'><strong>gentibus</strong></span> 
     </span>
    </p>
   </div>
   <div class='ocr_carea' id='block_1_49' title="bbox 67 1769 849 1807">
    <p class='ocr_par' dir='ltr' id='par_1_49' title="bbox 67 1769 849 1807">
     <span class='ocr_line' id='line_1_49' title="bbox 67 1769 849 1807; baseline 0 -11"><span class='ocrx_word' id='word_1_498' title='bbox 67 1772 134 1798; x_wconf 82' lang='lat' dir='ltr'><strong>tidem</strong></span> <span class='ocrx_word' id='word_1_499' title='bbox 149 1773 207 1807; x_wconf 83' lang='lat' dir='ltr'><strong>ejus</strong></span> <span class='ocrx_word' id='word_1_500' title='bbox 221 1773 346 1799; x_wconf 84' lang='lat' dir='ltr'><strong>habent:</strong></span> <span class='ocrx_word' id='word_1_501' title='bbox 367 1772 409 1798; x_wconf 88' lang='lat' dir='ltr'><strong>vel</strong></span> <span class='ocrx_word' id='word_1_502' title='bbox 427 1780 523 1798; x_wconf 89' lang='lat' dir='ltr'><strong>omnes</strong></span> <span class='ocrx_word' id='word_1_503' title='bbox 539 1771 584 1806; x_wconf 88' lang='lat' dir='ltr'><strong>qui</strong></span> <span class='ocrx_word' id='word_1_504' title='bbox 602 1773 745 1797; x_wconf 84' lang='lat' dir='ltr'><strong>merentur</strong></span> <span class='ocrx_word' id='word_1_505' title='bbox 767 1769 849 1796; x_wconf 86' lang='lat' dir='ltr'><strong>bene-</strong></span> 
     </span>
    </p>
   </div>
   <div class='ocr_carea' id='block_1_50' title="bbox 67 1815 849 1849">
    <p class='ocr_par' dir='ltr' id='par_1_50' title="bbox 67 1815 849 1849">
     <span class='ocr_line' id='line_1_50' title="bbox 67 1815 849 1849; baseline 0 -8"><span class='ocrx_word' id='word_1_506' title='bbox 67 1815 207 1849; x_wconf 85' lang='lat' dir='ltr'><strong>dictionem,</strong></span> <span class='ocrx_word' id='word_1_507' title='bbox 220 1818 247 1844; x_wconf 92' lang='lat' dir='ltr'><strong>in</strong></span> <span class='ocrx_word' id='word_1_508' title='bbox 262 1817 377 1844; x_wconf 84' lang='lat' dir='ltr'><strong>Christo</strong></span> <span class='ocrx_word' id='word_1_509' title='bbox 392 1816 604 1843; x_wconf 85' lang='lat' dir='ltr'><strong>benedicuntur.</strong></span> <span class='ocrx_word' id='word_1_510' title='bbox 622 1815 767 1842; x_wconf 87' lang='lat' dir='ltr'><strong>Subnectit</strong></span> <span class='ocrx_word' id='word_1_511' title='bbox 784 1823 849 1849; x_wconf 88' lang='lat' dir='ltr'><strong>ergo</strong></span> 
     </span>
    </p>
   </div>
   <div class='ocr_carea' id='block_1_51' title="bbox 67 1858 848 1894">
    <p class='ocr_par' dir='ltr' id='par_1_51' title="bbox 67 1858 848 1894">
     <span class='ocr_line' id='line_1_51' title="bbox 67 1858 848 1894; baseline -0.005 -6"><span class='ocrx_word' id='word_1_512' title='bbox 67 1860 206 1894; x_wconf 63' lang='lat' dir='ltr'><strong>Apostolus,</strong></span> <span class='ocrx_word' id='word_1_513' title='bbox 225 1864 253 1888; x_wconf 90' lang='lat' dir='ltr'><strong>et</strong></span> <span class='ocrx_word' id='word_1_514' title='bbox 272 1861 360 1888; x_wconf 88' lang='lat' dir='ltr'><strong>dicit:</strong></span> <span class='ocrx_word' id='word_1_515' title='bbox 382 1861 443 1887; x_wconf 77' lang='lat' dir='ltr'><strong>Non</strong></span> <span class='ocrx_word' id='word_1_516' title='bbox 470 1861 547 1892; x_wconf 78' lang='lat' dir='ltr'><strong>dicit,</strong></span> <span class='ocrx_word' id='word_1_517' title='bbox 571 1859 704 1886; x_wconf 84' lang='lat' dir='ltr'><strong>subaudis</strong></span> <span class='ocrx_word' id='word_1_518' title='bbox 729 1858 848 1885; x_wconf 68' lang='lat' dir='ltr'><strong>Abrahae</strong></span> 
     </span>
    </p>
   </div>
   <div class='ocr_carea' id='block_1_52' title="bbox 68 1903 849 1942">
    <p class='ocr_par' dir='ltr' id='par_1_52' title="bbox 68 1903 849 1942">
     <span class='ocr_line' id='line_1_52' title="bbox 68 1903 849 1942; baseline 0 -13"><span class='ocrx_word' id='word_1_519' title='bbox 68 1903 133 1933; x_wconf 59' lang='lat' dir='ltr'><strong>dictae</strong></span> <span class='ocrx_word' id='word_1_520' title='bbox 145 1910 206 1933; x_wconf 91' lang='lat' dir='ltr'><strong>sunt</strong></span> <span class='ocrx_word' id='word_1_521' title='bbox 219 1905 434 1942; x_wconf 89' lang='lat' dir='ltr'><strong>promissiones,</strong></span> <span class='ocrx_word' id='word_1_522' title='bbox 451 1907 475 1931; x_wconf 75' lang='lat' dir='ltr'><strong>ct</strong></span> <span class='ocrx_word' id='word_1_523' title='bbox 488 1905 638 1930; x_wconf 70' lang='lat' dir='ltr'><strong>seminibus</strong></span> <span class='ocrx_word' id='word_1_524' title='bbox 650 1904 719 1938; x_wconf 87' lang='lat' dir='ltr'><strong>ejus,</strong></span> <span class='ocrx_word' id='word_1_525' title='bbox 731 1903 780 1930; x_wconf 87' lang='lat' dir='ltr'><strong>sed</strong></span> <span class='ocrx_word' id='word_1_526' title='bbox 793 1903 849 1929; x_wconf 90' lang='lat' dir='ltr'><strong>sin-</strong></span> 
     </span>
    </p>
   </div>
   <div class='ocr_carea' id='block_1_53' title="bbox 66 1947 847 1982">
    <p class='ocr_par' dir='ltr' id='par_1_53' title="bbox 66 1947 847 1982">
     <span class='ocr_line' id='line_1_53' title="bbox 66 1947 847 1982; baseline -0.003 -7"><span class='ocrx_word' id='word_1_527' title='bbox 66 1949 142 1982; x_wconf 80' lang='lat' dir='ltr'><strong>gulari</strong></span> <span class='ocrx_word' id='word_1_528' title='bbox 155 1959 272 1977; x_wconf 91' lang='lat' dir='ltr'><strong>numero</strong></span> <span class='ocrx_word' id='word_1_529' title='bbox 283 1950 389 1976; x_wconf 88' lang='lat' dir='ltr'><strong>dicitur</strong></span> <span class='ocrx_word' id='word_1_530' title='bbox 403 1950 512 1975; x_wconf 77' lang='lat' dir='ltr'><strong>semini.</strong></span> <span class='ocrx_word' id='word_1_531' title='bbox 529 1949 591 1975; x_wconf 75' lang='lat' dir='ltr'><strong>Non</strong></span> <span class='ocrx_word' id='word_1_532' title='bbox 606 1948 674 1974; x_wconf 81' lang='lat' dir='ltr'><strong>dicit</strong></span> <span class='ocrx_word' id='word_1_533' title='bbox 690 1947 847 1982; x_wconf 82' lang='lat' dir='ltr'><strong>Scriptura:</strong></span> 
     </span>
    </p>
   </div>
   <div class='ocr_carea' id='block_1_54' title="bbox 68 1991 849 2027">
    <p class='ocr_par' dir='ltr' id='par_1_54' title="bbox 68 1991 849 2027">
     <span class='ocr_line' id='line_1_54' title="bbox 68 1991 849 2027; baseline 0 -9"><span class='ocrx_word' id='word_1_534' title='bbox 68 1992 92 2018; x_wconf 93' lang='lat' dir='ltr'><strong>ln</strong></span> <span class='ocrx_word' id='word_1_535' title='bbox 101 1994 244 2021; x_wconf 82' lang='lat' dir='ltr'><strong>seminibus</strong></span> <span class='ocrx_word' id='word_1_536' title='bbox 260 1995 321 2021; x_wconf 86' lang='lat' dir='ltr'><strong>tuis</strong></span> <span class='ocrx_word' id='word_1_537' title='bbox 333 1994 531 2020; x_wconf 84' lang='lat' dir='ltr'><strong>benedicentur</strong></span> <span class='ocrx_word' id='word_1_538' title='bbox 543 1994 752 2027; x_wconf 83' lang='lat' dir='ltr'><strong>omncsgentes,</strong></span> <span class='ocrx_word' id='word_1_539' title='bbox 763 1992 810 2018; x_wconf 85' lang='lat' dir='ltr'><strong>sed</strong></span> <span class='ocrx_word' id='word_1_540' title='bbox 821 1991 849 2018; x_wconf 92' lang='lat' dir='ltr'><strong>in</strong></span> 
     </span>
    </p>
   </div>
   <div class='ocr_carea' id='block_1_55' title="bbox 68 2036 850 2071">
    <p class='ocr_par' dir='ltr' id='par_1_55' title="bbox 68 2036 850 2071">
     <span class='ocr_line' id='line_1_55' title="bbox 68 2036 850 2071; baseline -0.001 -8"><span class='ocrx_word' id='word_1_541' title='bbox 68 2038 156 2065; x_wconf 79' lang='lat' dir='ltr'><strong>semine</strong></span> <span class='ocrx_word' id='word_1_542' title='bbox 169 2042 226 2066; x_wconf 90' lang='lat' dir='ltr'><strong>tuo.</strong></span> <span class='ocrx_word' id='word_1_543' title='bbox 239 2043 271 2066; x_wconf 88' lang='lat' dir='ltr'><strong>ut</strong></span> <span class='ocrx_word' id='word_1_544' title='bbox 286 2040 324 2065; x_wconf 90' lang='lat' dir='ltr'><strong>de</strong></span> <span class='ocrx_word' id='word_1_545' title='bbox 340 2038 451 2065; x_wconf 81' lang='lat' dir='ltr'><strong>Christo</strong></span> <span class='ocrx_word' id='word_1_546' title='bbox 476 2037 665 2071; x_wconf 84' lang='lat' dir='ltr'><strong>intelligamus</strong></span> <span class='ocrx_word' id='word_1_547' title='bbox 688 2037 802 2063; x_wconf 90' lang='lat' dir='ltr'><strong>dictum.</strong></span> <span class='ocrx_word' id='word_1_548' title='bbox 819 2036 850 2063; x_wconf 81' lang='lat' dir='ltr'><strong>Si</strong></span> 
     </span>
    </p>
   </div>
   <div class='ocr_carea' id='block_1_56' title="bbox 69 2081 851 2119">
    <p class='ocr_par' dir='ltr' id='par_1_56' title="bbox 69 2081 851 2119">
     <span class='ocr_line' id='line_1_56' title="bbox 69 2081 851 2119; baseline -0.001 -12"><span class='ocrx_word' id='word_1_549' title='bbox 69 2081 129 2109; x_wconf 72' lang='lat' dir='ltr'><strong>enim</strong></span> <span class='ocrx_word' id='word_1_550' title='bbox 142 2083 254 2110; x_wconf 73' lang='lat' dir='ltr'><strong>dixisset</strong></span> <span class='ocrx_word' id='word_1_551' title='bbox 272 2083 421 2119; x_wconf 83' lang='lat' dir='ltr'><strong>pluraliter</strong></span> <span class='ocrx_word' id='word_1_552' title='bbox 436 2082 599 2113; x_wconf 86' lang='lat' dir='ltr'><strong>seminibus,</strong></span> <span class='ocrx_word' id='word_1_553' title='bbox 612 2082 729 2108; x_wconf 77' lang='lat' dir='ltr'><strong>fortasse</strong></span> <span class='ocrx_word' id='word_1_554' title='bbox 746 2081 851 2107; x_wconf 83' lang='lat' dir='ltr'><strong>diceret</strong></span> 
     </span>
    </p>
   </div>
   <div class='ocr_carea' id='block_1_57' title="bbox 69 2125 851 2162">
    <p class='ocr_par' dir='ltr' id='par_1_57' title="bbox 69 2125 851 2162">
     <span class='ocr_line' id='line_1_57' title="bbox 69 2125 851 2162; baseline -0.003 -9"><span class='ocrx_word' id='word_1_555' title='bbox 69 2127 153 2162; x_wconf 66' lang='lat' dir='ltr'><strong>aliqum</strong></span> <span class='ocrx_word' id='word_1_556' title='bbox 166 2128 365 2155; x_wconf 86' lang='lat' dir='ltr'><strong>contendendo</strong></span> <span class='ocrx_word' id='word_1_557' title='bbox 376 2127 409 2153; x_wconf 92' lang='lat' dir='ltr'><strong>de</strong></span> <span class='ocrx_word' id='word_1_558' title='bbox 422 2126 507 2153; x_wconf 79' lang='lat' dir='ltr'><strong>David</strong></span> <span class='ocrx_word' id='word_1_559' title='bbox 519 2130 546 2152; x_wconf 90' lang='lat' dir='ltr'><strong>ct</strong></span> <span class='ocrx_word' id='word_1_560' title='bbox 556 2126 590 2152; x_wconf 89' lang='lat' dir='ltr'><strong>de</strong></span> <span class='ocrx_word' id='word_1_561' title='bbox 599 2126 661 2152; x_wconf 79' lang='lat' dir='ltr'><strong>aliis</strong></span> <span class='ocrx_word' id='word_1_562' title='bbox 676 2125 778 2152; x_wconf 73' lang='lat' dir='ltr'><strong>Judzcis</strong></span> <span class='ocrx_word' id='word_1_563' title='bbox 791 2133 851 2151; x_wconf 88' lang='lat' dir='ltr'><strong>esse</strong></span> 
     </span>
    </p>
   </div>
   <div class='ocr_carea' id='block_1_58' title="bbox 70 2170 851 2206">
    <p class='ocr_par' dir='ltr' id='par_1_58' title="bbox 70 2170 851 2206">
     <span class='ocr_line' id='line_1_58' title="bbox 70 2170 851 2206; baseline 0 -10"><span class='ocrx_word' id='word_1_564' title='bbox 70 2171 167 2199; x_wconf 84' lang='lat' dir='ltr'><strong>dictum.</strong></span> <span class='ocrx_word' id='word_1_565' title='bbox 183 2173 315 2205; x_wconf 87' lang='lat' dir='ltr'><strong>Quodam</strong></span> <span class='ocrx_word' id='word_1_566' title='bbox 332 2172 402 2203; x_wconf 88' lang='lat' dir='ltr'><strong>loco,</strong></span> <span class='ocrx_word' id='word_1_567' title='bbox 417 2171 513 2197; x_wconf 88' lang='lat' dir='ltr'><strong>beatus</strong></span> <span class='ocrx_word' id='word_1_568' title='bbox 530 2170 778 2206; x_wconf 80' lang='lat' dir='ltr'><strong>llicronymus,qui</strong></span> <span class='ocrx_word' id='word_1_569' title='bbox 790 2178 851 2196; x_wconf 88' lang='lat' dir='ltr'><strong>om-</strong></span> 
     </span>
    </p>
   </div>
   <div class='ocr_carea' id='block_1_59' title="bbox 70 2214 851 2253">
    <p class='ocr_par' dir='ltr' id='par_1_59' title="bbox 70 2214 851 2253">
     <span class='ocr_line' id='line_1_59' title="bbox 70 2214 851 2253; baseline -0.001 -12"><span class='ocrx_word' id='word_1_570' title='bbox 70 2223 108 2242; x_wconf 72' lang='lat' dir='ltr'><strong>nes</strong></span> <span class='ocrx_word' id='word_1_571' title='bbox 119 2218 266 2253; x_wconf 84' lang='lat' dir='ltr'><strong>scripturas</strong></span> <span class='ocrx_word' id='word_1_572' title='bbox 292 2224 390 2244; x_wconf 87' lang='lat' dir='ltr'><strong>sacras</strong></span> <span class='ocrx_word' id='word_1_573' title='bbox 408 2215 517 2242; x_wconf 71' lang='lat' dir='ltr'><strong>Veteris</strong></span> <span class='ocrx_word' id='word_1_574' title='bbox 536 2218 564 2241; x_wconf 84' lang='lat' dir='ltr'><strong>et</strong></span> <span class='ocrx_word' id='word_1_575' title='bbox 588 2215 656 2242; x_wconf 80' lang='lat' dir='ltr'><strong>Novi</strong></span> <span class='ocrx_word' id='word_1_576' title='bbox 679 2214 851 2242; x_wconf 82' lang='lat' dir='ltr'><strong>Testamenti</strong></span> 
     </span>
    </p>
   </div>
   <div class='ocr_carea' id='block_1_60' title="bbox 71 2259 851 2296">
    <p class='ocr_par' dir='ltr' id='par_1_60' title="bbox 71 2259 851 2296">
     <span class='ocr_line' id='line_1_60' title="bbox 71 2259 851 2296; baseline 0 -11"><span class='ocrx_word' id='word_1_577' title='bbox 71 2268 137 2287; x_wconf 69' lang='lat' dir='ltr'><strong>sensu</strong></span> <span class='ocrx_word' id='word_1_578' title='bbox 151 2266 176 2288; x_wconf 84' lang='lat' dir='ltr'><strong>et</strong></span> <span class='ocrx_word' id='word_1_579' title='bbox 191 2262 333 2289; x_wconf 81' lang='lat' dir='ltr'><strong>memoria</strong></span> <span class='ocrx_word' id='word_1_580' title='bbox 343 2259 527 2296; x_wconf 83' lang='lat' dir='ltr'><strong>peragitabat,</strong></span> <span class='ocrx_word' id='word_1_581' title='bbox 544 2259 627 2286; x_wconf 87' lang='lat' dir='ltr'><strong>dicit:</strong></span> <span class='ocrx_word' id='word_1_582' title='bbox 644 2260 788 2294; x_wconf 81' lang='lat' dir='ltr'><strong>Nusquam</strong></span> <span class='ocrx_word' id='word_1_583' title='bbox 802 2267 851 2294; x_wconf 89' lang='lat' dir='ltr'><strong>po-</strong></span> 
     </span>
    </p>
   </div>
   <div class='ocr_carea' id='block_1_61' title="bbox 70 2304 852 2340">
    <p class='ocr_par' dir='ltr' id='par_1_61' title="bbox 70 2304 852 2340">
     <span class='ocr_line' id='line_1_61' title="bbox 70 2304 852 2340; baseline 0 -11"><span class='ocrx_word' id='word_1_584' title='bbox 70 2304 239 2334; x_wconf 85' lang='lat' dir='ltr'><strong>tuitinvenire</strong></span> <span class='ocrx_word' id='word_1_585' title='bbox 249 2308 366 2334; x_wconf 85' lang='lat' dir='ltr'><strong>semina</strong></span> <span class='ocrx_word' id='word_1_586' title='bbox 379 2305 479 2340; x_wconf 85' lang='lat' dir='ltr'><strong>plurali</strong></span> <span class='ocrx_word' id='word_1_587' title='bbox 491 2312 607 2331; x_wconf 81' lang='lat' dir='ltr'><strong>numero</strong></span> <span class='ocrx_word' id='word_1_588' title='bbox 625 2304 724 2339; x_wconf 87' lang='lat' dir='ltr'><strong>posita,</strong></span> <span class='ocrx_word' id='word_1_589' title='bbox 741 2304 852 2338; x_wconf 84' lang='lat' dir='ltr'><strong>quando</strong></span> 
     </span>
    </p>
   </div>
   <div class='ocr_carea' id='block_1_62' title="bbox 72 2347 854 2386">
    <p class='ocr_par' dir='ltr' id='par_1_62' title="bbox 72 2347 854 2386">
     <span class='ocr_line' id='line_1_62' title="bbox 72 2347 854 2386; baseline -0.004 -9"><span class='ocrx_word' id='word_1_590' title='bbox 72 2347 98 2374; x_wconf 81' lang='lat' dir='ltr'><strong>de</strong></span> <span class='ocrx_word' id='word_1_591' title='bbox 105 2352 296 2386; x_wconf 83' lang='lat' dir='ltr'><strong>propagatione</strong></span> <span class='ocrx_word' id='word_1_592' title='bbox 305 2351 428 2377; x_wconf 83' lang='lat' dir='ltr'><strong>ﬁliorum</strong></span> <span class='ocrx_word' id='word_1_593' title='bbox 436 2358 480 2376; x_wconf 78' lang='lat' dir='ltr'><strong>res</strong></span> <span class='ocrx_word' id='word_1_594' title='bbox 489 2349 588 2383; x_wconf 82' lang='lat' dir='ltr'><strong>agitur.</strong></span> <span class='ocrx_word' id='word_1_595' title='bbox 595 2348 623 2375; x_wconf 88' lang='lat' dir='ltr'><strong>Si</strong></span> <span class='ocrx_word' id='word_1_596' title='bbox 631 2356 694 2375; x_wconf 82' lang='lat' dir='ltr'><strong>vero</strong></span> <span class='ocrx_word' id='word_1_597' title='bbox 704 2348 739 2374; x_wconf 86' lang='lat' dir='ltr'><strong>ad</strong></span> <span class='ocrx_word' id='word_1_598' title='bbox 746 2356 854 2375; x_wconf 72' lang='lat' dir='ltr'><strong>scmcn~</strong></span> 
     </span>
    </p>
   </div>
   <div class='ocr_carea' id='block_1_63' title="bbox 71 2392 852 2431">
    <p class='ocr_par' dir='ltr' id='par_1_63' title="bbox 71 2392 852 2431">
     <span class='ocr_line' id='line_1_63' title="bbox 71 2392 852 2431; baseline 0 -13"><span class='ocrx_word' id='word_1_599' title='bbox 71 2395 114 2420; x_wconf 88' lang='lat' dir='ltr'><strong>tem</strong></span> <span class='ocrx_word' id='word_1_600' title='bbox 121 2395 253 2423; x_wconf 83' lang='lat' dir='ltr'><strong>fructuum</strong></span> <span class='ocrx_word' id='word_1_601' title='bbox 266 2395 405 2431; x_wconf 86' lang='lat' dir='ltr'><strong>pertinet,</strong></span> <span class='ocrx_word' id='word_1_602' title='bbox 418 2394 444 2421; x_wconf 92' lang='lat' dir='ltr'><strong>in</strong></span> <span class='ocrx_word' id='word_1_603' title='bbox 450 2394 558 2420; x_wconf 83' lang='lat' dir='ltr'><strong>venitur</strong></span> <span class='ocrx_word' id='word_1_604' title='bbox 565 2393 710 2428; x_wconf 88' lang='lat' dir='ltr'><strong>pluraliter</strong></span> <span class='ocrx_word' id='word_1_605' title='bbox 720 2392 852 2427; x_wconf 84' lang='lat' dir='ltr'><strong>positum,</strong></span> 
     </span>
    </p>
   </div>
   <div class='ocr_carea' id='block_1_64' title="bbox 73 2436 854 2473">
    <p class='ocr_par' dir='ltr' id='par_1_64' title="bbox 73 2436 854 2473">
     <span class='ocr_line' id='line_1_64' title="bbox 73 2436 854 2473; baseline 0 -11"><span class='ocrx_word' id='word_1_606' title='bbox 73 2441 96 2463; x_wconf 87' lang='lat' dir='ltr'><strong>ut</strong></span> <span class='ocrx_word' id='word_1_607' title='bbox 108 2438 130 2464; x_wconf 89' lang='lat' dir='ltr'><strong>in</strong></span> <span class='ocrx_word' id='word_1_608' title='bbox 141 2440 237 2467; x_wconf 80' lang='lat' dir='ltr'><strong>Genesi</strong></span> <span class='ocrx_word' id='word_1_609' title='bbox 262 2440 389 2467; x_wconf 81' lang='lat' dir='ltr'><strong>habetur</strong></span> <span class='ocrx_word' id='word_1_610' title='bbox 405 2449 410 2466; x_wconf 92' lang='lat'><strong>:</strong></span> <span class='ocrx_word' id='word_1_611' title='bbox 437 2438 582 2473; x_wconf 66' lang='lat' dir='ltr'><strong>Praecepit,</strong></span> <span class='ocrx_word' id='word_1_612' title='bbox 596 2437 735 2472; x_wconf 83' lang='lat' dir='ltr'><strong>inquiens,</strong></span> <span class='ocrx_word' id='word_1_613' title='bbox 752 2436 854 2471; x_wconf 87' lang='lat' dir='ltr'><strong>Joseph</strong></span> 
     </span>
    </p>
   </div>
   <div class='ocr_carea' id='block_1_65' title="bbox 72 2481 854 2520">
    <p class='ocr_par' dir='ltr' id='par_1_65' title="bbox 72 2481 854 2520">
     <span class='ocr_line' id='line_1_65' title="bbox 72 2481 854 2520; baseline -0.005 -9"><span class='ocrx_word' id='word_1_614' title='bbox 72 2481 199 2519; x_wconf 39' lang='lat' dir='ltr'><strong>t‘Egyptiis,</strong></span> <span class='ocrx_word' id='word_1_615' title='bbox 215 2489 247 2513; x_wconf 90' lang='lat' dir='ltr'><strong>ut</strong></span> <span class='ocrx_word' id='word_1_616' title='bbox 260 2485 424 2520; x_wconf 86' lang='lat' dir='ltr'><strong>acciperent</strong></span> <span class='ocrx_word' id='word_1_617' title='bbox 449 2482 565 2514; x_wconf 85' lang='lat' dir='ltr'><strong>semina,</strong></span> <span class='ocrx_word' id='word_1_618' title='bbox 584 2484 612 2508; x_wconf 85' lang='lat' dir='ltr'><strong>et</strong></span> <span class='ocrx_word' id='word_1_619' title='bbox 627 2481 807 2513; x_wconf 84' lang='lat' dir='ltr'><strong>seminarent,</strong></span> <span class='ocrx_word' id='word_1_620' title='bbox 820 2489 854 2507; x_wconf 86' lang='lat' dir='ltr'><strong>ne</strong></span> 
     </span>
    </p>
   </div>
   <div class='ocr_carea' id='block_1_66' title="bbox 72 2525 782 2564">
    <p class='ocr_par' dir='ltr' id='par_1_66' title="bbox 72 2525 782 2564">
     <span class='ocr_line' id='line_1_66' title="bbox 72 2525 782 2564; baseline 0.001 -13"><span class='ocrx_word' id='word_1_621' title='bbox 72 2525 130 2554; x_wconf 78' lang='lat' dir='ltr'><strong>forte</strong></span> <span class='ocrx_word' id='word_1_622' title='bbox 143 2532 212 2556; x_wconf 86' lang='lat' dir='ltr'><strong>terra</strong></span> <span class='ocrx_word' id='word_1_623' title='bbox 225 2530 407 2564; x_wconf 84' lang='lat' dir='ltr'><strong>redigeretur</strong></span> <span class='ocrx_word' id='word_1_624' title='bbox 419 2527 447 2554; x_wconf 93' lang='lat' dir='ltr'><strong>in</strong></span> <span class='ocrx_word' id='word_1_625' title='bbox 464 2527 581 2554; x_wconf 91' lang='lat' dir='ltr'><strong>nihilum</strong></span> <span class='ocrx_word' id='word_1_626' title='bbox 596 2526 671 2558; x_wconf 76' lang='lat' dir='ltr'><strong>(Gen.</strong></span> <span class='ocrx_word' id='word_1_627' title='bbox 689 2527 782 2560; x_wconf 77' lang='lat' dir='ltr'><strong>xcvu).</strong></span> 
     </span>
    </p>
   </div>
   <div class='ocr_carea' id='block_1_67' title="bbox 100 2570 855 2606">
    <p class='ocr_par' dir='ltr' id='par_1_67' title="bbox 100 2570 855 2606">
     <span class='ocr_line' id='line_1_67' title="bbox 100 2570 855 2606; baseline -0.003 -7"><span class='ocrx_word' id='word_1_628' title='bbox 100 2573 146 2599; x_wconf 76' lang='lat' dir='ltr'><strong>[loc</strong></span> <span class='ocrx_word' id='word_1_629' title='bbox 157 2577 245 2601; x_wconf 77' lang='lat' dir='ltr'><strong>autem</strong></span> <span class='ocrx_word' id='word_1_630' title='bbox 263 2575 473 2605; x_wconf 77' lang='lat' dir='ltr'><strong>testamentum,</strong></span> <span class='ocrx_word' id='word_1_631' title='bbox 489 2572 516 2599; x_wconf 90' lang='lat' dir='ltr'><strong>id</strong></span> <span class='ocrx_word' id='word_1_632' title='bbox 532 2574 575 2598; x_wconf 87' lang='lat' dir='ltr'><strong>est</strong></span> <span class='ocrx_word' id='word_1_633' title='bbox 593 2571 662 2598; x_wconf 89' lang='lat' dir='ltr'><strong>illud</strong></span> <span class='ocrx_word' id='word_1_634' title='bbox 686 2570 855 2606; x_wconf 88' lang='lat' dir='ltr'><strong>promissum</strong></span> 
     </span>
    </p>
   </div>
   <div class='ocr_carea' id='block_1_68' title="bbox 75 2617 856 2649">
    <p class='ocr_par' dir='ltr' id='par_1_68' title="bbox 75 2617 856 2649">
     <span class='ocr_line' id='line_1_68' title="bbox 75 2617 856 2649; baseline 0.001 -8"><span class='ocrx_word' id='word_1_635' title='bbox 75 2617 133 2649; x_wconf 85' lang='lat' dir='ltr'><strong>quod</strong></span> <span class='ocrx_word' id='word_1_636' title='bbox 144 2617 230 2645; x_wconf 80' lang='lat' dir='ltr'><strong>fuerat</strong></span> <span class='ocrx_word' id='word_1_637' title='bbox 245 2618 354 2645; x_wconf 79' lang='lat' dir='ltr'><strong>factum</strong></span> <span class='ocrx_word' id='word_1_638' title='bbox 370 2617 404 2644; x_wconf 87' lang='lat' dir='ltr'><strong>ad</strong></span> <span class='ocrx_word' id='word_1_639' title='bbox 418 2617 569 2647; x_wconf 83' lang='lat' dir='ltr'><strong>Abraham,</strong></span> <span class='ocrx_word' id='word_1_640' title='bbox 582 2617 641 2642; x_wconf 80' lang='lat' dir='ltr'><strong>dico</strong></span> <span class='ocrx_word' id='word_1_641' title='bbox 652 2624 697 2649; x_wconf 81' lang='lat' dir='ltr'><strong>ego</strong></span> <span class='ocrx_word' id='word_1_642' title='bbox 707 2617 856 2648; x_wconf 81' lang='lat' dir='ltr'><strong>conﬁrma-</strong></span> 
     </span>
    </p>
   </div>
   <div class='ocr_carea' id='block_1_69' title="bbox 75 2660 859 2689">
    <p class='ocr_par' dir='ltr' id='par_1_69' title="bbox 75 2660 859 2689">
     <span class='ocr_line' id='line_1_69' title="bbox 75 2660 859 2689; baseline 0.003 -5"><span class='ocrx_word' id='word_1_643' title='bbox 75 2661 122 2685; x_wconf 83' lang='lat' dir='ltr'><strong>tum</strong></span> <span class='ocrx_word' id='word_1_644' title='bbox 135 2669 150 2687; x_wconf 84' lang='grc' dir='ltr'><em>α</em></span> <span class='ocrx_word' id='word_1_645' title='bbox 164 2662 222 2689; x_wconf 73' lang='lat' dir='ltr'><strong>Deo.</strong></span> <span class='ocrx_word' id='word_1_646' title='bbox 238 2663 324 2689; x_wconf 83' lang='lat' dir='ltr'><strong>Hunc</strong></span> <span class='ocrx_word' id='word_1_647' title='bbox 339 2661 507 2688; x_wconf 79' lang='lat' dir='ltr'><strong>versiculum</strong></span> <span class='ocrx_word' id='word_1_648' title='bbox 533 2661 609 2687; x_wconf 80' lang='lat' dir='ltr'><strong>vario</strong></span> <span class='ocrx_word' id='word_1_649' title='bbox 638 2660 721 2687; x_wconf 92' lang='lat' dir='ltr'><strong>modo</strong></span> <span class='ocrx_word' id='word_1_650' title='bbox 744 2660 773 2687; x_wconf 87' lang='lat' dir='ltr'><strong>in</strong></span> <span class='ocrx_word' id='word_1_651' title='bbox 801 2660 859 2686; x_wconf 84' lang='lat' dir='ltr'><strong>suis</strong></span> 
     </span>
    </p>
   </div>
   <div class='ocr_carea' id='block_1_70' title="bbox 75 2704 858 2741">
    <p class='ocr_par' dir='ltr' id='par_1_70' title="bbox 75 2704 858 2741">
     <span class='ocr_line' id='line_1_70' title="bbox 75 2704 858 2741; baseline 0 -10"><span class='ocrx_word' id='word_1_652' title='bbox 75 2705 200 2739; x_wconf 86' lang='lat' dir='ltr'><strong>scripturis</strong></span> <span class='ocrx_word' id='word_1_653' title='bbox 221 2707 404 2741; x_wconf 87' lang='lat' dir='ltr'><strong>distinguunt</strong></span> <span class='ocrx_word' id='word_1_654' title='bbox 423 2706 558 2733; x_wconf 83' lang='lat' dir='ltr'><strong>doctores.</strong></span> <span class='ocrx_word' id='word_1_655' title='bbox 578 2705 697 2737; x_wconf 85' lang='lat' dir='ltr'><strong>Quidam</strong></span> <span class='ocrx_word' id='word_1_656' title='bbox 718 2704 792 2731; x_wconf 88' lang='lat' dir='ltr'><strong>enim</strong></span> <span class='ocrx_word' id='word_1_657' title='bbox 817 2705 858 2731; x_wconf 85' lang='lat' dir='ltr'><strong>fa-</strong></span> 
     </span>
    </p>
   </div>
   <div class='ocr_carea' id='block_1_71' title="bbox 76 2747 856 2786">
    <p class='ocr_par' dir='ltr' id='par_1_71' title="bbox 76 2747 856 2786">
     <span class='ocr_line' id='line_1_71' title="bbox 76 2747 856 2786; baseline 0.001 -11"><span class='ocrx_word' id='word_1_658' title='bbox 76 2747 139 2777; x_wconf 85' lang='lat' dir='ltr'><strong>ciunt</strong></span> <span class='ocrx_word' id='word_1_659' title='bbox 151 2750 299 2786; x_wconf 68' lang='lat' dir='ltr'><strong>perfectura</strong></span> <span class='ocrx_word' id='word_1_660' title='bbox 316 2750 535 2783; x_wconf 80' lang='lat' dir='ltr'><strong>distinctionem,</strong></span> <span class='ocrx_word' id='word_1_661' title='bbox 559 2749 606 2777; x_wconf 92' lang='lat' dir='ltr'><strong>ubi</strong></span> <span class='ocrx_word' id='word_1_662' title='bbox 626 2750 728 2777; x_wconf 88' lang='lat' dir='ltr'><strong>dicitur</strong></span> <span class='ocrx_word' id='word_1_663' title='bbox 747 2758 764 2777; x_wconf 82' lang='lat' dir='ltr'><strong>a</strong></span> <span class='ocrx_word' id='word_1_664' title='bbox 779 2750 856 2783; x_wconf 87' lang='lat' dir='ltr'><strong>Dco;</strong></span> 
     </span>
    </p>
   </div>
   <div class='ocr_carea' id='block_1_72' title="bbox 76 2794 858 2833">
    <p class='ocr_par' dir='ltr' id='par_1_72' title="bbox 76 2794 858 2833">
     <span class='ocr_line' id='line_1_72' title="bbox 76 2794 858 2833; baseline 0.004 -12"><span class='ocrx_word' id='word_1_665' title='bbox 76 2794 175 2831; x_wconf 80' lang='lat' dir='ltr'><strong>quidam</strong></span> <span class='ocrx_word' id='word_1_666' title='bbox 199 2804 263 2824; x_wconf 80' lang='lat' dir='ltr'><strong>vero</strong></span> <span class='ocrx_word' id='word_1_667' title='bbox 278 2795 420 2824; x_wconf 82' lang='lat' dir='ltr'><strong>mediam]</strong></span> <span class='ocrx_word' id='word_1_668' title='bbox 439 2795 515 2833; x_wconf 84' lang='lat' dir='ltr'><strong>quod</strong></span> <span class='ocrx_word' id='word_1_669' title='bbox 533 2798 684 2833; x_wconf 85' lang='lat' dir='ltr'><strong>utrumque</strong></span> <span class='ocrx_word' id='word_1_670' title='bbox 711 2794 858 2824; x_wconf 79' lang='lat' dir='ltr'><strong>convenire</strong></span> 
     </span>
    </p>
   </div>
   <div class='ocr_carea' id='block_1_73' title="bbox 179 2846 463 2880">
    <p class='ocr_par' dir='ltr' id='par_1_73' title="bbox 179 2846 463 2880">
     <span class='ocr_line' id='line_1_73' title="bbox 179 2846 463 2880; baseline -0.004 0"><span class='ocrx_word' id='word_1_671' title='bbox 179 2847 318 2880; x_wconf 77' lang='lat' dir='ltr'><strong>PATBOL.</strong></span> <span class='ocrx_word' id='word_1_672' title='bbox 344 2846 463 2880; x_wconf 82' lang='lat' dir='ltr'><strong>CXVII.</strong></span> 
     </span>
    </p>
   </div>
   <div class='ocr_carea' id='block_1_74' title="bbox 887 1549 1685 1587">
    <p class='ocr_par' dir='ltr' id='par_1_74' title="bbox 887 1549 1685 1587">
     <span class='ocr_line' id='line_1_74' title="bbox 887 1549 1685 1587; baseline 0.01 -11"><span class='ocrx_word' id='word_1_673' title='bbox 887 1558 1014 1584; x_wconf 79' lang='lat' dir='ltr'><strong>gressum</strong></span> <span class='ocrx_word' id='word_1_674' title='bbox 1029 1549 1150 1576; x_wconf 74' lang='lat' dir='ltr'><strong>Jacobin</strong></span> <span class='ocrx_word' id='word_1_675' title='bbox 1177 1550 1327 1585; x_wconf 69' lang='lat' dir='ltr'><strong>z’Egyptum</strong></span> <span class='ocrx_word' id='word_1_676' title='bbox 1349 1556 1548 1587; x_wconf 82' lang='lat' dir='ltr'><strong>computantur</strong></span> <span class='ocrx_word' id='word_1_677' title='bbox 1572 1555 1685 1584; x_wconf 86' lang='lat' dir='ltr'><strong>ducenti</strong></span> 
     </span>
    </p>
   </div>
   <div class='ocr_carea' id='block_1_75' title="bbox 889 1593 1684 1629">
    <p class='ocr_par' dir='ltr' id='par_1_75' title="bbox 889 1593 1684 1629">
     <span class='ocr_line' id='line_1_75' title="bbox 889 1593 1684 1629; baseline 0.01 -10"><span class='ocrx_word' id='word_1_678' title='bbox 889 1593 1067 1628; x_wconf 84' lang='lat' dir='ltr'><strong>quindecim:</strong></span> <span class='ocrx_word' id='word_1_679' title='bbox 1090 1593 1192 1620; x_wconf 90' lang='lat' dir='ltr'><strong>iterum</strong></span> <span class='ocrx_word' id='word_1_680' title='bbox 1212 1593 1247 1620; x_wconf 88' lang='lat' dir='ltr'><strong>ab</strong></span> <span class='ocrx_word' id='word_1_681' title='bbox 1268 1594 1394 1629; x_wconf 81' lang='lat' dir='ltr'><strong>ingressu</strong></span> <span class='ocrx_word' id='word_1_682' title='bbox 1419 1597 1503 1624; x_wconf 88' lang='lat' dir='ltr'><strong>Jacob</strong></span> <span class='ocrx_word' id='word_1_683' title='bbox 1526 1598 1555 1625; x_wconf 89' lang='lat' dir='ltr'><strong>in</strong></span> <span class='ocrx_word' id='word_1_684' title='bbox 1580 1602 1684 1627; x_wconf 87' lang='lat' dir='ltr'><strong>terram</strong></span> 
     </span>
    </p>
   </div>
   <div class='ocr_carea' id='block_1_76' title="bbox 889 1638 1687 1680">
    <p class='ocr_par' dir='ltr' id='par_1_76' title="bbox 889 1638 1687 1680">
     <span class='ocr_line' id='line_1_76' title="bbox 889 1638 1687 1680; baseline 0.011 -17"><span class='ocrx_word' id='word_1_685' title='bbox 889 1638 1001 1673; x_wconf 59' lang='lat' dir='ltr'><strong>{Egypti</strong></span> <span class='ocrx_word' id='word_1_686' title='bbox 1009 1646 1096 1673; x_wconf 89' lang='lat' dir='ltr'><strong>usque</strong></span> <span class='ocrx_word' id='word_1_687' title='bbox 1107 1638 1142 1664; x_wconf 88' lang='lat' dir='ltr'><strong>ad</strong></span> <span class='ocrx_word' id='word_1_688' title='bbox 1153 1638 1256 1665; x_wconf 73' lang='lat' dir='ltr'><strong>exitum</strong></span> <span class='ocrx_word' id='word_1_689' title='bbox 1267 1639 1386 1667; x_wconf 77' lang='lat' dir='ltr'><strong>filiorum</strong></span> <span class='ocrx_word' id='word_1_690' title='bbox 1396 1640 1482 1668; x_wconf 81' lang='lat' dir='ltr'><strong>Israel</strong></span> <span class='ocrx_word' id='word_1_691' title='bbox 1493 1650 1524 1669; x_wconf 83' lang='lat' dir='ltr'><strong>ex</strong></span> <span class='ocrx_word' id='word_1_692' title='bbox 1536 1651 1687 1680; x_wconf 86' lang='lat' dir='ltr'><strong>eacompu-</strong></span> 
     </span>
    </p>
   </div>
   <div class='ocr_carea' id='block_1_77' title="bbox 889 1682 1688 1723">
    <p class='ocr_par' dir='ltr' id='par_1_77' title="bbox 889 1682 1688 1723">
     <span class='ocr_line' id='line_1_77' title="bbox 889 1682 1688 1723; baseline 0.01 -15"><span class='ocrx_word' id='word_1_693' title='bbox 889 1684 986 1709; x_wconf 84' lang='lat' dir='ltr'><strong>tantur</strong></span> <span class='ocrx_word' id='word_1_694' title='bbox 996 1682 1125 1709; x_wconf 83' lang='lat' dir='ltr'><strong>similiter</strong></span> <span class='ocrx_word' id='word_1_695' title='bbox 1138 1683 1203 1709; x_wconf 84' lang='lat' dir='ltr'><strong>anni</strong></span> <span class='ocrx_word' id='word_1_696' title='bbox 1218 1683 1329 1710; x_wconf 87' lang='lat' dir='ltr'><strong>ducenti</strong></span> <span class='ocrx_word' id='word_1_697' title='bbox 1343 1685 1501 1719; x_wconf 91' lang='lat' dir='ltr'><strong>quindecim</strong></span> <span class='ocrx_word' id='word_1_698' title='bbox 1516 1696 1521 1713; x_wconf 90' lang='lat'><strong><em>:</em></strong></span> <span class='ocrx_word' id='word_1_699' title='bbox 1539 1688 1587 1723; x_wconf 88' lang='lat' dir='ltr'><strong>qui</strong></span> <span class='ocrx_word' id='word_1_700' title='bbox 1603 1689 1688 1716; x_wconf 88' lang='lat' dir='ltr'><strong>simul</strong></span> 
     </span>
    </p>
   </div>
   <div class='ocr_carea' id='block_1_78' title="bbox 886 1727 1688 1768">
    <p class='ocr_par' dir='ltr' id='par_1_78' title="bbox 886 1727 1688 1768">
     <span class='ocr_line' id='line_1_78' title="bbox 886 1727 1688 1768; baseline 0.01 -15"><span class='ocrx_word' id='word_1_701' title='bbox 886 1727 975 1762; x_wconf 88' lang='lat' dir='ltr'><strong>juncti</strong></span> <span class='ocrx_word' id='word_1_702' title='bbox 984 1727 1124 1762; x_wconf 77' lang='lat' dir='ltr'><strong>complent</strong></span> <span class='ocrx_word' id='word_1_703' title='bbox 1132 1736 1280 1754; x_wconf 88' lang='lat' dir='ltr'><strong>numerum</strong></span> <span class='ocrx_word' id='word_1_704' title='bbox 1290 1729 1559 1764; x_wconf 85' lang='lat' dir='ltr'><strong>quadringentorum</strong></span> <span class='ocrx_word' id='word_1_705' title='bbox 1570 1733 1688 1768; x_wconf 82' lang='lat' dir='ltr'><strong>triginta.</strong></span> 
     </span>
    </p>
   </div>
   <div class='ocr_carea' id='block_1_79' title="bbox 890 1772 1687 1811">
    <p class='ocr_par' dir='ltr' id='par_1_79' title="bbox 890 1772 1687 1811">
     <span class='ocr_line' id='line_1_79' title="bbox 890 1772 1687 1811; baseline 0.009 -13"><span class='ocrx_word' id='word_1_706' title='bbox 890 1780 1038 1803; x_wconf 88' lang='lat' dir='ltr'><strong>annorum,</strong></span> <span class='ocrx_word' id='word_1_707' title='bbox 1055 1775 1117 1806; x_wconf 89' lang='lat' dir='ltr'><strong>post</strong></span> <span class='ocrx_word' id='word_1_708' title='bbox 1132 1780 1201 1806; x_wconf 90' lang='lat' dir='ltr'><strong>quos</strong></span> <span class='ocrx_word' id='word_1_709' title='bbox 1212 1772 1276 1799; x_wconf 86' lang='lat' dir='ltr'><strong>data</strong></span> <span class='ocrx_word' id='word_1_710' title='bbox 1288 1776 1330 1799; x_wconf 80' lang='lat' dir='ltr'><strong>est</strong></span> <span class='ocrx_word' id='word_1_711' title='bbox 1340 1773 1392 1805; x_wconf 83' lang='lat' dir='ltr'><strong>lex,</strong></span> <span class='ocrx_word' id='word_1_712' title='bbox 1403 1782 1435 1801; x_wconf 89' lang='lat' dir='ltr'><strong>eo</strong></span> <span class='ocrx_word' id='word_1_713' title='bbox 1444 1783 1498 1809; x_wconf 87' lang='lat' dir='ltr'><strong>quo</strong></span> <span class='ocrx_word' id='word_1_714' title='bbox 1507 1778 1687 1811; x_wconf 87' lang='lat' dir='ltr'><strong>repromissio</strong></span> 
     </span>
    </p>
   </div>
   <div class='ocr_carea' id='block_1_80' title="bbox 892 1815 1688 1856">
    <p class='ocr_par' dir='ltr' id='par_1_80' title="bbox 892 1815 1688 1856">
     <span class='ocr_line' id='line_1_80' title="bbox 892 1815 1688 1856; baseline 0.009 -14"><span class='ocrx_word' id='word_1_715' title='bbox 892 1816 962 1843; x_wconf 86' lang='lat' dir='ltr'><strong>facta</strong></span> <span class='ocrx_word' id='word_1_716' title='bbox 979 1819 1021 1842; x_wconf 86' lang='lat' dir='ltr'><strong>est</strong></span> <span class='ocrx_word' id='word_1_717' title='bbox 1035 1816 1069 1842; x_wconf 89' lang='lat' dir='ltr'><strong>ah</strong></span> <span class='ocrx_word' id='word_1_718' title='bbox 1084 1815 1235 1842; x_wconf 85' lang='lat' dir='ltr'><strong>Abraham.</strong></span> <span class='ocrx_word' id='word_1_719' title='bbox 1254 1817 1406 1844; x_wconf 84' lang='lat' dir='ltr'><strong>Dicendum</strong></span> <span class='ocrx_word' id='word_1_720' title='bbox 1423 1819 1507 1846; x_wconf 89' lang='lat' dir='ltr'><strong>etiam</strong></span> <span class='ocrx_word' id='word_1_721' title='bbox 1523 1823 1565 1847; x_wconf 87' lang='lat' dir='ltr'><strong>est</strong></span> <span class='ocrx_word' id='word_1_722' title='bbox 1574 1829 1688 1856; x_wconf 89' lang='lat' dir='ltr'><strong>quomo-</strong></span> 
     </span>
    </p>
   </div>
   <div class='ocr_carea' id='block_1_81' title="bbox 891 1860 1686 1897">
    <p class='ocr_par' dir='ltr' id='par_1_81' title="bbox 891 1860 1686 1897">
     <span class='ocr_line' id='line_1_81' title="bbox 891 1860 1686 1897; baseline 0.011 -12"><span class='ocrx_word' id='word_1_723' title='bbox 891 1860 926 1886; x_wconf 87' lang='lat' dir='ltr'><strong>do</strong></span> <span class='ocrx_word' id='word_1_724' title='bbox 935 1860 1003 1886; x_wconf 89' lang='lat' dir='ltr'><strong>illud</strong></span> <span class='ocrx_word' id='word_1_725' title='bbox 1014 1860 1226 1894; x_wconf 87' lang='lat' dir='ltr'><strong>intelligendum</strong></span> <span class='ocrx_word' id='word_1_726' title='bbox 1238 1860 1355 1895; x_wconf 89' lang='lat' dir='ltr'><strong>sitquod</strong></span> <span class='ocrx_word' id='word_1_727' title='bbox 1367 1862 1490 1897; x_wconf 88' lang='lat' dir='ltr'><strong>loquitur</strong></span> <span class='ocrx_word' id='word_1_728' title='bbox 1499 1865 1532 1891; x_wconf 87' lang='lat' dir='ltr'><strong>ad</strong></span> <span class='ocrx_word' id='word_1_729' title='bbox 1545 1865 1686 1894; x_wconf 85' lang='lat' dir='ltr'><strong>Abraham</strong></span> 
     </span>
    </p>
   </div>
   <div class='ocr_carea' id='block_1_82' title="bbox 890 1904 1687 1944">
    <p class='ocr_par' dir='ltr' id='par_1_82' title="bbox 890 1904 1687 1944">
     <span class='ocr_line' id='line_1_82' title="bbox 890 1904 1687 1944; baseline 0.009 -13"><span class='ocrx_word' id='word_1_730' title='bbox 890 1905 964 1931; x_wconf 85' lang='lat' dir='ltr'><strong>Deus</strong></span> <span class='ocrx_word' id='word_1_731' title='bbox 979 1904 1006 1930; x_wconf 90' lang='lat' dir='ltr'><strong>in</strong></span> <span class='ocrx_word' id='word_1_732' title='bbox 1023 1904 1123 1930; x_wconf 87' lang='lat' dir='ltr'><strong>Genesi</strong></span> <span class='ocrx_word' id='word_1_733' title='bbox 1138 1913 1143 1931; x_wconf 88' lang='lat'><strong>:</strong></span> <span class='ocrx_word' id='word_1_734' title='bbox 1157 1904 1228 1932; x_wconf 72' lang='grc' dir='ltr'><strong>Ξειιο</strong></span> <span class='ocrx_word' id='word_1_735' title='bbox 1237 1912 1404 1938; x_wconf 53' lang='lat' dir='ltr'><strong>praenoscens</strong></span> <span class='ocrx_word' id='word_1_736' title='bbox 1415 1909 1486 1941; x_wconf 78' lang='lat' dir='ltr'><strong>quod</strong></span> <span class='ocrx_word' id='word_1_737' title='bbox 1506 1912 1687 1944; x_wconf 61' lang='lat' dir='ltr'><strong>peregrinum</strong></span> 
     </span>
    </p>
   </div>
   <div class='ocr_carea' id='block_1_83' title="bbox 891 1950 1686 1988">
    <p class='ocr_par' dir='ltr' id='par_1_83' title="bbox 891 1950 1686 1988">
     <span class='ocr_line' id='line_1_83' title="bbox 891 1950 1686 1988; baseline 0.011 -15"><span class='ocrx_word' id='word_1_738' title='bbox 891 1950 942 1975; x_wconf 77' lang='lat' dir='ltr'><strong>crit</strong></span> <span class='ocrx_word' id='word_1_739' title='bbox 956 1957 1046 1974; x_wconf 73' lang='lat' dir='ltr'><strong>semen</strong></span> <span class='ocrx_word' id='word_1_740' title='bbox 1058 1951 1136 1974; x_wconf 85' lang='lat' dir='ltr'><strong>tuum</strong></span> <span class='ocrx_word' id='word_1_741' title='bbox 1149 1950 1179 1975; x_wconf 81' lang='lat' dir='ltr'><strong>in</strong></span> <span class='ocrx_word' id='word_1_742' title='bbox 1193 1951 1267 1975; x_wconf 78' lang='lat' dir='ltr'><strong>terra</strong></span> <span class='ocrx_word' id='word_1_743' title='bbox 1292 1956 1345 1977; x_wconf 83' lang='lat' dir='ltr'><strong>nan</strong></span> <span class='ocrx_word' id='word_1_744' title='bbox 1362 1959 1423 1982; x_wconf 79' lang='lat' dir='ltr'><strong>sua,</strong></span> <span class='ocrx_word' id='word_1_745' title='bbox 1446 1955 1468 1978; x_wconf 84' lang='lat' dir='ltr'><strong>et</strong></span> <span class='ocrx_word' id='word_1_746' title='bbox 1488 1954 1614 1987; x_wconf 69' lang='lat' dir='ltr'><strong>afﬂigant</strong></span> <span class='ocrx_word' id='word_1_747' title='bbox 1634 1964 1686 1988; x_wconf 77' lang='lat' dir='ltr'><strong>eos,</strong></span> 
     </span>
    </p>
   </div>
   <div class='ocr_carea' id='block_1_84' title="bbox 892 1992 1686 2034">
    <p class='ocr_par' dir='ltr' id='par_1_84' title="bbox 892 1992 1686 2034">
     <span class='ocr_line' id='line_1_84' title="bbox 892 1992 1686 2034; baseline 0.009 -14"><span class='ocrx_word' id='word_1_748' title='bbox 892 1993 1019 2028; x_wconf 86' lang='lat' dir='ltr'><strong>maleque</strong></span> <span class='ocrx_word' id='word_1_749' title='bbox 1031 1992 1192 2019; x_wconf 85' lang='lat' dir='ltr'><strong>tractabunt</strong></span> <span class='ocrx_word' id='word_1_750' title='bbox 1205 1995 1289 2019; x_wconf 81' lang='lat' dir='ltr'><strong>annis</strong></span> <span class='ocrx_word' id='word_1_751' title='bbox 1305 1996 1517 2029; x_wconf 77' lang='lat' dir='ltr'><strong>quadringcntis</strong></span> <span class='ocrx_word' id='word_1_752' title='bbox 1538 1998 1614 2025; x_wconf 81' lang='lat' dir='ltr'><strong>(Gen.</strong></span> <span class='ocrx_word' id='word_1_753' title='bbox 1631 2002 1686 2034; x_wconf 85' lang='lat' dir='ltr'><strong>xv).</strong></span> 
     </span>
    </p>
   </div>
   <div class='ocr_carea' id='block_1_85' title="bbox 891 2037 1689 2078">
    <p class='ocr_par' dir='ltr' id='par_1_85' title="bbox 891 2037 1689 2078">
     <span class='ocr_line' id='line_1_85' title="bbox 891 2037 1689 2078; baseline 0.011 -15"><span class='ocrx_word' id='word_1_754' title='bbox 891 2038 953 2064; x_wconf 85' lang='lat' dir='ltr'><strong>Non</strong></span> <span class='ocrx_word' id='word_1_755' title='bbox 967 2037 1040 2064; x_wconf 91' lang='lat' dir='ltr'><strong>enim</strong></span> <span class='ocrx_word' id='word_1_756' title='bbox 1057 2046 1204 2072; x_wconf 89' lang='lat' dir='ltr'><strong>possumus</strong></span> <span class='ocrx_word' id='word_1_757' title='bbox 1214 2037 1337 2065; x_wconf 89' lang='lat' dir='ltr'><strong>invenire</strong></span> <span class='ocrx_word' id='word_1_758' title='bbox 1348 2041 1486 2074; x_wconf 91' lang='lat' dir='ltr'><strong>quomodo</strong></span> <span class='ocrx_word' id='word_1_759' title='bbox 1499 2050 1549 2077; x_wconf 91' lang='lat' dir='ltr'><strong>per</strong></span> <span class='ocrx_word' id='word_1_760' title='bbox 1558 2044 1689 2078; x_wconf 81' lang='lat' dir='ltr'><strong>quadrin-</strong></span> 
     </span>
    </p>
   </div>
   <div class='ocr_carea' id='block_1_86' title="bbox 891 2082 1690 2119">
    <p class='ocr_par' dir='ltr' id='par_1_86' title="bbox 891 2082 1690 2119">
     <span class='ocr_line' id='line_1_86' title="bbox 891 2082 1690 2119; baseline 0.01 -10"><span class='ocrx_word' id='word_1_761' title='bbox 891 2085 990 2118; x_wconf 83' lang='lat' dir='ltr'><strong>gentos</strong></span> <span class='ocrx_word' id='word_1_762' title='bbox 1004 2090 1092 2109; x_wconf 87' lang='lat' dir='ltr'><strong>annos</strong></span> <span class='ocrx_word' id='word_1_763' title='bbox 1105 2082 1160 2108; x_wconf 90' lang='lat' dir='ltr'><strong>sint</strong></span> <span class='ocrx_word' id='word_1_764' title='bbox 1175 2082 1281 2115; x_wconf 72' lang='lat' dir='ltr'><strong>afﬂicti,</strong></span> <span class='ocrx_word' id='word_1_765' title='bbox 1298 2084 1424 2119; x_wconf 83' lang='lat' dir='ltr'><strong>maleque</strong></span> <span class='ocrx_word' id='word_1_766' title='bbox 1446 2088 1568 2114; x_wconf 85' lang='lat' dir='ltr'><strong>tractati.</strong></span> <span class='ocrx_word' id='word_1_767' title='bbox 1587 2089 1690 2117; x_wconf 85' lang='lat' dir='ltr'><strong>Narrat</strong></span> 
     </span>
    </p>
   </div>
   <div class='ocr_carea' id='block_1_87' title="bbox 892 2127 1690 2168">
    <p class='ocr_par' dir='ltr' id='par_1_87' title="bbox 892 2127 1690 2168">
     <span class='ocr_line' id='line_1_87' title="bbox 892 2127 1690 2168; baseline 0.01 -14"><span class='ocrx_word' id='word_1_768' title='bbox 892 2135 1014 2162; x_wconf 84' lang='lat' dir='ltr'><strong>namque</strong></span> <span class='ocrx_word' id='word_1_769' title='bbox 1030 2127 1174 2162; x_wconf 86' lang='lat' dir='ltr'><strong>Scriptura</strong></span> <span class='ocrx_word' id='word_1_770' title='bbox 1189 2127 1252 2162; x_wconf 86' lang='lat' dir='ltr'><strong>quia</strong></span> <span class='ocrx_word' id='word_1_771' title='bbox 1273 2131 1336 2162; x_wconf 88' lang='lat' dir='ltr'><strong>post</strong></span> <span class='ocrx_word' id='word_1_772' title='bbox 1350 2133 1468 2157; x_wconf 83' lang='lat' dir='ltr'><strong>mortem</strong></span> <span class='ocrx_word' id='word_1_773' title='bbox 1476 2131 1579 2168; x_wconf 74' lang='lat' dir='ltr'><strong>Ioseph</strong></span> <span class='ocrx_word' id='word_1_774' title='bbox 1594 2141 1690 2162; x_wconf 80' lang='lat' dir='ltr'><strong>surre-</strong></span> 
     </span>
    </p>
   </div>
   <div class='ocr_carea' id='block_1_88' title="bbox 893 2172 1690 2215">
    <p class='ocr_par' dir='ltr' id='par_1_88' title="bbox 893 2172 1690 2215">
     <span class='ocr_line' id='line_1_88' title="bbox 893 2172 1690 2215; baseline 0.011 -17"><span class='ocrx_word' id='word_1_775' title='bbox 893 2172 933 2198; x_wconf 86' lang='lat' dir='ltr'><strong>xit</strong></span> <span class='ocrx_word' id='word_1_776' title='bbox 947 2180 994 2199; x_wconf 85' lang='lat' dir='ltr'><strong>rex</strong></span> <span class='ocrx_word' id='word_1_777' title='bbox 1008 2172 1035 2198; x_wconf 91' lang='lat' dir='ltr'><strong>in</strong></span> <span class='ocrx_word' id='word_1_778' title='bbox 1056 2172 1174 2207; x_wconf 66' lang='lat' dir='ltr'><strong>Aigypto</strong></span> <span class='ocrx_word' id='word_1_779' title='bbox 1191 2173 1237 2207; x_wconf 90' lang='lat' dir='ltr'><strong>qui</strong></span> <span class='ocrx_word' id='word_1_780' title='bbox 1253 2173 1400 2208; x_wconf 81' lang='lat' dir='ltr'><strong>ignorabat</strong></span> <span class='ocrx_word' id='word_1_781' title='bbox 1423 2176 1533 2212; x_wconf 77' lang='lat' dir='ltr'><strong>Ioseph,</strong></span> <span class='ocrx_word' id='word_1_782' title='bbox 1556 2180 1584 2205; x_wconf 88' lang='lat' dir='ltr'><strong>et</strong></span> <span class='ocrx_word' id='word_1_783' title='bbox 1607 2180 1690 2215; x_wconf 65' lang='lat' dir='ltr'><strong>coepit</strong></span> 
     </span>
    </p>
   </div>
   <div class='ocr_carea' id='block_1_89' title="bbox 893 2216 1690 2258">
    <p class='ocr_par' dir='ltr' id='par_1_89' title="bbox 893 2216 1690 2258">
     <span class='ocr_line' id='line_1_89' title="bbox 893 2216 1690 2258; baseline 0.011 -16"><span class='ocrx_word' id='word_1_784' title='bbox 893 2217 1017 2251; x_wconf 83' lang='lat' dir='ltr'><strong>afﬂigere</strong></span> <span class='ocrx_word' id='word_1_785' title='bbox 1030 2217 1100 2243; x_wconf 82' lang='lat' dir='ltr'><strong>ﬁlios</strong></span> <span class='ocrx_word' id='word_1_786' title='bbox 1110 2216 1205 2244; x_wconf 81' lang='lat' dir='ltr'><strong>Israel.</strong></span> <span class='ocrx_word' id='word_1_787' title='bbox 1215 2218 1268 2244; x_wconf 88' lang='lat' dir='ltr'><strong>Sed</strong></span> <span class='ocrx_word' id='word_1_788' title='bbox 1276 2218 1419 2246; x_wconf 83' lang='lat' dir='ltr'><strong>sciendum</strong></span> <span class='ocrx_word' id='word_1_789' title='bbox 1430 2223 1472 2247; x_wconf 88' lang='lat' dir='ltr'><strong>est</strong></span> <span class='ocrx_word' id='word_1_790' title='bbox 1482 2221 1547 2256; x_wconf 88' lang='lat' dir='ltr'><strong>quia</strong></span> <span class='ocrx_word' id='word_1_791' title='bbox 1559 2223 1632 2258; x_wconf 87' lang='lat' dir='ltr'><strong>quod</strong></span> <span class='ocrx_word' id='word_1_792' title='bbox 1647 2224 1690 2251; x_wconf 82' lang='lat' dir='ltr'><strong>di-</strong></span> 
     </span>
    </p>
   </div>
   <div class='ocr_carea' id='block_1_90' title="bbox 894 2261 1689 2298">
    <p class='ocr_par' dir='ltr' id='par_1_90' title="bbox 894 2261 1689 2298">
     <span class='ocr_line' id='line_1_90' title="bbox 894 2261 1689 2298; baseline 0.011 -11"><span class='ocrx_word' id='word_1_793' title='bbox 894 2262 943 2294; x_wconf 91' lang='lat' dir='ltr'><strong>xit,</strong></span> <span class='ocrx_word' id='word_1_794' title='bbox 952 2261 1135 2295; x_wconf 77' lang='lat' dir='ltr'><strong>I’cregrinum</strong></span> <span class='ocrx_word' id='word_1_795' title='bbox 1147 2262 1301 2289; x_wconf 87' lang='lat' dir='ltr'><strong>eritsemen</strong></span> <span class='ocrx_word' id='word_1_796' title='bbox 1313 2265 1391 2290; x_wconf 86' lang='lat' dir='ltr'><strong>tuum</strong></span> <span class='ocrx_word' id='word_1_797' title='bbox 1401 2264 1427 2291; x_wconf 92' lang='lat' dir='ltr'><strong>in</strong></span> <span class='ocrx_word' id='word_1_798' title='bbox 1436 2267 1512 2292; x_wconf 86' lang='lat' dir='ltr'><strong>terra</strong></span> <span class='ocrx_word' id='word_1_799' title='bbox 1519 2275 1574 2293; x_wconf 91' lang='lat' dir='ltr'><strong>non</strong></span> <span class='ocrx_word' id='word_1_800' title='bbox 1583 2276 1643 2298; x_wconf 84' lang='lat' dir='ltr'><strong>sua.</strong></span> <span class='ocrx_word' id='word_1_801' title='bbox 1653 2269 1689 2296; x_wconf 85' lang='lat' dir='ltr'><strong>ad</strong></span> 
     </span>
    </p>
   </div>
   <div class='ocr_carea' id='block_1_91' title="bbox 894 2306 1692 2341">
    <p class='ocr_par' dir='ltr' id='par_1_91' title="bbox 894 2306 1692 2341">
     <span class='ocr_line' id='line_1_91' title="bbox 894 2306 1692 2341; baseline 0.01 -10"><span class='ocrx_word' id='word_1_802' title='bbox 894 2313 938 2332; x_wconf 94' lang='lat' dir='ltr'><strong>om</strong></span> <span class='ocrx_word' id='word_1_803' title='bbox 944 2314 977 2332; x_wconf 91' lang='lat' dir='ltr'><strong>ne</strong></span> <span class='ocrx_word' id='word_1_804' title='bbox 986 2308 1096 2340; x_wconf 87' lang='lat' dir='ltr'><strong>tempus</strong></span> <span class='ocrx_word' id='word_1_805' title='bbox 1102 2306 1372 2341; x_wconf 80' lang='lat' dir='ltr'><strong>quadringentorum</strong></span> <span class='ocrx_word' id='word_1_806' title='bbox 1379 2316 1514 2336; x_wconf 86' lang='lat' dir='ltr'><strong>annorum</strong></span> <span class='ocrx_word' id='word_1_807' title='bbox 1524 2313 1566 2337; x_wconf 76' lang='lat' dir='ltr'><strong>est</strong></span> <span class='ocrx_word' id='word_1_808' title='bbox 1573 2312 1692 2339; x_wconf 79' lang='lat' dir='ltr'><strong>referen-</strong></span> 
     </span>
    </p>
   </div>
   <div class='ocr_carea' id='block_1_92' title="bbox 895 2349 1691 2384">
    <p class='ocr_par' dir='ltr' id='par_1_92' title="bbox 895 2349 1691 2384">
     <span class='ocr_line' id='line_1_92' title="bbox 895 2349 1691 2384; baseline 0.011 -9"><span class='ocrx_word' id='word_1_809' title='bbox 895 2349 972 2382; x_wconf 87' lang='lat' dir='ltr'><strong>dum,</strong></span> <span class='ocrx_word' id='word_1_810' title='bbox 985 2358 1039 2384; x_wconf 92' lang='lat' dir='ltr'><strong>quo</strong></span> <span class='ocrx_word' id='word_1_811' title='bbox 1054 2349 1205 2382; x_wconf 85' lang='lat' dir='ltr'><strong>Abraham,</strong></span> <span class='ocrx_word' id='word_1_812' title='bbox 1220 2351 1296 2377; x_wconf 79' lang='lat' dir='ltr'><strong>Isaac</strong></span> <span class='ocrx_word' id='word_1_813' title='bbox 1310 2354 1338 2377; x_wconf 87' lang='lat' dir='ltr'><strong>et</strong></span> <span class='ocrx_word' id='word_1_814' title='bbox 1347 2351 1430 2378; x_wconf 85' lang='lat' dir='ltr'><strong>Jacob</strong></span> <span class='ocrx_word' id='word_1_815' title='bbox 1446 2352 1473 2379; x_wconf 93' lang='lat' dir='ltr'><strong>in</strong></span> <span class='ocrx_word' id='word_1_816' title='bbox 1485 2356 1560 2381; x_wconf 82' lang='lat' dir='ltr'><strong>terra</strong></span> <span class='ocrx_word' id='word_1_817' title='bbox 1569 2363 1625 2382; x_wconf 91' lang='lat' dir='ltr'><strong>non</strong></span> <span class='ocrx_word' id='word_1_818' title='bbox 1638 2364 1691 2384; x_wconf 90' lang='lat' dir='ltr'><strong>sua</strong></span> 
     </span>
    </p>
   </div>
   <div class='ocr_carea' id='block_1_93' title="bbox 895 2394 1690 2433">
    <p class='ocr_par' dir='ltr' id='par_1_93' title="bbox 895 2394 1690 2433">
     <span class='ocr_line' id='line_1_93' title="bbox 895 2394 1690 2433; baseline 0.009 -13"><span class='ocrx_word' id='word_1_819' title='bbox 895 2394 1036 2429; x_wconf 87' lang='lat' dir='ltr'><strong>peregrini</strong></span> <span class='ocrx_word' id='word_1_820' title='bbox 1051 2397 1080 2420; x_wconf 91' lang='lat' dir='ltr'><strong>et</strong></span> <span class='ocrx_word' id='word_1_821' title='bbox 1090 2394 1202 2421; x_wconf 73' lang='lat' dir='ltr'><strong>advena:</strong></span> <span class='ocrx_word' id='word_1_822' title='bbox 1213 2395 1446 2430; x_wconf 79' lang='lat' dir='ltr'><strong>fuerunt,tiliiquc</strong></span> <span class='ocrx_word' id='word_1_823' title='bbox 1462 2405 1557 2424; x_wconf 89' lang='lat' dir='ltr'><strong>eorum</strong></span> <span class='ocrx_word' id='word_1_824' title='bbox 1575 2406 1690 2433; x_wconf 85' lang='lat' dir='ltr'><strong>posteos</strong></span> 
     </span>
    </p>
   </div>
   <div class='ocr_carea' id='block_1_94' title="bbox 895 2439 1691 2475">
    <p class='ocr_par' dir='ltr' id='par_1_94' title="bbox 895 2439 1691 2475">
     <span class='ocr_line' id='line_1_94' title="bbox 895 2439 1691 2475; baseline 0.009 -10"><span class='ocrx_word' id='word_1_825' title='bbox 895 2439 979 2473; x_wconf 88' lang='lat' dir='ltr'><strong>longo</strong></span> <span class='ocrx_word' id='word_1_826' title='bbox 995 2442 1129 2474; x_wconf 89' lang='lat' dir='ltr'><strong>tempore.</strong></span> <span class='ocrx_word' id='word_1_827' title='bbox 1147 2439 1225 2471; x_wconf 91' lang='lat' dir='ltr'><strong>Quod</strong></span> <span class='ocrx_word' id='word_1_828' title='bbox 1237 2442 1329 2466; x_wconf 87' lang='lat' dir='ltr'><strong>autem</strong></span> <span class='ocrx_word' id='word_1_829' title='bbox 1345 2439 1691 2475; x_wconf 76' lang='lat' dir='ltr'><strong>subjungit,Servitulicos</strong></span> 
     </span>
    </p>
   </div>
   <div class='ocr_carea' id='block_1_95' title="bbox 896 2483 1691 2523">
    <p class='ocr_par' dir='ltr' id='par_1_95' title="bbox 896 2483 1691 2523">
     <span class='ocr_line' id='line_1_95' title="bbox 896 2483 1691 2523; baseline 0.01 -15"><span class='ocrx_word' id='word_1_830' title='bbox 896 2484 1050 2516; x_wconf 69' lang='lat' dir='ltr'><strong>subjicicnt,</strong></span> <span class='ocrx_word' id='word_1_831' title='bbox 1067 2483 1196 2518; x_wconf 86' lang='lat' dir='ltr'><strong>maleque</strong></span> <span class='ocrx_word' id='word_1_832' title='bbox 1206 2483 1366 2509; x_wconf 85' lang='lat' dir='ltr'><strong>tractabunt</strong></span> <span class='ocrx_word' id='word_1_833' title='bbox 1376 2484 1457 2511; x_wconf 81' lang='lat' dir='ltr'><strong>annis</strong></span> <span class='ocrx_word' id='word_1_834' title='bbox 1468 2486 1691 2523; x_wconf 82' lang='lat' dir='ltr'><strong>quadringentis,</strong></span> 
     </span>
    </p>
   </div>
   <div class='ocr_carea' id='block_1_96' title="bbox 896 2527 1694 2567">
    <p class='ocr_par' dir='ltr' id='par_1_96' title="bbox 896 2527 1694 2567">
     <span class='ocr_line' id='line_1_96' title="bbox 896 2527 1694 2567; baseline 0.01 -14"><span class='ocrx_word' id='word_1_835' title='bbox 896 2527 931 2554; x_wconf 86' lang='lat' dir='ltr'><strong>ad</strong></span> <span class='ocrx_word' id='word_1_836' title='bbox 947 2529 1099 2553; x_wconf 88' lang='lat' dir='ltr'><strong>extremam</strong></span> <span class='ocrx_word' id='word_1_837' title='bbox 1116 2531 1223 2562; x_wconf 88' lang='lat' dir='ltr'><strong>partem</strong></span> <span class='ocrx_word' id='word_1_838' title='bbox 1239 2530 1267 2553; x_wconf 90' lang='lat' dir='ltr'><strong>et</strong></span> <span class='ocrx_word' id='word_1_839' title='bbox 1281 2527 1315 2553; x_wconf 90' lang='lat' dir='ltr'><strong>ad</strong></span> <span class='ocrx_word' id='word_1_840' title='bbox 1328 2527 1456 2555; x_wconf 91' lang='lat' dir='ltr'><strong>ultimum</strong></span> <span class='ocrx_word' id='word_1_841' title='bbox 1475 2531 1694 2567; x_wconf 83' lang='lat' dir='ltr'><strong>quadringento-</strong></span> 
     </span>
    </p>
   </div>
   <div class='ocr_carea' id='block_1_97' title="bbox 897 2571 1695 2608">
    <p class='ocr_par' dir='ltr' id='par_1_97' title="bbox 897 2571 1695 2608">
     <span class='ocr_line' id='line_1_97' title="bbox 897 2571 1695 2608; baseline 0.011 -10"><span class='ocrx_word' id='word_1_842' title='bbox 897 2580 958 2599; x_wconf 90' lang='lat' dir='ltr'><strong>rum</strong></span> <span class='ocrx_word' id='word_1_843' title='bbox 970 2580 1106 2598; x_wconf 80' lang='lat' dir='ltr'><strong>annorum</strong></span> <span class='ocrx_word' id='word_1_844' title='bbox 1117 2574 1158 2598; x_wconf 89' lang='lat' dir='ltr'><strong>est</strong></span> <span class='ocrx_word' id='word_1_845' title='bbox 1169 2571 1355 2605; x_wconf 71' lang='lat' dir='ltr'><strong>referendum,</strong></span> <span class='ocrx_word' id='word_1_846' title='bbox 1366 2572 1394 2599; x_wconf 91' lang='lat' dir='ltr'><strong>in</strong></span> <span class='ocrx_word' id='word_1_847' title='bbox 1405 2581 1460 2608; x_wconf 87' lang='lat' dir='ltr'><strong>quo</strong></span> <span class='ocrx_word' id='word_1_848' title='bbox 1471 2574 1510 2601; x_wconf 92' lang='lat' dir='ltr'><strong>illi</strong></span> <span class='ocrx_word' id='word_1_849' title='bbox 1521 2576 1617 2604; x_wconf 80' lang='lat' dir='ltr'><strong>afﬂicti</strong></span> <span class='ocrx_word' id='word_1_850' title='bbox 1628 2582 1695 2607; x_wconf 88' lang='lat' dir='ltr'><strong>sunt</strong></span> 
     </span>
    </p>
   </div>
   <div class='ocr_carea' id='block_1_98' title="bbox 898 2616 1693 2652">
    <p class='ocr_par' dir='ltr' id='par_1_98' title="bbox 898 2616 1693 2652">
     <span class='ocr_line' id='line_1_98' title="bbox 898 2616 1693 2652; baseline 0.013 -10"><span class='ocrx_word' id='word_1_851' title='bbox 898 2624 915 2643; x_wconf 75' lang='grc' dir='ltr'><strong>ε,</strong></span> <span class='ocrx_word' id='word_1_852' title='bbox 930 2619 1019 2642; x_wconf 90' lang='lat' dir='ltr'><strong>morte</strong></span> <span class='ocrx_word' id='word_1_853' title='bbox 1030 2616 1142 2650; x_wconf 73' lang='lat' dir='ltr'><strong>Ioseph,</strong></span> <span class='ocrx_word' id='word_1_854' title='bbox 1159 2623 1247 2650; x_wconf 87' lang='lat' dir='ltr'><strong>usque</strong></span> <span class='ocrx_word' id='word_1_855' title='bbox 1259 2616 1294 2643; x_wconf 85' lang='lat' dir='ltr'><strong>ad</strong></span> <span class='ocrx_word' id='word_1_856' title='bbox 1314 2618 1503 2651; x_wconf 83' lang='lat' dir='ltr'><strong>egressionem</strong></span> <span class='ocrx_word' id='word_1_857' title='bbox 1526 2620 1636 2650; x_wconf 90' lang='lat' dir='ltr'><strong>illorum</strong></span> <span class='ocrx_word' id='word_1_858' title='bbox 1659 2625 1693 2652; x_wconf 88' lang='lat' dir='ltr'><strong>de</strong></span> 
     </span>
    </p>
   </div>
   <div class='ocr_carea' id='block_1_99' title="bbox 899 2660 1222 2696">
    <p class='ocr_par' dir='ltr' id='par_1_99' title="bbox 899 2660 1222 2696">
     <span class='ocr_line' id='line_1_99' title="bbox 899 2660 1222 2696; baseline -0.003 -8"><span class='ocrx_word' id='word_1_859' title='bbox 899 2660 1066 2696; x_wconf 57' lang='lat' dir='ltr'><strong>{Egyptiaca</strong></span> <span class='ocrx_word' id='word_1_860' title='bbox 1079 2660 1222 2687; x_wconf 88' lang='lat' dir='ltr'><strong>servitute.</strong></span> 
     </span>
    </p>
   </div>
   <div class='ocr_carea' id='block_1_100' title="bbox 934 2704 1690 2745">
    <p class='ocr_par' dir='ltr' id='par_1_100' title="bbox 934 2704 1690 2745">
     <span class='ocr_line' id='line_1_100' title="bbox 934 2704 1690 2745; baseline 0.015 -15"><span class='ocrx_word' id='word_1_861' title='bbox 934 2705 1007 2732; x_wconf 65' lang='lat' dir='ltr'><strong>Nam</strong></span> <span class='ocrx_word' id='word_1_862' title='bbox 1019 2706 1044 2731; x_wconf 77' lang='lat' dir='ltr'><strong>si</strong></span> <span class='ocrx_word' id='word_1_863' title='bbox 1056 2713 1087 2731; x_wconf 69' lang='lat'><strong>(’17</strong></span> <span class='ocrx_word' id='word_1_864' title='bbox 1100 2705 1153 2738; x_wconf 71' lang='lat' dir='ltr'><strong>tege</strong></span> <span class='ocrx_word' id='word_1_865' title='bbox 1161 2704 1312 2737; x_wconf 55' lang='lat' dir='ltr'><strong>hereditas,</strong></span> <span class='ocrx_word' id='word_1_866' title='bbox 1324 2708 1386 2741; x_wconf 84' lang='lat' dir='ltr'><strong>jam</strong></span> <span class='ocrx_word' id='word_1_867' title='bbox 1399 2716 1453 2736; x_wconf 83' lang='lat' dir='ltr'><strong>non</strong></span> <span class='ocrx_word' id='word_1_868' title='bbox 1464 2718 1496 2737; x_wconf 69' lang='lat' dir='ltr'><strong>ea:</strong></span> <span class='ocrx_word' id='word_1_869' title='bbox 1501 2714 1690 2745; x_wconf 76' lang='lat' dir='ltr'><strong>promissione.</strong></span> 
     </span>
    </p>
   </div>
   <div class='ocr_carea' id='block_1_101' title="bbox 900 2749 1693 2786">
    <p class='ocr_par' dir='ltr' id='par_1_101' title="bbox 900 2749 1693 2786">
     <span class='ocr_line' id='line_1_101' title="bbox 900 2749 1693 2786; baseline 0.013 -10"><span class='ocrx_word' id='word_1_870' title='bbox 900 2749 953 2777; x_wconf 89' lang='lat' dir='ltr'><strong>hoc</strong></span> <span class='ocrx_word' id='word_1_871' title='bbox 963 2751 1021 2776; x_wconf 80' lang='lat' dir='ltr'><strong>est:</strong></span> <span class='ocrx_word' id='word_1_872' title='bbox 1034 2749 1057 2776; x_wconf 90' lang='lat' dir='ltr'><strong>si</strong></span> <span class='ocrx_word' id='word_1_873' title='bbox 1071 2757 1120 2784; x_wconf 88' lang='lat' dir='ltr'><strong>per</strong></span> <span class='ocrx_word' id='word_1_874' title='bbox 1132 2749 1222 2784; x_wconf 80' lang='lat' dir='ltr'><strong>legem</strong></span> <span class='ocrx_word' id='word_1_875' title='bbox 1237 2749 1304 2777; x_wconf 84' lang='lat' dir='ltr'><strong>data</strong></span> <span class='ocrx_word' id='word_1_876' title='bbox 1316 2755 1390 2779; x_wconf 89' lang='lat' dir='ltr'><strong>esset</strong></span> <span class='ocrx_word' id='word_1_877' title='bbox 1407 2753 1525 2783; x_wconf 69' lang='lat' dir='ltr'><strong>Abrahae</strong></span> <span class='ocrx_word' id='word_1_878' title='bbox 1546 2757 1693 2786; x_wconf 69' lang='lat' dir='ltr'><strong>hmreriitas</strong></span> 
     </span>
    </p>
   </div>
   <div class='ocr_carea' id='block_1_102' title="bbox 900 2794 1694 2841">
    <p class='ocr_par' dir='ltr' id='par_1_102' title="bbox 900 2794 1694 2841">
     <span class='ocr_line' id='line_1_102' title="bbox 900 2794 1694 2841; baseline 0.009 -17"><span class='ocrx_word' id='word_1_879' title='bbox 900 2797 983 2824; x_wconf 65' lang='lat' dir='ltr'><strong>terrae</strong></span> <span class='ocrx_word' id='word_1_880' title='bbox 996 2794 1230 2832; x_wconf 79' lang='lat' dir='ltr'><strong>repromissionis,</strong></span> <span class='ocrx_word' id='word_1_881' title='bbox 1242 2803 1328 2832; x_wconf 77' lang='lat' dir='ltr'><strong>quam</strong></span> <span class='ocrx_word' id='word_1_882' title='bbox 1339 2798 1464 2836; x_wconf 77' lang='lat' dir='ltr'><strong>possedit</strong></span> <span class='ocrx_word' id='word_1_883' title='bbox 1482 2800 1510 2828; x_wconf 86' lang='lat' dir='ltr'><strong>in</strong></span> <span class='ocrx_word' id='word_1_884' title='bbox 1538 2802 1603 2829; x_wconf 82' lang='lat' dir='ltr'><strong>ﬁliis</strong></span> <span class='ocrx_word' id='word_1_885' title='bbox 1627 2803 1694 2841; x_wconf 79' lang='lat' dir='ltr'><strong>suis,</strong></span> 
     </span>
    </p>
   </div>
   <div class='ocr_carea' id='block_1_103' title="bbox 1538 2849 1579 2881">
    <p class='ocr_par' dir='ltr' id='par_1_103' title="bbox 1538 2849 1579 2881">
     <span class='ocr_line' id='line_1_103' title="bbox 1538 2849 1579 2881; baseline 0 0"><span class='ocrx_word' id='word_1_886' title='bbox 1538 2849 1579 2881; x_wconf 78' lang='lat'><strong>20</strong></span> 
     </span>
    </p>
   </div>
  </div>
