3852 6154
165 316 247 377 685
772 306 1156 367 exposrrio
1185 307 1264 366 IN
1291 302 1445 365 EPP.
1480 307 1538 365 s.
1571 300 1808 365 PAULI.
1840 333 1904 351 --
1935 302 2014 365 IN
2043 300 2264 367 EPIST.
2294 308 2393 367 eo
2420 304 2678 367 GAMT.
2896 342 2901 347 .
3250 314 3356 379 ωδ
3428 294 3433 305 '

160 438 394 516 parvulus,
418 434 557 490 nihil
582 434 752 489 distat
772 451 807 489 a
834 450 1004 502 seruo,
1037 434 1171 490 licet
1196 434 1456 491 dominus
1493 450 1681 490 servo-
1697 435 1751 496 Α
1767 433 2092 489 facientem:
2120 434 2269 489 Abba
2288 435 2467 502 Pater,
2491 433 3357 497 subaudis.misereremei.Abba

162 546 263 587 rum
286 534 335 583 et
358 524 489 581 ﬁlius
519 522 685 594 regis,
719 529 818 578 aut
839 523 1082 588 comitis,
1105 523 1219 578 sive
1270 524 1504 601 alicujus
1526 524 1683 594 prin-
1767 522 2059 579 Hebraeum
2084 528 2166 578 est
2189 522 2245 577 et
2262 525 2483 596 Syrum,
2516 526 2694 591 Pater,
2719 525 2975 582 Graecum
2997 531 3055 583 et
3071 528 3360 586 Latinum.

156 620 268 690 cipis
290 616 369 681 sit,
400 613 521 684 quia
547 612 694 666 sicut
711 628 902 666 servus
930 612 1264 682 ﬂagellatur,
1292 612 1613 683 ﬂagellatur
1629 616 1686 666 et
1835 614 2024 680 Itaque
2054 611 2150 683 qui
2177 611 2636 687 habet‘spiritum
2670 613 2880 669 Christi
2906 632 3020 671 non
3045 623 3121 672 est
3148 634 3361 686 servus,

159 709 236 763 ille
254 706 548 780 plerumque
565 700 734 755 etiam
757 717 791 754 a
818 717 995 755 servo.
1016 700 1254 756 Tutores
1274 694 1686 755 sunt'defenso-
1765 698 2032 755 subaudis
2051 700 2263 771 peccati
2291 719 2304 768 ;
2334 702 2425 775 sed
2449 703 2622 771 filius,
2663 702 2931 759 subaudis
2972 705 3258 776 Dei,quod
3305 710 3358 763 si

154 809 402 854 resrerum
430 789 689 844 causidici
712 794 769 843 et
797 788 1068 843 advocati.
1092 789 1252 853 Quod
1271 795 1460 843 autem
1480 789 1687 844 dicitur
1766 790 1936 855 ﬁlius,
1969 787 2235 843 subaudis
2262 788 2375 852 Dei,
2397 789 2583 855 heres,
2596 789 2872 846 subaudis
2900 793 3029 848 vitae
3057 790 3365 858 aeternedd

155 885 227 939 hic
248 880 513 943 actoribus,
546 877 773 948 quidam
799 876 1055 932 doctores
1083 876 1277 932 dicunt
1321 878 1522 933 melius
1564 894 1687 935 esse
1769 881 1853 931 est
1873 892 1984 930 non
2012 891 2114 942 suo
2144 878 2366 945 merito,
2398 872 2492 932 sed
2518 878 2709 948 gratia
2733 878 2835 934 Dei
2853 897 2956 952 per
2976 897 3144 954 quem
3173 874 3261 939 est
3278 898 3395 954 reg

151 969 425 1028 auctoribus
450 966 555 1025 isto
584 966 644 1021 in
665 966 806 1033 loco,
831 967 966 1038 quia
999 973 1198 1022 auctor
1230 966 1352 1039 ipse
1407 972 1492 1022 est
1532 972 1688 1023 tutor
1767 963 2048 1037 demptus.
2874 1034 2877 1035 ν

152 1063 243 1116 sive
264 1058 576 1114 advocatus:
606 1060 763 1110 actor
800 1071 936 1131 vero
969 1061 1057 1110 est
1099 1060 1390 1128 patronus,
1421 1056 1683 1123 nutritor,
1838 1054 2011 1108 Estote
2033 1055 2176 1107 sicut
2219 1070 2330 1124 ego,
2361 1056 2496 1129 quia
2539 1060 2589 1110 et
2627 1073 2739 1125 ego,
2772 1056 3041 1113 subaudis
3085 1059 3190 1131 fui,
3220 1062 3365 1115 sicut

151 1152 231 1220 qui
248 1164 386 1202 more
410 1140 644 1218 paterno
671 1144 850 1199 nutrit
876 1144 1055 1212 illum,
1086 1149 1144 1199 et
1179 1145 1250 1199 ad
1291 1150 1537 1200 tutorem
1567 1162 1689 1217 per-
1768 1158 1878 1197 vos.
1910 1142 2085 1196 Erant
2103 1142 2316 1199 Galatae
2341 1138 2594 1203 inﬁdeles
2620 1151 2676 1199 et
2705 1153 3023 1217 peccatores
3050 1148 3280 1204 alienati
3325 1165 3362 1204 α

150 1240 266 1293 tinet
288 1234 570 1291 defendere
597 1240 653 1288 et
679 1234 977 1305 disponere
1027 1250 1117 1288 res
1155 1234 1333 1305 pueri,
1367 1235 1688 1305 victumque
1770 1230 1886 1285 Deo
1909 1237 1972 1285 ut
1998 1231 2104 1286 fuit
2131 1231 2414 1303 quondam
2434 1236 2492 1286 et
2515 1234 2815 1304 Apostolus
2828 1237 3051 1308 quando
3072 1254 3365 1311 perseque-

150 1332 195 1382 et
216 1324 578 1380 vestimentum
610 1322 928 1377 ministrare
957 1341 969 1376 :
1002 1323 1074 1376 ad
1102 1328 1388 1377 auctorem
1419 1340 1547 1378 vero
1578 1324 1689 1379 dis-
1771 1317 1938 1373 bat-ur
1963 1319 2262 1374 Ecclesium
2292 1320 2411 1389 Dei,
2444 1321 2543 1376 sed
2566 1322 2687 1392 jam
2712 1322 2813 1376 Dei
2838 1324 3025 1393 gratia
3051 1325 3232 1397 ﬁdelis
3248 1331 3371 1385 erat

147 1416 323 1487 ciplina’
336 1418 389 1466 et
416 1412 680 1466 honestas
709 1427 929 1466 morum
951 1415 1011 1465 et
1037 1411 1495 1466 conversationis.
1530 1412 1694 1469 Simio
1776 1413 1833 1463 et
1844 1408 2206 1480 justiﬁcatus.
2228 1407 2424 1465 Estote
2456 1425 2552 1464 vos
2577 1410 2805 1481 perfecti
2855 1412 2916 1465 in
2965 1408 3093 1478 fide,
3123 1415 3268 1471 sicut
3308 1422 3367 1471 et

144 1505 251 1558 liter
273 1501 457 1561 Judaei,
488 1499 737 1575 quandiu
760 1502 988 1555 fuerant
1014 1500 1230 1571 parvuli
1258 1517 1446 1564 sensu,
1477 1500 1581 1555 sub
1609 1505 1696 1556 tu-
1777 1513 1880 1568 ego
1905 1513 2031 1551 sum
2061 1498 2244 1560 modo,
2270 1502 2327 1553 ei.
2354 1498 2528 1554 nolite
2556 1498 2858 1571 desperare
2885 1500 2955 1555 de
2970 1502 3150 1570 venia,
3173 1504 3306 1574 quia
3319 1496 3377 1561 et

142 1590 323 1645 toribus
336 1588 725 1660 actoribusque
744 1588 1289 1660 fuerunt,usquequo
1305 1588 1698 1661 venitdisposi-
1778 1602 1881 1657 ego
1908 1583 2192 1657 quondam
2218 1586 2298 1641 fui
2318 1587 2561 1641 inﬁdelis
2586 1593 2643 1643 et
2670 1594 2951 1660 peccator,
2973 1592 3121 1646 sicut
3148 1609 3245 1647 vos
3284 1609 3376 1648 es-

142 1686 238 1734 tum
256 1683 462 1749 tempus
481 1694 517 1730 a
544 1678 662 1732 Deo
714 1678 901 1747 Patre,
917 1675 1140 1748 quando
1176 1677 1332 1731 misit
1370 1677 1451 1731 eis
1491 1676 1697 1733 Filium
1778 1674 1853 1728 tis
1886 1674 2051 1729 modo
2074 1678 2131 1728 et
2149 1690 2214 1729 eo
2244 1674 2505 1746 amplius.
2545 1677 2765 1732 Obsecro
2793 1694 2900 1745 vos,
2921 1680 3146 1747 fratres,
3174 1680 3380 1738 subau-

137 1784 302 1823 suum:
323 1771 536 1820 tutores
563 1782 691 1819 vero
730 1765 953 1819 illorum
981 1766 1214 1819 fuerunt
1234 1782 1395 1836 reges
1417 1771 1474 1820 et
1492 1765 1761 1862 princi-B
1780 1763 1866 1817 dis
1893 1763 2171 1834 patienter
2198 1779 2287 1862 me
2316 1763 2561 1819 audiatis
2584 1783 2596 1832 ;
2629 1767 2777 1820 nihil
2806 1783 2890 1821 me
2922 1769 3156 1837 Lusistis,
3173 1769 3380 1825 subau-

140 1873 236 1927 pes.
257 1862 314 1910 ut
331 1854 499 1910 David
517 1859 580 1908 et
611 1853 934 1919 Zorobabel,
960 1854 1093 1926 quia
1121 1854 1495 1908 defendebant
1528 1850 1760 1910 heare"
1781 1851 1868 1906 dis
1896 1851 2117 1922 quando
2136 1850 2380 1922 primum
2412 1851 2561 1906 vobis
2582 1853 2945 1923 Evangelium
2972 1856 3289 1926 praedicavi,
3316 1863 3375 1914 et

136 1945 341 1999 ditatem
365 1950 755 1999 :actoresvero
768 1943 1087 2017 sacerdotes
1110 1947 1169 1997 et
1183 1943 1587 2015 prophetaequi
1602 1961 1697 1999 eos
1780 1941 1928 1995 sicut
1954 1946 2089 1995 tunc
2121 1955 2212 1994 me
2237 1939 2377 1994 nihil
2406 1939 2627 1995 laesistis
2666 1945 2723 1995 et
2778 1940 3059 2013 patienter
3112 1945 3372 2019 audistis,

140 2032 761 2088 erudiebantsecundum
780 2031 1044 2101 legem,et
1065 2030 1338 2102 cogebant
1358 2036 1526 2085 etiam
1543 2048 1577 2085 a
1602 2032 1699 2087 Dei
1780 2028 1861 2083 ita
1898 2033 1955 2083 et
1976 2045 2126 2083 nunc
2155 2029 2327 2083 nolite
2356 2045 2445 2084 me
2467 2027 2687 2097 laedere,
2719 2029 2818 2084 sed
2845 2047 2973 2097 cum
2992 2031 3266 2104 patientia
3284 2050 3382 2092 au-

136 2122 327 2177 cultura
344 2137 454 2176 non
485 2120 771 2187 recedere,
803 2119 851 2173 si
873 2119 1077 2191 aliquis
1097 2120 1335 2174 adorare
1349 2120 1515 2175 vellet
1532 2121 1697 2175 idola.
1784 2117 1901 2172 dite
1922 2118 2071 2189 quod
2095 2117 2346 2172 dicturus
2383 2135 2529 2173 sum.
2696 2186 2699 2193 ,
2880 2188 2883 2191 ν

193 2213 265 2264 Ita
301 2215 347 2263 et
390 2226 488 2264 nos
533 2226 665 2263 cum
711 2225 944 2263 essemus
972 2211 1222 2281 parvuli,
1273 2209 1371 2263 sub
1426 2211 1705 2275 elementis
1864 2207 2261 2261 Testimonium
2309 2210 2458 2262 enim
2489 2209 2746 2277 perhibeo
2779 2211 2944 2277 vobis,
2979 2213 3115 2280 quia
3160 2210 3216 2266 si
3255 2213 3383 2281 fieri

135 2299 311 2352 mundi
324 2312 551 2352 eramus
579 2299 890 2353 seruientes.
927 2296 1219 2351 Elementa
1248 2296 1514 2351 dicuntur
1544 2297 1705 2367 quasi
1784 2298 2066 2365 potuisset,
2095 2294 2216 2350 sine
2243 2300 2428 2350 vestro
2446 2296 2757 2367 dispendio,
2783 2302 2963 2353 oculos
2985 2306 3183 2356 vestros
3203 2298 3387 2357 eruiso

142 2387 462 2441 elevamenta
487 2405 499 2439 :
529 2402 599 2439 eo
633 2385 779 2457 quod
809 2402 875 2440 ex
904 2385 1014 2439 illis
1060 2386 1251 2440 omnia
1295 2386 1608 2457 corporalia
1654 2392 1712 2441 et
1792 2384 1918 2436 setis
1947 2386 1996 2436 et
2024 2384 2301 2437 dedissetis
2330 2384 2494 2447 mihi,
2525 2383 2583 2438 id
2606 2389 2691 2438 est
2734 2400 2745 2434 ε
2770 2384 2819 2439 si
2861 2386 2985 2440 ﬁeri
3023 2387 3299 2459 potuisset
3325 2385 3390 2444 ut

135 2474 346 2529 visibilis
374 2475 597 2529 elevata
618 2481 771 2527 sunt.
804 2474 961 2538 Quod
990 2490 1117 2529 vero
1147 2474 1352 2529 dicitur
1375 2474 1714 2539 hic,subele-
1794 2470 1968 2525 oculis
1995 2470 2244 2542 corporis
2265 2487 2487 2542 possem
2511 2473 2728 2542 majora
2754 2472 2823 2527 de
2853 2474 2967 2528 Deo
3027 2470 3382 2546 cognoscere,

134 2567 309 2617 mentis
322 2563 532 2617 mundi
544 2579 772 2617 eramus
786 2548 1376 2635 seroientes,quantu‘m
1397 2563 1469 2618 ad
1484 2563 1709 2619 Judzeos
1793 2564 1852 2613 et
1869 2575 2075 2613 arcana
2111 2558 2506 2631 mysteriorum
2536 2561 2659 2630 ejus
2712 2561 2926 2617 lumine
2975 2564 3223 2636 corporis
3271 2582 3397 2620 am-

126 2652 365 2723 pertinet,
388 2651 701 2723 dupliciter
734 2656 920 2722 potest
944 2650 1211 2723 intelligi:
1245 2652 1314 2706 ad
1346 2652 1592 2723 primum
1620 2652 1710 2707 in-
1794 2647 1944 2719 plius
1968 2653 2285 2721 penetrare,
2316 2649 2506 2703 oculos
2526 2653 2738 2704 vestros
2759 2651 3046 2707 eruissetis
3070 2657 3128 2706 et
3141 2652 3392 2709 dedisse—

126 2741 386 2795 tellectum
414 2741 711 2795 elementa
732 2745 1004 2796 vocantur
1030 2740 1118 2794 lex
1146 2745 1217 2795 et
1241 2741 1546 2813 prophetas,
1579 2741 1710 2813 quia
1789 2737 1866 2791 tis
1895 2735 2055 2803 mihi,
2081 2741 2242 2792 tanta
2269 2734 2544 2792 charitate
2574 2754 2710 2809 erga
2736 2754 2827 2793 me
2855 2737 3106 2795 fruentes
3134 2742 3392 2805 eratis,et

126 2828 251 2883 sicut
275 2829 559 2885 elementa
593 2828 820 2883 initium
845 2834 902 2883 et
947 2828 1376 2885 fundamentum
1424 2836 1557 2886 sunt
1595 2847 1712 2886 om~
1792 2826 1852 2880 in
1879 2830 2101 2880 tantum
2132 2824 2535 2880 desiderabatis
2563 2827 2758 2881 audire
2783 2827 3013 2883 verbum
3036 2829 3138 2885 Dei
3156 2846 3258 2903 per
3274 2847 3387 2889 me.

123 2917 258 2972 nium
290 2918 701 2990 corporalium,
727 2917 808 2972 ita
852 2917 941 2971 lex
969 2922 1027 2971 et
1071 2918 1365 2989 prophetia
1398 2918 1623 2974 initium
1652 2924 1710 2974 et
1863 2906 2051 2968 Filioli
2074 2916 2202 2976 mei,
2235 2929 2370 2982 quos
2398 2915 2605 2987 iterum
2627 2914 2908 2984 parturio,
2931 2918 3097 2971 donec
3112 2918 3391 2986 formetur

124 3004 533 3062 fundamentum
552 3012 694 3062 sunt
713 3007 965 3061 omnium
993 3007 1309 3062 divinorum
1334 3008 1704 3078 eloquiorum.
1726 3031 1771 3093 ο
1794 3002 2046 3059 Christus
2076 3004 2141 3056 in
2168 3003 2332 3056 vobis.
2368 3002 2660 3058 Parturire
2683 3007 2769 3058 est
2787 3019 2986 3076 parere
3014 3005 3389 3079 velle.Beatus

120 3093 196 3147 Sic
213 3096 374 3150 etiam
398 3096 457 3151 in
474 3096 737 3168 Epistola
755 3096 825 3150 ad
848 3094 1110 3150 Hebraeos
1141 3096 1421 3150 elementa
1465 3098 1711 3168 appellat
1736 3088 1770 3093 ﬁ
1791 3090 2221 3163 Apostolusjam
2236 3095 2531 3163 pepererat
2560 3088 2789 3147 Galatas
2809 3092 2869 3146 in
2892 3090 3000 3149 ﬁde
3021 3110 3123 3166 per
3143 3094 3388 3169 Evange-

119 3181 309 3252 legem:
337 3184 444 3240 sub
475 3186 611 3255 lege
639 3201 770 3238 vero
799 3189 857 3239 et.
883 3183 1178 3255 prophetia
1199 3189 1362 3238 erant
1379 3184 1704 3252 servientes,
1792 3178 2112 3246 lium,sicut
2132 3178 2254 3249 ipse
2283 3178 2455 3233 dixit:
2482 3182 2584 3234 Per
2599 3174 2964 3247 Evangelium
2987 3199 3080 3250 ego
3109 3200 3197 3239 vos
3216 3188 3391 3254 genui

113 3272 301 3328 Aliter:
334 3274 442 3329 sub
490 3273 801 3328 elementis
854 3273 1022 3326 etiam
1054 3272 1558 3344 serviebantr‘quia
1606 3274 1709 3329 sub
1790 3270 1845 3336 (Ι
1869 3268 1992 3322 Cor.
2019 3270 2101 3331 II),
2135 3267 2230 3322 sed
2263 3267 2343 3321 illi
2372 3274 2724 3324 recesserunt
2752 3286 2783 3324 a
2816 3270 2926 3324 fide
2954 3275 3015 3325 et
3041 3272 3221 3328 secuti
3256 3280 3391 3333 sunt

118 3358 500 3417 observationis
531 3363 681 3417 solis
710 3367 767 3416 et
820 3361 966 3416 lunae
1023 3360 1320 3431 degebant,
1364 3363 1710 3419 celebrantes
1792 3355 2287 3427 pselldoapostOIOS
2310 3373 2323 3422 ;
2344 3354 2650 3428 dolensque
2668 3358 2969 3428 Apostolus
2988 3358 3265 3437 decorum
3287 3363 3391 3417 mi-

112 3452 415 3506 neomenias
448 3452 721 3521 aliasque
760 3450 1108 3504 festivitates.
1144 3450 1465 3505 Notandum
1521 3461 1711 3507 autem
1794 3444 1959 3510 seria,
1980 3449 2037 3498 et
2063 3444 2253 3499 volens
2281 3460 2376 3498 eos
2405 3461 2665 3501 revocare
2693 3446 2761 3500 ad
2790 3447 2958 3502 ﬁdem
2988 3448 3215 3515 Christi,
3255 3467 3390 3525 par-

115 3538 228 3606 quia
252 3556 362 3594 non
386 3541 539 3594 dixit
563 3559 577 3593 :
611 3538 909 3593 elementis
940 3538 1335 3604 serviebamus,
1354 3539 1450 3594 sed
1480 3540 1584 3595 sub
1604 3541 1713 3596 ele-
1792 3532 2042 3588 turiebat
2068 3532 2214 3599 illos,
2241 3532 2299 3587 id
2327 3539 2412 3587 est
2439 3534 2636 3605 parere
2660 3534 2878 3609 volebat
2899 3536 3107 3592 iterum
3147 3534 3311 3592 verbo
3333 3545 3392 3595 et

109 3626 290 3681 mentis
314 3645 585 3694 eramus,
621 3627 683 3681 id
715 3632 800 3681 est
818 3625 923 3681 sub
954 3626 1340 3681 observatione
1365 3627 1504 3698 legis
1523 3633 1713 3700 etpro.
1796 3622 2066 3692 exemplo,
2091 3621 2239 3676 unde
2292 3626 2349 3676 et
2377 3621 2513 3675 dicit
2549 3640 2561 3675 :
2589 3622 2772 3677 Filioli
2827 3624 2955 3692 mei,
2984 3642 3127 3696 quos
3178 3624 3389 3684 iterum

110 3714 306 3784 phetie,
336 3718 427 3771 vel
451 3716 567 3771 sub
584 3721 912 3787 temporum
943 3714 1347 3776 observatione,
1392 3732 1622 3771 cursum
1660 3723 1715 3772 et
1796 3710 1993 3783 parere
2022 3710 2145 3764 volo
2176 3726 2302 3765 mea
2325 3710 2723 3782 praedicatione
2754 3712 2813 3766 in
2844 3712 2953 3768 ﬁde
2985 3714 3212 3785 Christi,
3240 3711 3389 3773 sicut

108 3806 305 3858 atatem
330 3805 490 3860 lunae
523 3804 897 3859 attendentes
920 3821 934 3871 ;
968 3819 1099 3858 nam
1128 3803 1211 3857 sol
1234 3808 1291 3858 et
1319 3804 1456 3858 luna
1477 3804 1716 3860 elemen—
1790 3801 1910 3871 jam
1931 3796 2144 3853 dudum
2173 3815 2267 3853 VOS
2286 3798 2575 3876 parturivi.
2605 3801 2830 3873 quando
2868 3803 2942 3857 ad
2969 3803 3139 3881 fidem
3166 3822 3263 3861 vos
3290 3807 3388 3862 ad-

106 3895 156 3943 ta
177 3899 326 3947 sunt:
350 3893 621 3962 gentiles
652 3897 845 3947 autem
868 3897 1030 3946 erant
1058 3888 1352 3946 elementis
1382 3892 1708 3950 servientes.
1796 3881 1929 3942 duxi
1955 3888 2130 3942 donec
2149 3886 2421 3942 formetur
2436 3888 2570 3942 fides
2585 3888 2789 3945 Christi
2807 3890 2866 3944 in
2884 3891 3220 3949 vobis.Tunc
3234 3894 3387 3969 enim

160 3983 226 4036 At
245 3983 341 4036 ubi
368 3985 532 4037 venit
556 3982 861 4052 plenitudo
881 3984 1158 4051 temporis,
1192 3980 1252 4035 id
1271 3986 1357 4036 est
1371 3981 1710 4054 praeﬁnitum
1798 3977 2052 4032 Christus
2081 3977 2138 4031 in
2157 3975 2318 4032 nobis
2344 3977 2619 4052 formatus
2640 3982 2745 4045 est,
2771 3981 2998 4051 quando
3018 3998 3053 4036 a
3092 3982 3254 4039 nobis
3301 3984 3383 4041 ita

102 4071 301 4142 tempus
327 4089 364 4126 a
395 4073 523 4127 Deo
571 4072 772 4135 Patre,
807 4070 1035 4126 ﬁniente
1094 4070 1293 4142 quinta
1321 4077 1506 4137 aetate,
1529 4077 1587 4127 et
1620 4074 1713 4129 in-
1794 4062 2042 4122 creditur
2060 4065 2204 4121 sicut
2220 4064 2385 4121 debet
2409 4065 2579 4120 credi-

104 4157 317 4216 choante
344 4166 535 4219 sexta.
576 4162 747 4215 misit
775 4160 1149 4214 DeusFilium
1189 4177 1358 4215 suum
1394 4162 1608 4229 factum
1648 4178 1715 4218 ea
1868 4156 2149 4227 Scriptum
2178 4159 2252 4209 est
2287 4158 2438 4210 enim
2467 4156 2735 4225 quoniam
2758 4157 3041 4213 Abraham
3077 4160 3212 4215 duos
3241 4163 3384 4230 ﬁlios

102 4250 330 4318 muliere,
364 4251 426 4305 id
450 4254 556 4305 est
587 4265 666 4304 ex
693 4247 907 4302 semine
955 4248 1206 4303 mulieris
1253 4265 1420 4320 opere
1473 4249 1713 4323 Spiritus
1795 4246 2011 4301 habuit:
2040 4245 2164 4300 Non
2202 4244 2323 4299 sine
2352 4260 2522 4300 causa
2538 4244 2839 4317 Apostolus
2854 4246 2926 4302 ad
2952 4244 3282 4306 memoriam
3301 4268 3386 4308 re.

103 4338 261 4392 sancti
290 4344 590 4393 creatum.
630 4334 878 4403 Quidam
909 4337 1103 4391 volunt
1144 4336 1331 4392 dicere
1362 4343 1579 4406 natum,
1612 4340 1711 4396 sed
1729 4384 1777 4408 η
1795 4335 1955 4393 duxit
1980 4334 2188 4390 factum
2215 4332 2656 4407 AbrahaiJudzei
2676 4351 2918 4408 namque
2941 4337 2999 4392 in
3023 4338 3129 4395 hoc
3147 4333 3389 4399 maxime

103 4384 261 4392 -__-..
292 4384 590 4393 -.πη-.---
639 4384 878 4403 ‘ww---
923 4384 1103 4391 πη---
1147 4384 1329 4392 τη---
1363 4384 1579 4406 --_-.....,
1612 4384 1711 4396 η..
1798 4384 1953 4393 μη--
1980 4384 2188 4390 πηγή-ν-
2215 4384 2499 4407 ------κ-,--κ-
2520 4384 2656 4388 πή--
2676 4384 2917 4408 --ηρ-γ-
3025 4384 3389 4399 --..-............,

100 4426 279 4482 melius
315 4428 548 4483 factum
604 4442 683 4481 ex
730 4424 968 4480 muliere
995 4430 1225 4496 propter
1270 4426 1584 4497 haereticos,
1615 4384 2197 4500 quipgioriabantur,
2231 4422 2325 4495 qui
2357 4410 2460 4477 ﬁlii
2486 4422 2723 4479 Abrahae
2751 4430 2912 4481 erant
2939 4428 3247 4504 secundum
3270 4447 3389 4486 car-

102 4512 275 4570 dicunt
290 4522 358 4571 ut
374 4518 704 4587 ingressus
734 4518 821 4568 est
847 4513 1138 4585 virginem,
1171 4514 1365 4570 statim
1420 4516 1570 4571 exiit.
1605 4519 1713 4573 Fa-
1793 4529 1922 4569 nem
1945 4509 1967 4566 ἐ
1999 4510 2151 4566 unde
2179 4510 2609 4587 cumuDominus
2638 4510 2868 4568 dixisset
2915 4515 2996 4570 eis
3041 4516 3098 4571 in
3139 4519 3385 4591 Evange-

101 4607 231 4657 ctum
255 4608 358 4660 sub
387 4609 533 4674 lege.
573 4604 794 4659 Factus
815 4608 902 4657 est
935 4602 1039 4658 sub
1068 4603 1209 4674 lege,
1239 4605 1372 4675 quia
1398 4610 1592 4661 octavo
1619 4607 1711 4662 die
1792 4596 1930 4657 lium
1966 4620 1977 4655 :
2022 4600 2085 4657 Si
2130 4616 2218 4654 vos
2264 4601 2440 4653 Filius
2490 4596 2824 4667 liberaverit,
2842 4619 2971 4679 uere
3020 4606 3184 4660 liberi
3227 4610 3384 4661 eritis

103 4693 175 4742 est
196 4691 611 4748 circumcisus:
650 4689 1086 4762 quadragesimo
1131 4692 1221 4747 die
1256 4697 1390 4748 sunt
1411 4710 1511 4765 pro
1541 4711 1607 4750 eo
1638 4697 1713 4751 le-
1796 4693 1975 4759 (Joan.
2003 4692 2147 4759 VIII),
2177 4688 2589 4763 responderunt
2614 4689 2694 4743 illi
2719 4708 2730 4743 :
2765 4691 2870 4746 Nos
2904 4694 3012 4751 ﬁlii
3036 4695 3384 4769 Abrahasu-

96 4778 227 4847 galia
252 4798 504 4838 munera
534 4778 771 4842 oblata,
804 4779 984 4833 ethoc
1022 4779 1148 4836 ideo
1195 4787 1260 4837 ut
1300 4782 1715 4840 demonstraret
1795 4796 1941 4847 mus,
1965 4781 2251 4833 εῑηενηίιτὶ
2291 4781 2617 4833 seruiuimus
2660 4794 2926 4849 unquam.
2983 4781 3178 4853 (lbid.)
3231 4783 3377 4855 Ergo

98 4864 256 4937 legem
284 4886 410 4926 esse
450 4875 760 4932 sanctam,
789 4867 998 4937 justam
1026 4874 1084 4923 et
1110 4872 1313 4925 bonam
1343 4888 1355 4925 ε
1399 4872 1484 4926 vel
1530 4878 1595 4926 ut
1631 4890 1714 4929 eos
1795 4867 2095 4941 Apostolus
2120 4867 2311 4921 volens
2343 4867 2571 4922 Galatas
2607 4866 2871 4921 sollicitos
2895 4867 3149 4935 reddere,
3181 4887 3252 4927 ne
3289 4868 3386 4944 po-

99 4956 365 5014 redimeret
393 4961 507 5030 qui
532 4959 655 5013 sub
692 4958 802 5025 lege
818 4961 996 5023 erant,
1014 4957 1069 5011 id
1092 4959 1282 5029 estqui
1298 4958 1535 5030 subjecti
1555 4967 1717 5018 erant
1794 4956 2035 5013 tuissent
2059 4955 2248 5010 seduci
2277 4971 2310 5009 a
2339 4952 2560 5017 Iudaeis,
2591 4954 2687 5025 qui
2715 4954 3193 5033 circumcisionem
3224 4960 3386 5033 doce-

97 5039 212 5112 legi,
239 5054 582 5117 peccatores
618 5061 748 5101 non
769 5044 1017 5100 valentes
1049 5063 1149 5117 per
1177 5063 1300 5102 eam
1330 5049 1591 5105 mundari
1616 5069 1628 5118 ;
1652 5057 1715 5107 ut
1796 5046 1934 5102 bant
1956 5044 2331 5106 observare,et
2353 5043 2622 5098 sacriﬁcia
2646 5043 2848 5115 legalia
2877 5032 3381 5113 offerre,dicentes:

96 5132 449 5204 adoptionem,
507 5136 572 5191 id
625 5139 729 5190 est
771 5134 1098 5189 electionem
1150 5138 1416 5204 ﬁliorum,
1450 5139 1717 5197 subaudis
1797 5138 1923 5193 Non
1953 5134 2184 5207 potestis
2207 5126 2409 5188 salvari
2438 5149 2539 5205 per
2566 5133 2883 5204 passionem
2913 5135 3138 5200 Christi,
3173 5156 3390 5214 necper

96 5216 200 5283 Dei,
222 5240 392 5295 quam
424 5223 814 5298 perdidimus
844 5223 902 5277 in
940 5223 1120 5278 Adam
1164 5229 1545 5295 reciperemus.
1580 5231 1718 5297 Quo—
1800 5223 2271 5297 baptismum,nisi
2303 5222 2776 5278 circumcidamini
2805 5229 2863 5279 et
2891 5224 3094 5297 legalis
3113 5224 3389 5285 sacriﬁcia

94 5310 233 5367 niam
259 5320 453 5371 autem
486 5317 636 5370 estis
673 5314 794 5380 ﬁlii
821 5311 922 5367 Dei
964 5313 1231 5385 adoptivi,
1263 5331 1375 5370 non
1406 5318 1711 5387 naturales,
1797 5313 2067 5381 offeratis,
2097 5312 2341 5367 ostendit
2384 5311 2465 5366 eis
2495 5312 2772 5384 quomodo
2817 5314 3098 5391 Abraham
3148 5334 3261 5374 non
3290 5335 3392 5392 per

94 5402 230 5454 misit
262 5405 402 5458 Deus
433 5399 918 5473 SpiritumrFilii
936 5404 1044 5455 sui.
1073 5402 1313 5473 Spiritus
1332 5411 1717 5462 sanctuscom-
1799 5403 2243 5461 observationem
2274 5403 2414 5474 legis
2466 5403 2677 5459 meruit
2723 5403 3041 5475 iustiﬁcari,
3072 5412 3131 5464 et
3177 5409 3392 5466 amicus

93 5487 265 5546 munis
280 5496 371 5548 est
391 5491 602 5549 Patris
620 5495 689 5546 et
723 5488 874 5557 Filii,
892 5494 950 5545 et
969 5489 1193 5564 quando
1216 5492 1716 5564 mittituraPatre,
1799 5493 1903 5551 Dei
1948 5492 2237 5566 appellari,
2286 5491 2386 5550 sed
2439 5499 2675 5569 propter
2712 5493 2884 5554 ﬁdem
2931 5494 3386 5572 sincerissimam)

93 5577 325 5640 mittitur
348 5588 411 5644 et
428 5598 468 5642 a
491 5576 682 5643 Filio.
710 5577 1079 5653 Clamantem,
1107 5578 1166 5641 id
1210 5586 1299 5642 est
1326 5583 1573 5660 clamare
1616 5598 1720 5647 nos
1802 5582 2301 5666 Operatlonemque
2327 5581 2801 5663 probatissimam.
