3966 6156
571 306 687 370 687
1026 304 1406 369 HAYMONIS
1433 304 1923 366 HALBERSTAT.
1952 304 2173 364 EPISC.
2210 303 2368 363 OPP.
2409 307 2593 366 PARS
2616 309 2661 366 Ι.
2696 340 2760 352 -
2794 308 3165 368 COMMENT.
3192 311 3369 369 BIBL.
3691 314 3774 374 688

641 422 747 501 sed
773 438 874 506 qui
900 437 964 491 de
984 439 1218 500 ancilla,
1249 436 1304 490 id
1328 439 1411 490 est
1437 434 1640 490 Ismael
1670 436 1765 506 qui
1794 436 1863 489 de
1891 435 2043 505 Agar
2076 431 2224 490 se-A
2242 434 2444 500 omnis,
2478 435 2676 507 inquit,
2712 436 2810 506 qui
2839 453 2950 491 non
2974 438 3343 508 permanserit
3366 437 3423 492 in
3448 438 3528 492 his
3556 439 3775 493 omnibus

569 527 816 582 cundum
841 541 1067 580 carnem
1101 531 1265 579 natus
1288 531 1383 588 est,
1414 524 1471 577 id
1500 529 1584 578 est
1618 524 1922 578 secundum
1961 524 2162 577 huma-
2247 523 2421 591 (Deut.
2447 526 2660 592 xxvm).
2696 526 2765 579 Et
2783 526 2914 579 dum
2946 526 3330 597 hujuscemodi
3357 527 3617 581 mandatis
3643 528 3777 581 strin-

569 631 658 670 ηδε
687 614 1109 670 consuetudinis
1147 631 1330 669 usum.
1366 613 1511 667 Dicit
1566 612 1762 667 beatus
1815 613 2164 683 Augustinus
2241 612 3108 685 gebaturquodammodoservus
3125 616 3771 682 erat.Saraautemlibera,

572 704 703 775 quia
732 704 1074 758 consuetudo
1112 703 1371 756 humanae
1401 707 1617 756 naturae
1646 707 1733 755 est
1758 706 1823 755 ut
1846 718 2012 755 senex
2036 701 2163 770 jun-
2245 716 2368 770 quae
2391 702 2567 756 ﬁlium
2592 703 2831 757 liberum
2858 705 3074 774 genuit,
3108 705 3382 774 signiﬁcat
3410 706 3634 774 gratiam
3665 705 3777 758 Novi

568 796 690 846 ctus
712 793 1027 862 juvenculaa
1057 792 1113 845 in
1142 791 1292 845 coitu
1322 790 1466 845 ﬁlios
1492 796 1783 862 procreet;
1819 796 2050 844 econtra
2079 806 2162 843 se-
2241 788 2588 845 Testamenti
2619 809 2743 862 quae
2769 794 2967 863 genuit
2994 795 3257 864 populum
3289 793 3649 847 Christianum
3672 794 3778 847 libe‘

566 894 674 934 nex
701 885 758 935 et
782 880 969 935 vetula
989 879 1254 951 copulati,
1288 880 1546 933 naturale
1577 886 1663 933 est
1682 884 1747 933 ut
1772 879 2048 933 desistant
2068 895 2162 949 pa-
2241 883 2427 932 ratum
2454 880 2510 933 in
2538 880 2894 951 baptismate,
2919 899 3031 935 non
3062 883 3242 936 solum
3277 881 3349 935 ab
3378 881 3713 951 originalibus
3735 890 3780 937 et

565 984 711 1023 rere.
742 968 799 1023 Si
823 985 953 1023 vero
973 968 1215 1039 juvenis,
1247 985 1373 1023 cum
1397 973 1660 1022 veterana
1709 968 1907 1021 mistus
1961 967 2152 1031 fuerit,
2241 968 2552 1023 actualibus
2570 972 2828 1040 peccatis,
2863 972 2959 1024 sed
2981 972 3151 1024 etiam
3180 970 3250 1024 ab
3270 972 3419 1024 omni
3446 972 3650 1024 servitio
3667 972 3778 1041 legis

563 1056 703 1111 dicit
729 1058 897 1112 etiam
924 1057 1047 1112 illos
1088 1075 1250 1129 posse
1300 1073 1610 1128 propagare
1662 1056 1827 1121 ﬁlios,
1860 1056 1990 1110 licet
2019 1056 2157 1111 illud
2239 1057 2335 1127 qui
2366 1057 2747 1113 haereditatem
2778 1060 3006 1125 Christi,
3040 1060 3143 1114 hoc
3197 1065 3281 1113 est
3333 1059 3561 1130 patriam
3611 1054 3779 1113 Christi

563 1146 855 1202 rarissime
882 1147 938 1220 in
966 1163 1072 1203 usu
1090 1128 1395 1201 habeatur.
1419 1146 1735 1200 Secundum
1761 1146 1911 1200 hunc
1928 1146 2157 1199 modum
2238 1146 2610 1201 haereditabit.
2642 1148 2851 1202 Habuit
2878 1154 3065 1202 autem
3107 1154 3165 1202 et
3191 1128 3470 1202 Abraham
3499 1149 3627 1202 duos
3666 1148 3776 1201 alios

567 1239 626 1290 et
640 1236 955 1291 naturalem
984 1234 1445 1290 consuetudinem
1477 1251 1646 1306 quam
1677 1234 1857 1306 primo
1892 1234 2151 1295 diximus,
2238 1235 2385 1289 ﬁlios
2421 1235 2491 1290 de
2529 1236 2793 1301 Cethura,
2827 1254 2996 1308 quam
3030 1236 3241 1292 Hebraei
3274 1236 3433 1307 Agar
3456 1237 3633 1291 dicunt
3665 1251 3777 1301 esse,

560 1330 627 1380 ut
644 1325 691 1379 si
719 1340 887 1379 senex
909 1325 1139 1395 junctus
1192 1324 1267 1378 sit
1301 1324 1631 1394 juvenculaa,
1664 1323 1842 1394 possit
1862 1323 2159 1393 juvencula
2238 1324 2335 1378 sed
2361 1330 2551 1380 tamen
2571 1325 2651 1379 illi
2684 1342 2796 1380 non
2825 1326 3053 1380 fuerunt
3079 1325 3235 1396 digni
3260 1325 3329 1379 ad
3341 1325 3695 1380 hereditatem
3709 1342 3782 1396 pa-

561 1429 852 1485 generare,
884 1412 1326 1484 dicitApostolus
1355 1412 1648 1467 lsmaelem
1678 1417 1872 1465 natum
1902 1413 2158 1479 esse.0ui
2238 1417 2456 1467 temam
2489 1414 2732 1468 admitti.
2786 1414 3060 1469 Similiter
3095 1414 3153 1468 in
3184 1421 3380 1469 sancta
3421 1414 3647 1469 Ecclesia
3677 1419 3781 1467 sunt

563 1506 750 1556 autem
775 1503 1043 1568 delibera,
1069 1501 1126 1555 id
1140 1506 1226 1555 est
1240 1501 1396 1555 Isaac
1414 1500 1483 1554 de
1504 1501 1764 1568 Sara,per
1784 1503 2157 1568 repromissio-
2238 1503 2401 1556 multi
2435 1504 2527 1573 qui
2558 1508 2930 1558 renascuntur
2951 1503 3010 1558 in
3038 1503 3395 1574 baptismate,
3429 1503 3583 1574 etqui
3609 1502 3695 1557 ﬁlii
3717 1502 3781 1555 vi-

566 1607 714 1657 nem,
738 1590 1005 1645 subaudis
1027 1589 1128 1645 Dei
1143 1595 1308 1644 natus
1329 1594 1434 1652 est,
1472 1606 1595 1659 quae
1610 1589 1757 1643 facta
1777 1592 1863 1642 est
1882 1588 1953 1642 ad
1977 1587 2156 1641 Abra-
2238 1590 2442 1645 dentur
2457 1608 2579 1646 esse
2591 1592 2846 1659 Abrahae;
2860 1592 3115 1663 sed,quia
3131 1609 3301 1663 opera
3311 1609 3423 1646 non
3441 1591 3635 1645 habent
3644 1590 3782 1645 Abra-

564 1679 719 1746 ham,
747 1695 860 1733 non
877 1679 1182 1734 secundum
1204 1677 1665 1733 consuetudinem
1684 1678 2008 1731 humanam.
2047 1675 2157 1731 Sed
2173 1744 2216 1752 _
2238 1680 2631 1751 ha2.sequendo
2646 1681 2828 1735 varios
2848 1681 3425 1752 errores,diversaque
3446 1681 3782 1744 schismata,ct

568 1767 802 1839 quaestio
817 1768 999 1822 oritur
1016 1767 1073 1821 in
1089 1767 1197 1822 isto
1227 1768 1549 1838 loco,quare
1570 1765 1865 1837 Apostolus
1893 1767 2051 1820 Isaac
2071 1781 2157 1819 so-
2173 1744 2221 1805 Β
2238 1770 2407 1824 variis
2432 1769 2763 1824 criminibus
2774 1787 2834 1825 se
2854 1770 3281 1841 implicant,non
3303 1770 3653 1824 merebuntur
3677 1785 3779 1823 cum

567 1856 856 1912 lummodo
877 1873 976 1928 per
990 1855 1482 1927 repromissionem
1502 1855 1652 1909 dicat
1669 1860 1864 1909 natum
1877 1869 2154 1919 esse,cum
2238 1857 2430 1911 electis
2460 1858 2786 1912 haereditate
2810 1858 3007 1929 patriae
3035 1859 3278 1913 caelestis
3308 1859 3523 1913 frui.De
3550 1857 3658 1912 istis
3683 1856 3782 1911 tali-

565 1946 821 2017 legamus
843 1945 1011 2001 etiam
1023 1947 1093 1999 de
1105 1944 1343 1999 Ismaele
1354 1944 1782 2015 promissionem
1796 1943 1999 1997 factam
2012 1958 2153 1997 esse.
2240 1947 2341 2001 bus
2365 1946 2501 2000 dicit
2510 1945 2760 2001 Joannes
2780 1948 3151 2017 evangelista:
3184 1948 3263 2001 De
3294 1950 3449 2001 nobis
3464 1946 3781 2013 exierunt,sed

560 2035 706 2090 Nam
729 2033 1041 2105 legimusin
1054 2032 1197 2088 libro
1210 2032 1914 2102 GeneseosiGenmvmquia
1930 2047 2057 2084 cum
2075 2046 2157 2084 es-
2238 2051 2350 2089 non
2376 2040 2537 2089 erant
2556 2053 2621 2089 ea;
2649 2037 2801 2090 nobis
2830 2038 2885 2102 (Ι
2908 2038 3069 2090 Joan.
3104 2036 3668 2105 II).Haac,inquit,sunt
3691 2033 3777 2088 duo

561 2127 649 2177 set
667 2124 819 2193 Agar
836 2123 894 2176 in
907 2123 1130 2177 deserto
1145 2123 1274 2182 Sur.
1303 2120 1566 2192 apparuit
1593 2120 1641 2174 ei
1668 2120 1902 2190 angelus
1931 2119 2155 2173 Domini
2235 2123 3020 2177 testamenta.Testamentum
3043 2124 3251 2177 dicitur
3270 2123 3780 2178 atestatoribus.Tes-

556 2210 856 2280 inquiens:
873 2212 1260 2278 Agar,ancilla
1279 2210 1778 2271 Sarai,undevenis
1792 2213 1959 2276 etquo
1974 2208 2157 2261 vadis?
2235 2218 2549 2266 tamentum
2572 2227 2703 2265 vero
2732 2217 2890 2265 vetus
2919 2212 3117 2265 habuit
3140 2217 3460 2277 testatores,
3490 2212 3710 2282 angelos,
3736 2215 3778 2263 et

564 2300 692 2367 Quae
710 2300 990 2368 respondit
1017 2300 1088 2353 :A
1113 2300 1253 2365 facie
1279 2298 1449 2353 Sarai
1466 2299 1703 2351 dominae
1716 2313 1845 2350 mea
1861 2313 1953 2363 ego
1977 2298 2149 2363 fugio.
2236 2300 2489 2371 Moysen,
2518 2300 2771 2370 aliosque
2802 2300 3105 2370 prophetas
3138 2296 3596 2355 :Testamentum
3624 2306 3776 2354 autem

560 2385 1463 2456 Cuiangelus:Revertere,inquit,
1482 2386 1845 2438 ethumiliare
1859 2387 1958 2438 sub
1978 2400 2152 2438 manu
2232 2404 2457 2454 novum,
2493 2387 2690 2442 habuit
2717 2404 2894 2442 unum
2919 2388 3272 2443 verissimum
3303 2390 3599 2443 Dominum
3620 2388 3773 2442 Jesum

557 2478 740 2531 illius.
758 2476 1066 2530 Etrursum
1090 2477 1522 2542 :Multiplicans,
1544 2473 1750 2544 inquit,
1774 2474 2150 2541 multiplicabo
2232 2476 2537 2543 Christum,
2567 2477 3116 2548 apostolos,quorum
3148 2477 3463 2532 ministerio
3492 2474 3777 2549 perquadri-

553 2579 736 2620 semen
754 2569 938 2619 tuum.
957 2565 1087 2619 Ecce
1096 2567 1284 2633 paries
1295 2566 1500 2630 ﬁlium,
1524 2568 1573 2617 et
1591 2564 1802 2617 vocabis
1822 2578 2019 2617 nomen
2030 2566 2148 2631 ejus
2230 2563 2405 2619 ﬁdum
2434 2564 2625 2619 orbem
2655 2569 2738 2618 est
2768 2566 3353 2635 divulgatumlfnum,
3372 2565 3624 2620 subaudis
3648 2566 3779 2616 testa-

553 2655 773 2710 Ismael.
792 2655 1007 2708 Hicerit
1026 2655 1178 2721 ferus
1200 2654 1376 2707 homo.
1393 2654 1591 2707 Manus
1607 2656 1722 2721 ejus
1736 2657 2142 2714 contracmnes,
2229 2659 2481 2707 mentum
2509 2653 2704 2708 datum
2734 2663 2836 2715 est,
2864 2657 2927 2707 in
2957 2660 3139 2708 monte
3161 2654 3300 2709 Sina
3331 2650 3779 2723 generans,subau-

552 2747 603 2796 et
619 2758 822 2797 manus
847 2744 1100 2796 omnium
1121 2746 1313 2795 contra
1332 2740 1569 2795 cum.Ad
1589 2740 1693 2794 hoc
1720 2740 2022 2794 dicendum
2042 2744 2143 2806 est,
2228 2741 2316 2795 dis
2346 2741 2637 2796 Judaicam
2669 2742 2884 2813 plebem
2912 2742 2971 2796 in
3002 2742 3331 2797 servitutem
3358 2763 3371 2811 ;
3406 2760 3521 2812 qua
3546 2746 3611 2796 est
3635 2739 3770 2806 Agar,

557 2830 687 2901 quia
701 2830 924 2903 quando
948 2830 1057 2885 ista
1076 2829 1372 2901 promissio
1386 2829 1532 2883 facta
1550 2828 1864 2894 est,Ismael
1877 2829 1998 2899 jam
2022 2832 2145 2882 erat
2225 2829 2332 2884 hoc
2357 2834 2444 2883 est
2472 2846 2594 2900 quae
2623 2830 2973 2899 signiﬁcatur
2998 2847 3098 2901 per
3120 2832 3291 2901 Agar.
3316 2832 3430 2886 Lex
3450 2846 3545 2902 per
3568 2830 3774 2883 doctores

553 2925 878 2991 conceptus.
894 2919 1198 2975 Promissio
1212 2934 1341 2973 vero
1358 2935 1480 2989 qua:
1497 2917 1567 2972 de
1588 2919 1744 2973 Isaac
1761 2917 1908 2972 facta
1920 2922 2023 2984 est,
2047 2933 2144 2971 an-
2166 2987 2171 2991 _
2224 2917 2536 2990 Synagogaa
2563 2918 2871 2987 generabat
2890 2919 3159 2990 p0pulum
3190 2920 3248 2974 in
3279 2921 3601 2975 servitutem
3626 2915 3730 2971 sibi.

552 3011 784 3078 tequam
808 3008 1195 3080 conciperetur
1223 3006 1356 3061 data
1384 3012 1469 3061 est
1490 3004 1745 3072 Abrahae,
1765 3005 1912 3060 sicut
1930 3022 1995 3059 ex
2016 3021 2140 3059 ver—
2156 3016 2198 3080 ἦ
2292 3005 2433 3060 Sina
2462 3010 2611 3060 enim
2636 3023 2792 3060 mons
2822 3012 2897 3060 est
2926 3010 2990 3060 in
3024 3007 3657 3079 Arabia,provincia,qui
3678 3016 3772 3056 con-

556 3054 784 3078 “’“.ι“”’-
810 3054 1054 3080 ⁷’“’⁷ἰ’“’“
1072 3054 1184 3062 *“““”
1226 3054 1355 3061 ““’“⁷“”
1387 3054 1468 3061 ’⁷⁷
1490 3054 1745 3072 ““”“’⁷““”³
1766 3054 1910 3060 ““”“’““
1935 3054 1995 3059 “““
2031 3054 2038 3057 ⁷
2058 3054 2101 3059 ”
2292 3054 2429 3060 ’⁷⁷⁷⁷⁷⁷
2464 3054 2608 3060 """’
2640 3054 2787 3060 """"
2823 3054 2894 3060 "'
2929 3054 2987 3060 "'
3024 3054 3084 3061 "'
3106 3054 3319 3079 """‘l|,"
3337 3054 3363 3062 "
3382 3054 3649 3074 """"'1"'
3684 3054 3713 3056 "

550 3094 637 3150 bis
663 3096 850 3167 angeli
869 3112 1166 3168 possumus
1185 3094 1442 3166 probare,
1466 3094 1702 3148 dicentis
1723 3093 1795 3148 ad
1817 3092 2100 3148 Abraham
2122 3111 2134 3146 :
2156 3054 2200 3116 Ο
2211 3096 2445 3161 junctus
2474 3101 2551 3148 est
2563 3098 2615 3148 ei
2640 3112 2760 3164 quas
2786 3111 2938 3149 nunc
2964 3100 3040 3149 est
3066 3098 3400 3165 Jerusalem,
3430 3098 3532 3151 hoc
3561 3102 3637 3149 est
3676 3105 3774 3145 con-

559 3184 878 3240 Secundum
916 3184 1021 3239 hoc
1049 3190 1273 3255 tempus
1304 3183 1541 3250 veniam,
1574 3188 1632 3236 et
1659 3182 1767 3236 erit
1807 3182 1959 3236 Sara
1991 3180 2139 3236 ﬁlius
2222 3181 2498 3235 terminus
2522 3186 2687 3237 terrae
2708 3183 3367 3255 repromissionis,inqua
3389 3190 3475 3240 est
3494 3180 3772 3240 Jerusalem,

548 3274 701 3343 (Gen.
733 3277 906 3345 xvm).
936 3273 1096 3329 Unde
1126 3278 1360 3344 apparet
1384 3273 1561 3339 Isaac,
1582 3288 1694 3326 non
1714 3270 2018 3325 secundum
2044 3286 2142 3324 na-
2225 3274 2303 3340 et,
2326 3270 2449 3341 ipsa
2466 3271 2796 3333 Jerusalem,
2820 3274 2985 3326 servit
3006 3289 3129 3327 cum
3159 3275 3294 3339 ﬁliis
3316 3273 3519 3339 suis,id
3544 3277 3621 3326 est
3633 3282 3773 3324 sacer

546 3368 740 3419 turam
770 3364 1029 3418 humanm
1057 3360 1477 3417 consuetudinis
1504 3377 1626 3415 esse
1666 3365 1887 3427 natum,
1915 3359 2012 3412 sed
2041 3374 2142 3429 per
2225 3358 2447 3413 dotibus
2477 3365 2535 3414 et
2557 3360 2879 3414 doctoribus
2918 3361 3014 3431 qui
3038 3361 3097 3414 in
3129 3361 3447 3416 Jerusalem
3474 3359 3687 3415 maxime
3703 3356 3773 3409 ba-

552 3452 1043 3525 repromissionem
1068 3468 1134 3506 ex
1158 3451 1406 3521 longaevo
1434 3454 1593 3521 patre
1612 3454 1670 3504 et
1707 3448 1895 3502 vetula
1924 3452 2139 3502 matre:
2224 3445 2497 3513 bitabant,
2530 3464 2658 3502 cum
2688 3447 2952 3518 subjectis
2979 3449 3095 3503 suis
3143 3449 3518 3521 omnipotenti
3564 3449 3663 3503 Deo
3695 3442 3772 3498 sub

559 3546 618 3597 et
648 3541 796 3613 quod
824 3542 1008 3612 majus
1029 3545 1133 3607 est,
1161 3538 1358 3606 sterili,
1390 3538 1506 3592 Deo
1530 3542 1819 3609 Operante,
1850 3540 2015 3590 natus
2035 3541 2139 3590 est.
2224 3535 2492 3589 servitute
2522 3536 2709 3605 legali.
2735 3536 2961 3602 Arabia,
2994 3538 3278 3608 provincia
3306 3543 3401 3593 est
3430 3538 3621 3592 multas
3664 3547 3769 3603 gen-

620 3628 747 3699 ουκ
768 3645 871 3701 per
894 3632 1220 3697 allegoriam
1242 3632 1373 3682 sunt
1388 3626 1618 3693 dicta,id
1635 3631 1720 3680 est
1742 3642 1864 3697 quae
1885 3625 2141 3695 superius
2224 3629 2310 3677 tes
2331 3629 2388 3678 et
2407 3624 2662 3694 regiones
2685 3625 2743 3679 in
2764 3642 2823 3679 se
2850 3626 3524 3692 continens,Ammonitas
3544 3623 3767 3681 videlicet.

553 3718 706 3774 dicta
744 3723 877 3772 sunt
903 3718 973 3772 de
1002 3720 1156 3788 Agar
1194 3721 1249 3772 et
1277 3718 1434 3773 Sara.
1466 3716 1548 3771 De
1584 3716 1787 3771 Ismael
1818 3731 2039 3786 quoque
2087 3720 2140 3769 et
2223 3711 2515 3778 Moabitae,
2549 3714 2920 3781 Philisthzeos,
2951 3715 3226 3771 Idumaeos
3254 3723 3315 3770 et
3345 3717 3488 3771 alias
3524 3710 3770 3786 quamplu-

543 3809 705 3865 lsaac
731 3806 1060 3877 spiritaliter
1112 3811 1245 3861 sunt
1295 3806 1461 3871 dicta,
1496 3810 1553 3860 et
1598 3804 1835 3876 spiritali
1889 3804 2143 3873 indigent
2222 3816 2330 3855 res.
2360 3802 2424 3855 ln
2454 3818 2566 3872 qua
2594 3803 2880 3873 provincia
2908 3808 2994 3857 est
3021 3803 3156 3858 Sina
3186 3820 3372 3867 mons,
3402 3809 3569 3857 tanta:
3595 3794 3770 3868 magni.

539 3894 902 3968 expositione.
936 3895 1093 3949 Hanc
1112 3893 1281 3949 habet
1299 3892 1760 3949 consuetudinem
1778 3892 1977 3947 beatus
1990 3892 2135 3947 Pau-
2214 3890 2427 3944 tudinis
2456 3896 2513 3944 et
2540 3891 2927 3962 longitudinis,
2941 3898 3007 3947 ut
3036 3894 3424 3948 conterminus
3448 3893 3522 3947 sit
3542 3897 3685 3944 terra:
3706 3899 3771 3938 re-

540 3986 649 4053 lus,
673 3989 738 4041 ut
754 3984 1061 4056 spiritalem
1084 3983 1512 4054 intelligentiam
1535 3981 1858 4053 allegoriam
1871 3981 2130 4051 appellet.
2216 3979 2623 4049 promissionis,
2656 3980 2800 4035 sicut
2830 3986 2981 4045 sunt,
3005 3981 3156 4035 verbi
3204 3982 3417 4052 gratia,
3448 3984 3651 4035 montes
3690 3970 3762 4044 qui

538 4075 827 4146 Allegoria
856 4079 1046 4129 autem
1071 4073 1294 4144 proprie
1322 4073 1392 4126 ad
1433 4071 1831 4143 grammaticos
1868 4070 2130 4140 pertinet.
2216 4068 2453 4138 cingunt
2472 4069 2715 4135 Italiam,
2750 4076 2808 4124 et
2834 4070 3093 4125 dividunt
3116 4070 3185 4124 ab
3210 4070 3339 4124 aliis
3371 4070 3573 4141 regnis.
3606 4067 3663 4120 Et
3678 4077 3766 4117 om-

537 4161 643 4218 Est
659 4164 810 4218 enim
839 4168 1035 4233 tropus
1064 4178 1173 4232 quo
1203 4161 1356 4215 aliud
1384 4159 1892 4230 signiﬁcaturquod
1908 4157 2129 4227 dicitur;
2215 4157 2310 4211 nia
2339 4174 2461 4229 quae
2490 4158 2747 4228 superius
2769 4159 3041 4229 praemisit
3060 4160 3383 4231 Apostolus.
3418 4160 3541 4213 ideo
3563 4153 3767 4211 texuitut

541 4256 605 4306 et
623 4268 745 4322 quae
770 4250 860 4304 hic
886 4248 1034 4303 dicta
1064 4254 1212 4313 sunt,
1255 4247 1554 4318 allegorice
1583 4246 1947 4317 intelligenda
1976 4252 2130 4311 sunt,
2215 4246 2287 4300 ad
2317 4246 2422 4300 hoc
2452 4246 2765 4317 perveniret
2793 4246 2941 4318 quod
2973 4247 3139 4301 modo
3178 4247 3316 4301 dicit
3344 4248 3415 4302 de
3431 4247 3564 4302 Sina
3594 4246 3765 4305 monte,

545 4344 614 4393 ut
635 4338 931 4410 sequentia
960 4336 1951 4407 manifestant.Hac,inquit,suntduo
1969 4341 2190 4410 testa-_
2217 4334 2313 4404 qui
2338 4342 2424 4389 est
2462 4335 2676 4389 vicinus
2705 4341 2871 4390 terra;
2904 4336 3246 4398 Iudaeorum,
3272 4342 3340 4391 ut
3368 4335 3673 4391 ostenderet
3688 4329 3766 4383 Ju-

540 4401 750 4495 menta,
776 4427 833 4482 id
862 4432 949 4483 est
971 4426 1067 4481 illa
1094 4443 1216 4498 quae
1239 4441 1410 4496 supra
1436 4401 1746 4479 memorata
1763 4401 2197 4495 sunt,signiﬁ-D
2216 4401 2362 4477 daaos
2391 4440 2502 4479 non
2530 4425 2712 4478 solum
2744 4440 2844 4495 per
2858 4425 3045 4495 legem
3075 4441 3245 4495 quam
3263 4429 3767 4496 acceperunt,servos

538 4521 671 4572 cant
698 4516 809 4572 duo
836 4516 1344 4572 testamenta.Nam
1366 4520 1637 4586 quantum
1670 4514 1738 4568 ad
1759 4530 1983 4569 sensum
2004 4530 2134 4585 per-
2216 4528 2354 4579 esse,
2390 4512 2488 4567 sed
2516 4512 2687 4567 etiam
2716 4529 2781 4567 ex
2811 4512 3099 4568 vicinitate
3131 4514 3407 4580 locorum,
3429 4519 3487 4568 et
3503 4512 3625 4584 quia
3639 4519 3767 4561 mons

536 4604 681 4663 tinet
698 4605 919 4673 litterae,
950 4606 1102 4676 Agar
1130 4611 1186 4660 et
1208 4605 1346 4660 Sara
1374 4603 1496 4658 duae
1525 4602 1787 4658 mulieres
1815 4604 2061 4669 fuerunt,
2077 4607 2135 4658 et
2214 4602 2324 4656 illis
2353 4600 2690 4667 adhaerebat,
2723 4602 2781 4655 in
2801 4617 2910 4672 quo
2930 4602 3114 4672 legem
3142 4602 3434 4657 servitutis
3455 4597 3765 4669 acceperunt.

540 4696 743 4756 Ismael
770 4701 829 4752 et
857 4696 1013 4751 Isaac
1046 4694 1159 4749 duo
1191 4693 1461 4749 homines.
1491 4691 1779 4759 Quantum
1816 4698 2007 4747 autem
2058 4694 2130 4748 ad
2288 4693 2392 4745 Illa
2414 4694 2599 4743 autem
2630 4705 2748 4757 qua:
2781 4705 3007 4744 sursum
3030 4695 3103 4743 est
3132 4693 3468 4745 Jerusalem.
3500 4684 3766 4743 Jerusalem

546 4785 855 4858 spiritalem
912 4784 1259 4839 intellectum
1316 4781 1538 4847 attinet,
1568 4782 1720 4851 Agar
1754 4780 1976 4847 ancilla,
2009 4798 2130 4853 qua;
2213 4795 2335 4850 quae
2361 4778 2765 4849 interpretatur
2782 4781 2917 4832 visio
2939 4779 3113 4848 pacis,
3133 4778 3417 4849 signiﬁcat
3445 4781 3677 4833 sanctam
3690 4769 3767 4824 Ec.

540 4874 719 4948 ﬁlium
746 4873 945 4947 genuit
971 4873 1029 4927 in
1059 4871 1344 4937 servitute,
1372 4870 1654 4941 signiﬁcat
1679 4869 1861 4939 legem
1888 4886 2011 4940 quae
2037 4886 2130 4941 ge-
2211 4867 2438 4922 clesiam
2469 4868 2646 4922 Deum
2672 4873 2857 4921 mente
2882 4866 3180 4932 videntem,
3216 4884 3340 4939 quae
3373 4870 3591 4922 constat
3615 4878 3671 4917 ex
3693 4872 3767 4913 an-

546 4963 675 5018 nuit
693 4967 752 5017 et
779 4962 977 5018 habuit
994 4961 1286 5017 Iudaicum
1313 4959 1581 5031 populum
1607 4957 1711 5012 sub
1739 4958 2023 5013 servitutis
2048 4961 2130 5025 iu-
2208 4957 2350 5029 gelis
2388 4961 2445 5011 et
2493 4956 2834 5021 hominibus,
2858 4973 2980 5027 qute
3017 4957 3224 5027 partim
3264 4958 3385 5027 jam
3438 4964 3629 5026 regnat
3668 4960 3767 5003 cum

542 5067 636 5121 go.
652 5054 714 5107 ln
745 5067 854 5122 quo
874 5066 1008 5121 ergo
1035 5049 1142 5104 fuit
1157 5048 1421 5104 Judaicus
1440 5048 1679 5119 populus
1696 5048 1921 5101 servus?
1940 5049 2003 5102 In
2024 5048 2129 5104 hoc
2211 5046 2452 5111 Christo,
2484 5045 2691 5117 partim
2710 5050 2900 5099 autem
2931 5045 3113 5099 adhuc
3136 5046 3536 5116 peregrinatur
3554 5059 3584 5096 a
3603 5041 3703 5095 Deo
3722 5034 3765 5122 in

546 5121 920 5210 utique,wquia
946 5136 1250 5209 cogebatur
1266 5136 1471 5191 servire
1496 5137 1626 5207 legi,
1650 5136 2127 5192 circumcisionem
2207 5135 2395 5189 terris.
2426 5134 2535 5189 Sed
2562 5134 2631 5188 de
2659 5134 2757 5188 illa
2788 5151 2913 5205 quae
2941 5135 3061 5204 jam
3109 5150 3235 5188 cum
3266 5134 3494 5189 Christo
3522 5131 3701 5200 regnat
3724 5121 3768 5175 in

546 5243 788 5291 servare,
812 5226 1017 5297 legalia
1040 5225 1311 5279 sacriﬁcia
1329 5225 1550 5292 offerre,
1571 5231 1626 5278 et
1645 5230 1844 5279 caetera
1862 5224 2125 5280 innume-
2208 5224 2424 5295 angelis
2444 5227 2500 5276 et
2518 5222 2836 5276 hominibus
2854 5222 3043 5291 justis,
3072 5222 3276 5292 partim
3307 5222 3365 5275 in
3401 5233 3642 5291 corpore,
3670 5223 3768 5297 p8?-

537 5316 740 5373 rabilia
765 5296 1064 5378 custodire,
1098 5330 1222 5386 quae
1250 5315 1478 5385 impune
1509 5330 1622 5368 non
1650 5319 1910 5385 poterant
1938 5320 2125 5369 trans-
2205 5314 2309 5367 tim
2335 5314 2393 5366 in
2417 5312 2621 5370 anima.
2668 5327 2781 5365 non
2821 5316 2906 5364 est
2936 5310 3171 5363 dubium
3199 5309 3333 5379 quin
3366 5322 3589 5363 sursum
3615 5302 3680 5357 sit
3723 5296 3766 5348 in

541 5406 721 5478 gredi.
749 5406 876 5460 Non
914 5405 1094 5458 solum
1134 5411 1322 5459 autem
1352 5403 1626 5474 corporali
1654 5403 1910 5457 vindictze
1939 5409 2126 5458 trans-
2206 5402 2415 5457 caelesti
2444 5400 2806 5455 beatitudine.
2840 5400 2919 5453 De
2937 5399 3045 5453 ista
3070 5405 3260 5452 autem
3292 5413 3418 5469 quae
3449 5396 3625 5449 adhuc
3646 5400 3767 5458 pere-

533 5492 760 5570 gressor
787 5494 1132 5572 subjacebat,
1166 5495 1265 5549 sed
1302 5494 1472 5549 etiam
1522 5492 1900 5548 maledictioni
1956 5493 2125 5564 subji-
2204 5490 2465 5562 grinatur
2490 5489 2550 5544 in
2579 5489 2763 5556 terris,
2776 5488 3143 5559 quaerendum
3167 5491 3254 5542 est
3277 5484 3559 5558 quomodo
3577 5484 3766 5572 sane?

525 5562 947 5663 ίίθδειῐιιιοίςιίω
976 5589 1034 5643 et
1060 5584 1185 5661 ipsa
1209 5584 1332 5661 lege
1356 5582 1773 5643 continebatur:
1790 5562 2124 5642 Maledictus
2205 5582 2298 5643 sit.
2332 5582 2568 5641 Sursum
2595 5579 2801 5638 dicitur
2841 5596 2985 5653 esse,
3010 5578 3142 5655 quia
3159 5578 3290 5635 licet
3316 5590 3550 5654 corpore
3576 5562 3761 5629 inhabi-

3882 4610 3883 4675 ι

3879 4690 3881 4789 ψ
