3966 6156
228 240 321 303 689
830 201 1244 313 sxeosrrio
1274 243 1353 303 IN
1384 244 1538 302 EPP.
1573 244 1632 306 s.
1664 245 1749 304 PA

1840 245 1898 303 ιῙ.
1934 272 2000 289 -
2031 245 2110 304 IN
2139 244 2360 303 EPIST.
2392 243 2489 302 AD
2520 243 2777 301 GALAT.
3351 246 3459 307 690

224 373 297 425 tet
321 374 533 434 terram,
564 371 751 423 mente
785 371 972 423 tamen
1002 368 1282 426 inhabitat
1332 373 1556 442 coelum,
1589 374 2084 437 dicensAdicente
2110 371 2347 429 Domino
2376 371 2450 426 ad
2476 368 2760 426 Abraham
2794 388 2805 424 :
2839 372 2909 430 In
2953 373 3160 429 semine
3187 377 3279 429 tuo
3306 374 3457 431 bene.

223 476 330 516 cum
346 457 624 529 Apostolo:
661 458 861 513 Nostra
889 464 1075 513 autem
1097 466 1432 517 conversatio
1454 466 1513 518 in
1535 466 1677 519 caelis
1703 470 1779 519 est
1860 465 2118 520 dicentur
2144 478 2328 517 omnes
2355 465 2534 530 gentes
2565 460 2711 529 (Gen.
2739 461 2892 533 xxxi),
2918 466 2975 516 et
3000 461 3146 517 sicut
3176 461 3334 518 Isaac
3364 481 3424 519 se

221 549 420 619 (Philip.
436 548 531 615 Ill),
556 550 611 599 et
629 562 851 618 semper
865 548 1114 603 coelestia
1131 566 1304 621 opera
1324 552 1458 622 agit,
1484 553 1539 607 id
1568 559 1654 608 est
1681 553 1780 607 illa
1861 553 2103 608 cundum
2132 548 2559 622 promissionem
2580 553 2748 604 natus
2780 555 2885 618 est,
2908 550 2989 605 ita
3013 567 3117 606 nos
3133 551 3235 608 ﬁlii
3253 569 3449 611 sumus

220 654 308 709 per
331 652 440 706 quae
466 634 532 688 ad
552 635 774 689 caeleste
802 652 1039 706 regnum
1067 639 1245 708 possit
1275 640 1611 710 pertingere.
1646 642 1779 706 Qum
1862 639 2268 713 promissionis.

220 726 364 780 etiam
379 724 508 778 bene
519 729 700 778 mater
714 731 906 778 nostra
920 725 1144 792 dicitur,
1161 728 1290 799 quia
1309 731 1547 800 apostoli
1563 736 1620 784 et
1635 748 1780 786 mar-

217 819 363 886 tyres,
383 812 666 884 sanctique
688 814 1106 885 praedicatores.
1123 818 1217 888 qui
1230 833 1332 872 nos
1347 825 1773 890 praecesserunt,

216 903 304 975 ipsi
329 919 419 956 nos
446 908 765 972 genuerunt
786 903 845 957 in
883 904 993 959 ﬁde
1021 906 1229 960 Christi
1275 924 1380 962 sua
1406 908 1679 975 doctrina,
1722 914 1778 964 et

1932 730 2035 785 Sed
2056 730 2318 799 quomodo
2345 732 2476 782 tunc
2498 729 2547 782 is
2584 730 2683 797 qui
2700 731 3002 784 secundum
3031 745 3256 785 carnem
3283 737 3452 789 natus

1858 822 2062 888 fuerat,
2083 823 2188 873 etc.
2205 817 2527 888 Alloquitur
2544 818 2844 888 Apostolus
2862 818 3090 874 Galatas
3116 825 3178 874 ut
3192 836 3251 875 se
3266 826 3455 877 custo-

1858 907 2016 961 diant
2039 923 2073 960 a
2100 906 2328 969 Judaais,
2348 921 2418 959 ne
2431 905 2647 976 possint
2674 904 2743 959 ab
2774 906 2854 960 eis
2885 907 3103 962 seduci:
3147 906 3194 962 Ο
3211 907 3444 978 Galatae,

216 992 312 1046 suis
333 991 536 1063 scriptis
558 997 729 1063 atque
758 994 1041 1066 exemplis.
1066 995 1147 1050 De
1177 1013 1283 1067 qua
1308 998 1675 1067 generatione
1695 999 1775 1053 di-
1858 1000 2047 1059 cavete
2073 1000 2128 1049 et
2149 995 2423 1049 declinate
2452 1010 2486 1049 a
2506 993 2711 1049 Judzeis
2736 1012 2747 1048 :
2782 995 3043 1066 quoniam
3070 996 3217 1051 sicut
3244 997 3449 1053 Ismael

214 1081 277 1135 cit
307 1080 592 1151 Apostolus
616 1081 922 1137 Corinthiis
947 1102 958 1138 :
1012 1087 1114 1138 Per
1167 1087 1530 1155 Et‘angelium
1557 1104 1648 1155 ego
1686 1104 1774 1143 vos
1857 1084 1951 1155 qui
1978 1083 2286 1139 secundum
2316 1083 2577 1137 humanae
2607 1083 3026 1138 consuetudinis
3080 1100 3248 1139 usum
3278 1090 3446 1141 natus

210 1172 355 1238 genui
382 1171 428 1229 (Ι
445 1170 565 1224 Cor.
598 1174 693 1238 ιν).
1684 1235 1689 1241 η
1854 1178 1992 1238 erat,
2016 1172 2211 1227 eodem
2229 1171 2393 1226 modo
2416 1187 2526 1244 quo
2542 1170 3066 1241 superiusdiximus,
3084 1176 3445 1242 persequeba-

266 1258 525 1325 Scriptum
548 1262 783 1313 estenim
803 1276 822 1315 :
842 1262 1064 1324 Latere,
1088 1265 1317 1329 sterilis,
1340 1280 1457 1331 quas
1472 1280 1583 1319 non
1588 1269 1765 1333 paris,
1855 1267 1951 1316 tur
1977 1267 2112 1316 tunc
2125 1262 2303 1327 Isaac,
2325 1259 2420 1331 qui
2450 1260 2758 1315 secundum
2801 1260 3108 1332 spiritalem
3134 1263 3443 1334 repromis-

212 1349 294 1398 etc.
312 1345 417 1398 Hoc
435 1345 822 1401 testimonium
846 1347 902 1400 in
921 1347 1067 1402 Isaia
1088 1348 1433 1404 nobilissimo
1464 1353 1767 1423 prepheta-
1851 1349 2066 1405 sionem
2077 1350 2242 1404 datus
2257 1349 2441 1403 fuerat
2451 1347 2711 1418 Abrahae,
2739 1351 2819 1403 ita
2847 1353 2897 1402 et
2917 1365 3068 1404 nunc
3086 1352 3444 1422 persequitur

208 1450 308 1487 rum
332 1433 580 1488 habetur.
604 1435 761 1499 Quod
793 1436 1091 1507 dupliciter
1118 1442 1303 1508 potest
1339 1439 1596 1510 intelligi.
1621 1441 1768 1497 Dicit
1842 1438 2102 1510 judaicus
2138 1438 2396 1509 populus,
2424 1437 2519 1508 qui
2556 1437 2884 1508 designatur
2901 1453 3001 1509 per
3020 1438 3315 1494 Ismaelem
3344 1456 3443 1494 na-

208 1538 314 1592 ergo
333 1523 582 1577 Ecclesiae
604 1523 672 1577 de
696 1524 959 1594 gentibus
989 1542 1111 1596 quae
1129 1526 1226 1580 diu
1256 1532 1312 1581 et
1330 1528 1496 1599 longo
1515 1533 1767 1601 tempore
1847 1532 1967 1582 tum
1987 1527 2055 1581 de
2072 1527 2295 1592 ancilla,
2312 1524 2583 1597 populum
2604 1525 2986 1582 Christianum
3002 1532 3059 1582 et
3073 1527 3212 1601 alios
3228 1528 3325 1600 qui
3344 1529 3441 1584 de-

206 1610 379 1664 sterilis
398 1610 604 1665 mansit
625 1628 659 1665 a
679 1612 821 1667 bono
833 1630 1018 1684 opere,
1052 1620 1109 1668 et
1135 1616 1250 1669 Deo
1281 1615 1426 1669 ﬁlios
1455 1633 1569 1672 non
1598 1634 1768 1687 gene—
1849 1615 2144 1685 signantur
2169 1632 2271 1686 per
2297 1616 2458 1670 Isaac
2488 1619 2684 1669 natum
2707 1614 2776 1669 de
2796 1614 2992 1679 libera,
3015 1620 3080 1670 ut
3098 1617 3169 1671 ad
3190 1617 3433 1673 servitu-

204 1699 337 1764 ravit,
354 1700 450 1753 hoc
469 1705 557 1753 est
587 1716 621 1753 a
650 1701 1029 1756 destructione
1044 1703 1219 1757 turris
1246 1703 1443 1770 Babel,
1469 1722 1593 1775 quae
1614 1723 1763 1761 nunc
1783 1692 1828 1752 Β
1848 1708 1959 1758 tem
1991 1704 2114 1759 illos
2142 1703 2283 1774 legis
2315 1702 2607 1757 inclinent.
2635 1702 2713 1758 De
2743 1703 2875 1757 ludo
2896 1720 3199 1775 puerorum
3228 1704 3435 1762 Ismael

205 1793 273 1841 est
294 1787 524 1859 Babylon
552 1806 732 1859 usque
770 1791 838 1844 ad
889 1792 1191 1845 adventum
1222 1792 1465 1847 Domini.
1498 1794 1581 1849 Ibi
1612 1796 1762 1850 enim
1847 1797 1903 1847 et
1921 1793 2096 1858 Isaac,
2112 1792 2287 1847 Judaei
2308 1792 2462 1846 varia
2475 1792 3027 1856 disserunt.Quidam
3044 1794 3192 1848 enim
3214 1794 3430 1863 dicunt,

203 1875 406 1930 divisum
439 1883 522 1931 est
550 1878 764 1932 labium
796 1880 1068 1935 universae
1084 1886 1266 1943 terrae,
1290 1887 1347 1936 et
1372 1885 1764 1939 tantummodo
1847 1882 1980 1952 quia
1999 1880 2220 1934 volebat
2245 1881 2486 1951 quodam
2513 1896 2721 1950 genere
2751 1881 2867 1935 ludi
2888 1897 3190 1952 provocare
3220 1884 3290 1937 ad
3321 1884 3435 1939 sal-

201 1964 281 2019 Dei
305 1966 533 2035 cognitio
566 1967 623 2020 in
646 1964 766 2021 sola
780 1968 946 2022 domo
970 1969 1330 2024 Hebraiorum
1354 1972 1580 2026 mansit.
1608 1973 1764 2027 Dica-
1844 1969 2545 2040 tum.tenensfperticamin
2557 1968 2848 2033 manu,“bi
2865 1970 3097 2041 Optabat
3110 1971 3332 2027 eumita
3343 1972 3436 2027 de-

198 2058 276 2106 tur
287 2070 430 2124 ergo:
462 2057 682 2119 Lstare,
706 2056 760 2110 id
779 2063 865 2111 est
880 2058 1066 2127 gaude
1109 2064 1166 2112 et
1202 2060 1437 2126 exsulta,
1461 2077 1493 2114 o
1515 2061 1762 2117 Ecclesia
1842 2057 2070 2121 bilitari,
2087 2064 2153 2113 ut
2174 2058 2437 2129 indignus
2458 2059 2618 2112 ﬁeret
2632 2058 2843 2112 honore
2865 2058 3225 2130 primogeniti
3247 2066 3304 2115 et
3322 2060 3434 2117 hae-

199 2140 254 2194 de
274 2142 534 2211 gentibus,
584 2161 706 2214 quae
743 2152 910 2200 antea
958 2147 1164 2201 sterilis
1213 2165 1355 2215 eras,
1399 2154 1456 2203 et
1493 2167 1614 2220 quae
1643 2150 1759 2205 Deo

198 2229 315 2284 ﬁlios
344 2248 447 2286 non
496 2232 776 2303 pariebas,
833 2251 1057 2303 erumpe
1086 2236 1143 2289 in
1171 2236 1461 2306 gaudium,
1495 2243 1543 2292 et
1578 2242 1757 2295 clama

195 2335 288 2388 prie
313 2320 474 2374 nimia
488 2322 861 2391 iucunditate,
881 2340 1004 2395 quae
1032 2341 1143 2378 non
1160 2325 1436 2396 pariebas,
1462 2328 1595 2397 quia
1639 2329 1760 2400 plu-

191 2422 265 2460 res
275 2407 365 2461 ﬁlii
381 2409 489 2463 Deo
509 2411 727 2481 accepti
750 2411 851 2465 tibi
876 2418 1042 2467 erunt
1067 2430 1234 2483 quam
1258 2415 1591 2486 Synagoga,
1633 2433 1758 2488 quae

191 2497 436 2564 quondam
457 2498 658 2553 habuit
689 2500 864 2553 Deum
917 2501 1358 2573 omnipotentem
1404 2520 1595 2558 verum
1624 2522 1755 2576 pro-

192 2588 426 2640 tectorem
456 2587 564 2652 sui,
611 2588 694 2641 vel
726 2605 849 2659 quae
888 2590 1053 2643 modo
1076 2591 1373 2661 gloriatur,
1418 2597 1477 2647 et
1503 2598 1666 2664 putat
1693 2611 1754 2650 se

1840 2147 2139 2202 reditatem
2161 2152 2415 2218 paterna.
2450 2146 2690 2211 Quidam
2739 2146 2906 2201 etiam
2937 2147 3150 2212 dicunt,
3182 2149 3316 2220 quia
3344 2167 3437 2205 vo-

1839 2236 1991 2290 lebat
2014 2236 2066 2291 ei
2096 2236 2332 2290 suadere
2358 2234 2690 2307 quibusdam
2725 2236 3169 2307 turpitudinibus
3190 2238 3436 2310 misceri,

1840 2342 1942 2396 pro
1962 2342 2071 2397 quo
2093 2324 2356 2379 notabilis
2381 2329 2437 2378 et
2448 2324 2732 2396 despectui
2751 2324 3055 2381 haberetur
3077 2328 3224 2398 patri
3238 2332 3294 2382 et
3310 2345 3436 2384 ma-

1838 2414 1933 2480 tri,
1966 2420 2025 2469 et
2050 2421 2114 2469 ut
2138 2414 2400 2478 diximus,
2430 2413 2697 2484 indignus
2725 2415 2888 2469 ﬁeret
2920 2415 3133 2470 honore
3157 2416 3435 2489 primoge-

1837 2502 1960 2557 niti.
1985 2502 2206 2557 Sciebat
2216 2503 2365 2557 enim
2387 2518 2446 2557 se
2461 2503 2614 2557 nullo
2633 2502 2797 2557 modo
2831 2520 2994 2575 posse
3013 2505 3331 2576 pertingere
3361 2506 3434 2561 ad

1832 2592 2221 2646 htereditatem
2252 2595 2547 2662 paternam
2578 2595 2636 2646 et
2675 2590 3011 2661 dignitatem
3046 2593 3426 2665 primogeniti,

1833 2685 2029 2751 utpote
2051 2679 2147 2752 qui
2168 2697 2233 2735 ex
2253 2680 2456 2734 ancilla
2484 2684 2625 2744 erat,
2662 2678 2792 2734 licet
2814 2680 3224 2751 primogenitus
3262 2682 3425 2751 foret,

190 2768 449 2835 postquam
478 2765 641 2831 dixit,
675 2782 785 2820 non
831 2767 1093 2821 habemus
1136 2784 1312 2835 regem
1344 2772 1459 2824 nisi
1486 2770 1749 2827 starem
1833 2768 1941 2823 nisi
1961 2769 2119 2823 illum
2135 2768 2649 2840 itavituperabilem
2672 2768 2975 2823 redderent
2991 2774 3092 2823 aut
3106 2769 3426 2842 incorpore,

192 2852 493 2921 (Joan.x1x).
521 2854 791 2909 Dicamus
807 2860 864 2909 et
883 2856 1051 2909 altius
1063 2858 1226 2926 juxta
1238 2856 1461 2912 beatum
1482 2860 1747 2930 Augusti-
1831 2863 1931 2912 aut
1954 2858 2012 2912 in
2040 2858 2263 2912 levitate
2288 2857 2511 2919 mentis,
2539 2863 2605 2912 ut
2634 2858 2781 2927 patri
2813 2862 2867 2912 et
2919 2859 3089 2913 matri
3118 2874 3218 2929 pro
3248 2859 3425 2915 nihilo

189 2955 320 3005 num,
340 2943 644 2997 referentes
666 2945 774 2998 ista
818 2944 886 2997 ad
909 2944 1239 3011 Ecclesiam,
1264 2963 1385 3017 quae
1406 2947 1524 3017 jam
1549 2955 1751 3019 regnat
1773 3005 1810 3020 η
1832 2946 2148 3000 duceretur.
2166 2946 2272 3001 Sed
2289 2946 2561 3017 quidquid
2591 2945 2731 3000 illud
2758 2945 2946 3013 fuerit,
2969 2946 3133 3018 plane
3172 2954 3425 3020 apparet,

186 3045 287 3083 cum
311 3031 519 3086 Christo
536 3032 599 3085 in
621 3032 795 3098 caelis,
819 3049 942 3104 qum
970 3033 1177 3087 sterilis
1201 3005 1538 3106 appellatur,
1564 3005 1677 3091 non
1714 3053 1749 3092 a
1769 3005 1811 3065 Ο
1831 3034 1990 3089 illum
2019 3035 2231 3089 nudum
2264 3005 2376 3089 non
2405 3005 2718 3106 simplicem
2749 3034 2938 3102 fuisse,
2969 3005 3074 3107 pro
3105 3005 3227 3108 quo.
3245 3005 3429 3094 inater

188 3114 307 3171 bono
325 3136 482 3190 opere
512 3127 575 3175 et
595 3121 760 3175 laude
780 3121 1062 3176 Creatoris
1086 3123 1195 3186 sui,
1226 3124 1324 3177 sed
1378 3125 1588 3179 carnali
1612 3142 1746 3196 pro-
1826 3124 2136 3195 indignata;
2155 3124 2419 3195 praecepit
2436 3124 2649 3195 pariter
2661 3130 2898 3179 matrem
2911 3141 3037 3180 cum
3058 3125 3192 3190 ﬁlio,
3213 3126 3428 3183 adomo

191 2671 366 2728 habere
390 2692 584 2729 verum
614 2676 817 2740 Deum,
848 2694 973 2731 cum
1026 2678 1185 2734 illum
1242 2680 1512 2735 amissum
1547 2682 1753 2739 habeat

183 3209 475 3277 pagatione:
500 3217 736 3281 propter
755 3217 1043 3281 peccatum
1065 3211 1214 3265 enim
1237 3213 1387 3267 venit
1415 3230 1584 3280 mors,
1620 3232 1745 3286 qua:

185 3295 297 3349 nihil
325 3299 467 3352 aliud
500 3305 592 3353 est
615 3299 723 3353 nisi
747 3300 1037 3354 dissolutio
1084 3301 1511 3368 elementorum,
1541 3308 1598 3357 et
1620 3320 1747 3374 pro-

182 3390 285 3453 pter
306 3394 534 3442 mortem
568 3386 720 3442 venit
757 3389 1035 3443 successio
1063 3390 1330 3445 ﬁliorum.
1362 3389 1429 3444 In
1482 3394 1744 3462 praesenti

1828 3218 1886 3268 et
1915 3212 2193 3267 consortio
2223 3213 2323 3267 ﬁlii
2346 3212 2510 3267 liberi
2540 3213 2685 3285 ejici.
2724 3213 2930 3269 Beatus
2960 3214 3133 3269 etiam
3181 3216 3420 3286 Apostog

1827 3302 1935 3368 lus,
1967 3301 2164 3357 doctus
2191 3302 2263 3356 ad
2290 3302 2460 3374 pedes
2487 3302 2831 3367 Gamalielis,
2859 3303 3000 3374 legis
3020 3303 3286 3365 doctoris.
3327 3305 3425 3377 qui

1827 3406 2050 3444 omnem
2082 3390 2374 3445 scientiam
2406 3391 2548 3461 legis
2594 3397 2652 3446 et
2704 3392 3109 3464 prophetarum
3143 3409 3265 3465 quae
3289 3398 3426 3448 tunc

182 3474 421 3544 siquidem
439 3478 555 3531 vita
590 3493 815 3532 necesse
847 3483 929 3532 est
960 3483 1022 3532 ut
1050 3484 1415 3548 procreentur
1435 3480 1536 3534 ﬁlii
1551 3497 1744 3536 carna—
1825 3481 1937 3531 tem
1952 3478 2104 3549 poris
2122 3478 2407 3549 penetrari
2428 3478 2968 3550 poterat,intellexit,
2987 3480 3247 3535 similiter
3259 3479 3422 3536 illum

179 3561 261 3629 les,
285 3566 371 3634 qui
400 3566 657 3637 patribus
704 3567 941 3622 mortuis
985 3568 1070 3621 vel
1117 3568 1407 3622 morituris
1444 3571 1745 3626 succedant
1825 3565 2021 3620 ludum
2058 3582 2170 3620 non
2191 3566 2506 3638 simplicem
2532 3583 2654 3621 esse
2683 3567 2914 3635 sciebat,
2935 3585 3101 3639 quem
3122 3569 3423 3641 appellavit

178 3649 225 3704 in
252 3652 651 3710 hereditatem:
675 3656 734 3710 in
763 3655 862 3709 illa
885 3662 1073 3710 autem
1101 3655 1451 3711 beatitudine
1464 3657 1558 3711 ubi
1576 3675 1741 3713 nemo
1824 3654 2291 3724 persecutionem.
2344 3654 2580 3709 Volebat
2600 3654 2750 3709 enim
2781 3672 2909 3711 eum
2929 3657 3108 3711 levem
3136 3663 3193 3712 et
3218 3657 3423 3712 scurri-

176 3741 398 3807 moritur,
422 3760 533 3798 non
565 3750 653 3798 est
699 3760 923 3797 necesse
967 3748 1031 3798 ut
1059 3744 1158 3797 ﬁat
1194 3745 1470 3799 successio
1495 3745 1738 3801 ﬁliorum
1825 3741 1933 3796 lem
1963 3741 2165 3806 facere.
2197 3758 2262 3795 ac
2299 3741 2571 3813 dignitate
2600 3743 2826 3814 Pﬁvari.
2856 3748 2914 3799 et
2933 3760 2992 3798 se
3022 3743 3331 3799 sublimari-

174 3842 256 3895 per
280 3833 732 3902 prapagationem
779 3832 982 3886 carnis.
1027 3832 1379 3903 Quapropter
1422 3834 1741 3904 appellatur
1890 3830 1993 3885 Sed
2024 3830 2160 3897 quid
2191 3831 2327 3885 dicit
2347 3831 2681 3899 Scriptura?
2702 3833 2849 3901 Ejice
2863 3836 3131 3888 ancillam
3160 3839 3207 3887 et
3226 3835 3415 3900 ﬁlium

173 3918 364 3986 sterilis,
392 3928 447 3976 et
464 3922 675 3975 dicitur
722 3922 772 3975 ei
797 3922 1200 3993 congaudcndo
1230 3940 1359 3976 voce
1376 3924 1732 3993 prophetica:
1820 3920 1955 3986 ejus-
1981 3918 2265 3982 Quantum
2296 3919 2367 3973 ad
2393 3919 2642 3972 litteram
2672 3919 2936 3989 Pertinet,
2979 3919 3050 3974 οὗ
3097 3918 3420 3990 huiusmOdi

173 4003 378 4071 laetare,
411 4027 443 4065 ο
464 4010 736 4078 Ecclesia,
757 4011 966 4065 sterilis
992 4028 1025 4064 a
1060 4012 1272 4065 carnali
1324 4014 1731 4082 procreatione,
1819 4023 2045 4061 causam
2073 4024 2243 4079 quam
2272 4007 2538 4073 diximUS,
2566 4009 2830 4079 praecepit
2873 4025 2997 4063 eam
3028 4014 3209 4063 mater
3237 4009 3365 4079 ejici
3397 4026 3412 4067 :

176 4108 277 4163 quae
303 4113 404 4153 non
436 4100 593 4171 paris
622 4099 767 4153 ﬁlios
817 4099 1069 4152 carnales
1103 4115 1229 4152 cum
1257 4099 1448 4153 dolore
1477 4104 1534 4153 et
1561 4101 1737 4154 nimia
1820 4101 2094 4166 quantum
2129 4112 2254 4150 vero
2285 4096 2355 4149 ad
2383 4095 2696 4166 spiritalem
2729 4096 3161 4168 intelligentiam
3187 4098 3412 4166 attinet,

172 4185 440 4251 anxietate,
457 4190 593 4260 quia
624 4189 811 4260 plures
841 4187 1190 4243 ﬁliidesertae
1210 4188 1491 4258 quondam
1510 4190 1737 4258 gentili-
1820 4185 2068 4256 quandiu
2094 4183 2278 4239 Judaei
2306 4184 2521 4239 ancillae
2542 4184 2642 4239 ﬁlii
2664 4186 2858 4241 volunt
2888 4203 3029 4255 esse,
3064 4191 3121 4241 et
3144 4186 3322 4241 ﬁlium
3342 4185 3415 4241 li-

173 4272 279 4376 tatis
298 4276 512 4330 venient
534 4277 656 4340 tibi,
681 4293 848 4348 quam
894 4292 957 4330 ex
1007 4277 1304 4346 Synagoga
1332 4293 1453 4347 quze
1475 4278 1610 4331 olim
1640 4278 1738 4376 ha-
1759 4273 1965 4376 Ubera:
1990 4272 2274 4374 persequi,
2299 4272 2420 4373 hoc.
2442 4279 2545 4374 est,
2604 4275 2858 4376 quandiu
2899 4276 3023 4376 “legi
3073 4275 3269 4376 volunt
3295 4291 3417 4331 esse

172 4356 271 4414 buit
289 4363 455 4417 Deum
471 4365 914 4435 omnipotentem
935 4364 1141 4431 virum,
1174 4365 1258 4418 vel
1287 4381 1409 4436 qua:
1439 4366 1603 4420 modo
1613 4366 1737 4436 glo-
1759 4356 1802 4376 ν
1819 4362 2054 4433 subjecti
2082 4362 2141 4416 in
2164 4362 2583 4418 circumcisione
2604 4369 2662 4418 et
2680 4364 2965 4419 sacriﬁciis
2983 4364 3283 4435 legalibus,
3302 4381 3416 4420 non

171 4446 322 4504 riatur
339 4470 395 4506 se
410 4452 640 4507 habere.
663 4452 935 4507 Omnibus
965 4453 1113 4507 enim
1135 4459 1289 4524 patet
1300 4455 1489 4525 plures
1514 4471 1577 4508 ex
1605 4472 1739 4525 gen-
1819 4452 2110 4507 credentes
2130 4468 2190 4506 se
2208 4468 2310 4523 per
2329 4451 2649 4523 passionem
2665 4454 2887 4527 \Christi
2906 4470 3068 4524 posse
3094 4454 3318 4518 salvari,
3359 4459 3418 4509 et

168 4535 292 4593 tibus
309 4543 549 4596 transire
580 4542 650 4595 ad
664 4542 902 4612 gloriam
928 4543 1326 4614 sempiternam
1354 4560 1522 4614 quam
1551 4560 1617 4597 ex
1645 4545 1739 4599 Ju-
1821 4542 2071 4614 quandiu
2098 4558 2200 4596 nos
2229 4542 2422 4596 volunt
2449 4542 2710 4614 persequi
2737 4542 2833 4613 qui
2873 4543 2993 4612 jam
3030 4559 3222 4598 sumus
3251 4542 3415 4598 liberi

170 4624 280 4680 deis
326 4630 597 4685 Similiter
634 4631 693 4684 in
748 4632 1006 4701 praesenti
1056 4632 1300 4686 Ecclesia
1339 4633 1528 4704 plures
1565 4632 1735 4688 habet
1817 4631 1997 4687 etl‘ecti
2029 4631 2099 4685 ab
2128 4630 2453 4686 haereditate
2479 4630 2733 4685 Ecclesiae
2775 4630 3083 4702 repellendi
3111 4635 3261 4688 sunt.
3286 4632 3412 4685 Non

164 4712 283 4769 ﬁlios
308 4719 494 4775 ﬁdeles
523 4737 589 4773 ex
620 4720 938 4789 gentilitate
968 4737 1135 4790 quam
1176 4720 1245 4774 de
1276 4721 1588 4793 Synagoga.
1626 4722 1735 4776 Per
1815 4724 1968 4775 enim
2000 4721 2165 4775 haeres
2193 4724 2297 4774 erit
2324 4722 2475 4787 ﬁlius
2504 4721 2723 4773 ancilla:
2750 4735 2876 4772 cum
2914 4721 3031 4787 ﬁlio
3064 4719 3261 4773 liberae.
3294 4718 3413 4774 Hoc

168 4818 333 4860 omnes
346 4810 491 4862 enim
510 4825 656 4880 pene
685 4809 938 4863 civitates
956 4814 1012 4863 et
1031 4809 1306 4879 regiones.
1346 4811 1490 4864 vicos
1512 4826 1733 4882 quoque
1817 4816 1919 4873 est,
1946 4808 2096 4863 ﬁlius
2107 4808 2319 4879 peccati
2337 4813 2394 4862 et
2410 4807 2571 4861 male
2587 4806 3063 4877 concupiscentia,
3085 4822 3207 4878 quae
3228 4810 3413 4878 potest

166 4894 211 4943 et
233 4893 434 4950 villulas
459 4897 702 4967 gentiles
731 4896 978 4951 clamant
1005 4914 1065 4951 se
1082 4898 1309 4952 credere
1337 4898 1395 4952 in
1418 4898 1725 4965 Christum,
1815 4897 2056 4967 intelligi
2086 4913 2187 4968 per
2203 4896 2483 4960 ancillam,
2508 4895 2656 4949 ﬁlius
2671 4895 2909 4949 camelis
2928 4895 3088 4965 legis,
3113 4895 3208 4966 qui
3226 4896 3411 4966 legem

162 4976 446 5037 Iudaeorum
475 4990 665 5038 autem
683 5001 844 5040 rarus
865 4990 964 5039 aut
988 4985 1174 5039 nullus
1193 4985 1475 5040 invenitur
1494 4986 1590 5057 qui
1609 5003 1731 5041 cre-
1815 4987 2121 5041 carnaliter
2141 4986 2437 5041 observare
2461 4983 2680 5049 nititur,
2727 5000 2841 5038 non
2884 4984 2992 5037 erit
3015 4983 3194 5038 haeres
3222 4984 3277 5038 in
3301 4984 3413 5040 hie-

163 5063 273 5123 dere
294 5070 347 5125 in
377 5073 663 5128 Christum
690 5074 1044 5128 conﬁteatur.

220 5158 316 5212 Nos
333 5167 540 5228 autem,
579 5165 804 5230 fratres,
839 5163 1140 5215 secundum
1170 5164 1324 5217 Isaac
1346 5166 1729 5232 promissionis

159 5245 253 5307 ﬁlii
272 5264 478 5305 sumus.
505 5251 534 5304 J
543 5249 699 5321 ungit
712 5266 771 5304 se
787 5250 1089 5320 Apostolus
1111 5250 1325 5305 Galatis
1348 5252 1723 5319 credentibus,

158 5337 204 5384 et
220 5333 368 5391 dicit:
392 5340 509 5393 Nos
521 5346 730 5400 autem,
754 5339 978 5403 fratres,
1002 5338 1055 5392 id
1080 5344 1167 5393 est
1186 5355 1289 5411 ego
1309 5346 1366 5394 et
1394 5357 1510 5410 vos,
1528 5357 1728 5395 secun-

160 5419 274 5476 dum
299 5425 453 5481 Isaac
484 5428 868 5499 promissionis
895 5429 994 5483 ﬁlii
1025 5446 1242 5496 sumus,
1276 5430 1380 5484 hoc
1410 5436 1494 5484 est
1523 5449 1533 5484 :
1571 5432 1730 5485 Sicut

157 5524 243 5565 nos
261 5515 352 5584 qui
380 5516 439 5571 in
462 5517 749 5575 Christum
768 5518 1067 5591 credimus,
1095 5518 1196 5574 ﬁlii
1236 5519 1474 5576 Abrahae
1509 5535 1725 5588 sumus,

1813 5075 2052 5130 reditate
2075 5076 2266 5146 patriae
2293 5072 2533 5129 ccelestis
2565 5088 2692 5126 cum
2718 5072 2850 5127 ﬁliis
2878 5070 3088 5140 liberis,
3122 5074 3218 5145 qui
3247 5074 3410 5130 liberi

1814 5164 2135 5219 efﬁciuntur
2160 5163 2218 5217 in
2246 5161 2603 5233 baptismate,
2618 5177 2732 5215 non
2754 5161 2935 5216 solum
2953 5160 3022 5216 ab
3042 5161 3409 5234 originalibus

1812 5253 2074 5326 peccatis,
2098 5252 2194 5307 sed
2225 5251 2396 5306 etiam
2426 5249 2497 5304 ab
2516 5250 2671 5305 omni
2690 5250 2917 5306 servitio
2946 5251 3105 5323 legis.

1882 5345 2087 5411 Itaque,
2103 5343 2328 5408 fratres,
2358 5357 2471 5395 non
2499 5356 2691 5396 sumus
2712 5344 3067 5409 ancillaﬁlii,
3086 5344 3179 5397 sed
3202 5345 3401 5398 libera.

1812 5431 1873 5485 Id
1892 5436 1995 5496 est,
2010 5446 2122 5484 non
2142 5446 2338 5485 sumus
2349 5432 2468 5501 jam
2496 5431 2637 5503 legis
2658 5430 2778 5493 ﬁlii,
2798 5448 2920 5503 quae
2934 5447 3066 5486 suos
3091 5430 3406 5486 observato-

1812 5536 1902 5576 res
1932 5535 2120 5576 servos
2138 5519 2289 5590 facit,
2317 5521 2416 5577 sed
2440 5520 2543 5578 ﬁlii
2578 5537 2734 5579 novae
2755 5523 2952 5597 gratim
2989 5526 3047 5579 et
3087 5521 3189 5579 ﬁlii
3228 5520 3407 5576 Evan-
3445 5538 3448 5541 λ
