3852 6154
501 264 603 326 691
918 268 1297 329 HAYMONIS
1334 216 1823 327 HALBERSTAT.
1865 266 2091 325 EPISC.
2130 264 2290 324 OPP.
2328 266 2514 324 PARS
2550 266 2597 323 Ι.
2644 296 2710 309 -
2748 263 3120 323 COMMENT.
3158 265 3327 324 BIBL.
3592 274 3671 333 692

500 391 636 463 Selii
664 408 767 465 per
791 392 1134 467 baptismum
1167 401 1225 454 et
1273 413 1375 470 per
1425 397 1572 469 dona
1614 395 1856 468 Spiritus
1892 393 2090 460 sancti,
2108 393 2157 454 A
2176 407 2289 448 non
2304 394 2489 449 valeat
2501 409 2603 465 per
2614 409 2673 448 se
2687 391 2899 464 aliquid
2919 391 3172 463 implere,
3186 392 3229 445 si
3243 391 3461 448 defuerit
3473 395 3674 465 spiritus'

507 496 631 554 qua!
659 485 975 557 accepimus
1001 492 1116 542 tam
1145 487 1201 542 in
1240 486 1580 559 baptismate
1608 501 1773 556 quam
1796 501 1896 556 per
1923 485 2103 555 impo-
2179 486 2370 537 tamen
2384 482 2674 554 quandiua
2695 480 2895 553 spiritu
2909 480 3232 545 viviﬁcatur,
3249 488 3677 552 sempercontraria

510 566 770 626 sitionem
798 589 1067 630 manuum
1097 576 1503 647 episcoporum,
1535 579 1593 628 et
1627 590 1728 645 per
1752 571 2099 627 communio-
2182 572 2401 627 videtur
2428 571 2673 643 spiritui,
2705 571 2762 625 id
2791 574 2877 626 cst
2920 569 3334 624 rationabilitati
3360 573 3550 627 mentis.
3570 573 3681 640 Qua-

509 672 637 714 nem
665 662 912 734 corporis
937 669 994 721 et
1016 664 1309 736 sanguinis
1331 663 1553 731 Domini
1569 664 1658 739 cui
1676 662 2095 735 participamus,
2181 667 2411 732 prOpter
2435 660 2575 715 dicit
2604 660 2902 732 Apostolus
2926 677 2939 714 :
2966 661 3105 715 Cara
3121 663 3549 728 concup’scit,etc.
3568 663 3682 727 Quo-

507 750 567 802 et
594 745 693 803 illa
704 750 953 806 libertate
972 769 1165 825 sumus
1185 752 1366 819 liberi,
1386 769 1496 823 qua
1518 753 1767 807 Christus
1788 768 1884 806 nos
1907 751 2102 805 libera-
2182 750 2349 804 modo
2374 749 2717 821 concupiscit
2730 765 2859 803 caro
2878 747 3145 803 adversus
3183 748 3421 819 spiritum
3432 750 3683 806 audiamus.

506 837 605 899 vit,
639 853 742 911 per
763 840 1077 917 passionem
1108 858 1269 911 suam
1315 846 1373 897 et
1418 857 1520 914 per
1544 838 1809 911 baptismi
1833 838 2093 910 gratiam.
2184 838 2327 894 Caro
2348 838 2630 893 desiderat
2648 854 2872 910 semper
2896 837 3099 909 repleri
3131 836 3284 904 cibis,
3306 836 3686 903 inebriariJuxu-

510 921 709 981 Omnis
729 927 878 1007 enim
910 930 1005 1001 qui
1033 930 1202 986 ﬁdem
1255 929 1495 986 Abrabaz
1547 927 1735 995 habet,
1767 932 1824 981 et
1850 926 2102 981 imitator
2183 926 2350 991 riare,
2375 927 2433 981 in
2451 927 2606 981 omni
2623 926 2992 981 delectatione
3006 941 3251 992 manere,
3279 941 3509 997 quaerens
3521 944 3690 999 semper

438 1056 443 1063 .
512 1028 747 1084 operum
777 1016 1017 1081 Abrahae
1063 1019 1268 1087 existit,
1312 1018 1507 1091 utique
1550 1017 1700 1073 ﬁlius
1728 1020 1815 1071 est
1841 1015 2096 1080 Abrahae,
2187 1016 2333 1086 quod
2356 1031 2519 1070 suum
2546 1020 2650 1070 est.
2677 1016 2814 1071 Ecce
2840 1015 3120 1087 quomodo
3147 1031 3273 1069 caro
3303 1016 3601 1086 concupiscit
3617 1017 3690 1070 ad-

512 1116 627 1157 non
656 1120 758 1176 per
793 1096 1081 1174 naturam,
1112 1109 1208 1171 sed
1241 1124 1343 1180 per
1368 1106 1762 1172 imitationem,
1803 1106 1949 1160 sicut
1966 1105 2106 1160 alias
2185 1119 2377 1159 versus
2389 1103 2669 1175 spiritum.
2692 1104 2948 1158 Econtra
2984 1102 3214 1175 spiritus
3226 1103 3694 1174 concupiscitadver—

514 1192 819 1263 Apostolus
844 1195 983 1265 dicit
1014 1216 1025 1251 :
1068 1197 1133 1259 Si
1186 1213 1312 1266 ergo
1371 1214 1461 1251 ros
1515 1196 1741 1261 Christi,
1774 1211 1898 1263 ergo
1925 1211 2107 1250 semen
2186 1209 2282 1247 sus
2301 1209 2547 1252 carnem.
2572 1192 2702 1264 quia
2717 1192 2812 1247 ille
2831 1192 3144 1247 delectatur
3150 1190 3694 1261 jejuniis,abstinentia,

514 1280 750 1337 Abrahz
764 1287 889 1337 estis
906 1284 1102 1355 (Galat.
1125 1287 1226 1354 Ill).
1258 1284 1364 1349 Qui
1382 1301 1511 1340 vero
1532 1285 1698 1339 fidem
1725 1300 1893 1355 quam
1914 1283 2103 1350 habet,
2188 1282 2443 1338 castitate
2465 1288 2521 1337 et
2537 1283 2623 1337 his
2644 1300 2767 1355 qua:
2788 1282 3232 1337 carnicontraria
3248 1287 3389 1335 sunt.
3404 1281 3499 1336 Sed
3517 1298 3699 1354 sequen-

514 1365 680 1424 bonis
700 1371 960 1443 operibus
976 1389 1086 1428 non
1108 1380 1358 1439 exornat,
1394 1374 1659 1429 nimirum
1683 1389 1794 1427 non
1821 1370 2106 1443 reputabi-
2188 1372 2293 1426 dus
2313 1377 2398 1427 est
2424 1386 2648 1443 semper
2674 1372 2925 1443 spiritus,
2956 1370 3088 1443 quia
3128 1370 3223 1424 ille
3259 1370 3443 1441 quaerit
3476 1387 3562 1441 per
3589 1370 3700 1441 quod

514 1460 612 1511 tur
632 1455 782 1513 inter
799 1460 944 1527 filios
971 1461 1228 1530 Abrahae,
1258 1479 1439 1534 neque
1467 1463 1703 1534 accipiet
1725 1461 2109 1517 hiereditatem
2188 1461 2378 1515 anima
2405 1461 2540 1515 vivit
2558 1461 2694 1516 Deo.
2729 1460 3001 1516 Similiter
3028 1474 3324 1530 possumus
3367 1464 3421 1513 et
3458 1458 3519 1512 de
3537 1459 3701 1530 Spiritu

518 1546 801 1601 cmicstem
854 1565 979 1605 cum
1031 1550 1161 1613 illis.
1226 1552 1580 1623 Quapmpter
1624 1550 1990 1605 laborandum
2023 1554 2109 1604 est
2189 1555 2382 1604 sancto
2411 1549 2614 1603 dicere.
2642 1549 2786 1603 Dum
2809 1548 2956 1603 enim
2988 1547 3229 1602 carnalis
3253 1548 3528 1601 delectatio
3544 1547 3704 1602 deside-

520 1633 779 1741 pmnibus
802 1624 980 1705 nobis,
996 1645 1059 1694 ut
1078 1641 1243 1707 ﬁdem
1265 1655 1433 1712 quam
1458 1639 1731 1695 habemus
1756 1638 2107 1713 exsecutione
2122 1679 2169 1741 Β
2189 1643 2277 1693 rat
2296 1637 2612 1708 transgredi
2633 1642 2912 1709 praecepta
2932 1636 3052 1703 Dei,
3074 1636 3341 1690 adversus
3368 1636 3704 1715 Spiritumsan-

519 1720 793 1801 bonorum
821 1729 1408 1805 operumstudeamus
1462 1729 1743 1795 decorare,
1787 1727 1901 1783 veri
1925 1720 2169 1783 imita-"
2189 1732 2341 1783 ctum
2364 1727 2727 1798 concupiscit,
2764 1732 2821 1780 et
2842 1726 2978 1780 dum
3000 1725 3244 1797 Spiritus
3271 1730 3484 1780 sanctus
3510 1726 3708 1795 prohibet

519 1815 671 1867 tores
698 1813 850 1870 illius
880 1816 1079 1873 effecti.
1102 1802 1127 1807 ﬂ
1156 1802 1161 1805 ⁷
1564 1806 1567 1809 “
2191 1815 2388 1886 inlege
2409 1821 2466 1870 et
2485 1815 2771 1887 prophetis
2788 1820 2957 1886 atque
2972 1814 3030 1868 in
3052 1814 3349 1885 Evangelio
3360 1831 3473 1886 qum
3486 1813 3708 1868 carodesi-

2192 1904 2374 1969 derat,
2397 1906 2663 1959 adversus
2685 1904 2839 1958 illam
2856 1903 3220 1975 concupiscit.
3238 1903 3395 1959 Unde
3413 1902 3577 1979 subdit
3596 1904 3708 1979 Apo-

1147 1961 1383 2019 CAPUT
1418 1960 1487 2016 ν’
2193 1960 2399 2048 stolus:
2427 1996 2563 2062 Hac,
2584 1992 2861 2064 inquiens,
2886 1992 2940 2046 id
2960 1960 3053 2046 est
3060 2008 3192 2046 caro
3215 1997 3273 2046 et
3309 1976 3524 2063 spiritus
3542 1994 3629 2046 sibi
3635 1960 3708 2045 in-

555 2082 686 2137 Dieo
705 2097 778 2137 au
786 2088 888 2139 lem
902 2084 960 2139 in
976 2086 1216 2141 Christo:
1240 2086 1457 2155 Spiritu
1468 2100 1557 2139 am
1567 2086 1693 2138 bula
1702 2089 1763 2148 te,
1772 2090 1820 2138 et
1840 2085 2109 2138 desideria
2191 2084 2362 2135 vicem
2374 2083 2761 2149 adversantur,
2775 2086 2880 2136 etc.
2889 2080 2978 2137 Sic
2991 2080 3096 2135 sibi
3109 2080 3346 2136 invicem
3358 2080 3606 2135 contraria
3615 2085 3711 2135 sunt

521 2172 714 2235 carnis
732 2185 845 2225 non
858 2174 1169 2240 perﬁcielis.
1191 2172 1271 2229 De
1299 2172 1404 2225 hac
1427 2171 1665 2225 lectione
1694 2171 1895 2225 diversi
1917 2171 2112 2225 docto-
2193 2185 2321 2223 caro
2338 2176 2395 2224 et
2412 2170 2731 2241 spiritus,ut
2744 2170 2893 2240 quod
2915 2170 3029 2224 vult
3053 2186 3322 2236 caro,non
3340 2168 3709 2240 consentiatspi-

518 2271 611 2310 res
641 2272 753 2323 non
775 2260 1067 2329 aequaliter
1093 2260 1363 2327 sentiunt,
1387 2260 1633 2313 dicentes
1650 2259 1876 2331 quidam
1906 2259 1976 2313 de
2003 2259 2112 2330 spi-
2192 2258 2367 2313 ritus:
2399 2264 2456 2313 et
2481 2259 2627 2328 quod
2651 2260 2903 2330 spiritus,
2946 2275 3059 2313 non
3117 2260 3432 2313 consentiat
3463 2275 3590 2323 caro,
3618 2258 3713 2328 quia

520 2343 636 2400 ritu
653 2346 896 2414 hominis
923 2334 1169 2421 locutum
1193 2366 1314 2404 esse
1330 2348 1783 2419 hicApostolum,
1802 2348 1948 2403 sicut
1972 2348 2111 2403 Cas—
2193 2363 2321 2401 caro
2334 2347 2574 2402 delectat
2594 2347 2801 2402 servire
2818 2348 2990 2414 vitiis,
3004 2348 3237 2420 spiritus
3258 2354 3440 2403 autem
3459 2346 3711 2401 virtutibus.

520 2432 733 2507 sianus,
753 2436 838 2490 vir
857 2436 1411 2507 prudentissimus,in
1435 2437 1837 2492 Collationibus
1861 2440 2107 2504 Patrum,
2266 2438 2417 2505 Quod
2433 2441 2483 2492 si
2508 2440 2790 2493 ducimini
2816 2442 3041 2507 spiritu.
3072 2437 3139 2492 Id
3166 2444 3272 2504 est,
3303 2439 3350 2493 si
3378 2437 3715 2511 rationabiliter

520 2522 751 2593 quidam
767 2525 836 2580 de
853 2525 1061 2601 Spiritu
1075 2525 1562 2595 sancto,utbeatus
1578 2524 2111 2596 Augustinus.Quod
2193 2526 2377 2582 vivitis
2426 2532 2484 2581 et
2538 2527 2963 2592 conversamini,
3012 2544 3123 2581 non
3156 2531 3286 2582 estis
3314 2530 3525 2598 subjecti
3551 2529 3647 2593 legi,
3677 2532 3715 2578 et

519 2614 829 2683 utrumque,
844 2630 955 2668 non
969 2614 1297 2687 incongrue,
1311 2631 1492 2687 neque
1509 2622 1704 2670 contra
1721 2614 2111 2670 rectitudinem
2194 2630 2308 2669 non
2330 2620 2415 2668 est
2432 2614 2587 2670 vobis
2630 2615 2948 2671 necessaria
2969 2616 3074 2678 lex,
3108 2617 3247 2687 quia
3268 2617 3353 2671 lex
3374 2633 3476 2671 non
3505 2621 3579 2670 est
3594 2614 3719 2685 justis

519 2698 647 2754 ﬁdei
664 2701 838 2774 accipi
860 2688 1333 2777 potest.Dicamus
1346 2704 1541 2776 igitur,
1558 2705 1720 2775 juxta
1736 2704 2068 2759 Cassianum
2094 2722 2106 2757 :
2194 2703 2397 2775 posita,
2412 2703 2505 2757 sed
2531 2704 2720 2775 impiis
2742 2710 2799 2758 et
2825 2704 3231 2775 peccatoribus.
3257 2706 3465 2759 Aliter:
3491 2704 3543 2759 Si
3568 2703 3718 2774 spiritu

519 2786 731 2869 Spiritu
748 2790 1051 2861 ambulate,
1074 2792 1131 2846 id
1152 2799 1237 2847 est
1259 2793 1470 2866 Spiritu
1487 2792 1723 2846 ducente
1759 2792 1943 2846 vivite.
1968 2791 2113 2855 Quid
2198 2792 2489 2853 ducimini,
2509 2792 2564 2846 id
2596 2798 2681 2846 est
2710 2793 2755 2846 si
2781 2792 2991 2862 Spiritu
3014 2799 3209 2847 sancto
3227 2791 3610 2863 gubernamini,
3631 2789 3721 2844 etsi

519 2882 606 2931 est
622 2894 755 2949 ergo
774 2880 1006 2953 spiritus
1020 2880 1300 2938 hominis?
1319 2880 1715 2952 Principalitas
1743 2881 1963 2941 animae,
1993 2897 2115 2951 quae
2198 2880 2502 2934 secundum
2523 2880 2669 2950 quod
2695 2879 2938 2951 Spiritus
2967 2886 3195 2934 sanctus
3213 2881 3376 2935 docet
3401 2882 3457 2935 in
3482 2879 3721 2951 Scripturis

520 2969 579 3020 et
605 2966 1021 3023 rationabilitas
1042 2971 1249 3025 mentis
1269 2970 1603 3041 appellatur,
1620 2986 1898 3041 perquam
1921 2986 2115 3041 possu-
2197 2969 2405 3023 sanctis
2436 2968 2634 3035 vivitis,
2682 2984 2794 3022 non
2851 2968 2985 3023 estis
3048 2968 3263 3045 subditi
3320 2969 3446 3042 legi,
3482 2968 3569 3023 sed
3597 2965 3721 3021 alieni

520 3069 648 3109 mus
677 3070 1010 3125 cognoscere
1041 3057 1181 3129 quid
1201 3057 1505 3113 debeamus
1558 3063 1841 3129 appetere,
1885 3065 1941 3113 et
1979 3056 2112 3131 quid
2132 3110 2174 3131 η
2196 3057 2329 3111 estis
2356 3056 2426 3111 ab
2456 3073 2539 3122 ea,
2566 3056 2705 3111 nihil
2731 3057 2781 3112 ei
2809 3056 3097 3114 debentes.

520 3110 1077 3219 vitare."SJi(inquit)‘
1088 3110 1294 3216 spiritu
1322 3110 1724 3202 vixeritisflioc
1748 3110 1848 3210 est:
1880 3147 1924 3201 si
1952 3110 2114 3217 juxta
2131 3110 2176 3171 Ο
2268 3110 2563 3213 Manifesta
2583 3151 2767 3199 autem
2787 3151 2917 3199 sunt
2940 3162 3103 3215 opera
3118 3151 3335 3213 carnis,
3358 3164 3471 3216 qua
3487 3151 3614 3200 sunt.
3633 3145 3725 3200 0m-

523 3228 1021 3303 rationabilitatem
1040 3239 1097 3288 et
1114 3234 1458 3289 intellectum
1477 3236 1683 3290 mentis
1695 3235 1955 3302 vixeritis,
1979 3236 2119 3289 desi-
2195 3232 2359 3287 nibus
2383 3234 2440 3287 in
2467 3233 2748 3287 Christum
2780 3233 3154 3301 credentibus,
3186 3235 3536 3307 maximeque
3559 3234 3647 3288 illis
3659 3232 3727 3305 qui

523 3319 682 3372 deria
709 3324 917 3386 carnis,
947 3321 1004 3377 id
1054 3326 1141 3375 est
1181 3322 1459 3376 desideria
1498 3324 1739 3377 carnalis
1778 3324 2020 3378 hominis
2059 3328 2117 3379 et
2197 3322 2505 3393 spiritalem
2525 3322 2692 3376 vitam
2721 3328 3026 3389 sectantur,
3061 3324 3119 3377 in
3147 3328 3379 3379 tantum
3410 3330 3532 3378 nota
3555 3326 3726 3383 suntut

523 3407 986 3480 concupiscentiae
1006 3410 1166 3466 malae
1181 3427 1245 3487 ac
1268 3398 1547 3465 desideria
1574 3412 1958 3467 delectationis
1979 3430 2117 3484 pra-
2198 3411 2368 3465 etiam
2401 3410 2471 3464 ab
2499 3411 2611 3465 illis
2640 3428 2700 3465 se
2729 3411 2940 3466 alienos
2960 3412 3476 3477 reddant,'scientes
3502 3412 3613 3484 quis
3626 3423 3729 3463 mor-

524 3513 604 3567 γε
644 3490 759 3567 nan
806 3502 1118 3567 perﬁcietis.
1167 3500 1303 3566 Quae
1357 3500 1472 3555 sint
1520 3500 1797 3567 desideria
1817 3501 2019 3564 carnis,
2060 3501 2115 3557 in
2196 3505 2311 3554 tem
2341 3508 2642 3569 generant.
2682 3501 2992 3554 Fornicatio
3027 3500 3240 3555 dicitur
3267 3518 3301 3555 a
3330 3499 3623 3563 fornicibus,
3655 3497 3727 3549 hoc

525 3585 996 3658 subsequentibus
1038 3588 1506 3655 manifestabitur.
1543 3589 1805 3645 Dicamus
1837 3595 1893 3644 et
1932 3591 2112 3658 aliter,
2199 3593 2287 3642 est
2310 3604 2342 3641 a
2374 3588 2509 3642 locis
2538 3587 2909 3642 theatralibus
2931 3594 2989 3643 et
3005 3589 3401 3660 lupanaribus,
3431 3606 3545 3661 quae
3564 3584 3729 3642 fomiti-

525 3681 825 3747 sequentes
843 3690 1069 3733 sensum
1100 3677 1251 3732 beati
1279 3678 1599 3749 Augustini.
1641 3679 1850 3733 Notum
1880 3679 2118 3735 habetur
2196 3676 2321 3742 bus,
2350 3677 2406 3731 id
2436 3683 2522 3731 est
2549 3676 2809 3742 arcubus,
2844 3684 2978 3732 sunt
3006 3684 3354 3744 constructa,
3386 3696 3502 3750 qua:
3522 3684 3572 3731 et
3594 3677 3631 3729 si
3646 3689 3731 3727 are

525 3764 673 3837 apud
694 3765 961 3832 eruditos,
996 3766 1208 3838 Spiritu
1240 3773 1432 3823 sancto
1484 3768 1731 3823 dictante
1775 3773 1943 3839 atque
1967 3786 2117 3824 reve-
2198 3765 2359 3819 naria
2395 3771 2529 3820 tunc
2555 3765 3000 3837 appellabantur:
3039 3767 3097 3822 in
3128 3768 3339 3839 quibus
3360 3773 3512 3823 erant
3538 3763 3732 3821 meretri-

526 3852 680 3908 lante
699 3852 819 3925 (qui
841 3854 1009 3909 unius
1030 3855 1356 3911 substantiae
1396 3860 1483 3910 est
1507 3873 1631 3910 cum
1658 3857 1824 3911 Patre
1849 3863 1906 3911 et
1934 3857 2110 3925 Filio),
2198 3870 2309 3915 ces.
2339 3871 2467 3908 cum
2499 3848 2700 3925 quibus
2748 3855 3263 3911 commiscebantur
3306 3854 3624 3928 spurcissimi
3647 3851 3732 3922 qui-

527 3941 845 4015 Scripturas
873 3960 1062 3999 sacras
1091 3945 1435 4016 conscriptas
1464 3962 1604 4011 esse,
1640 3954 1696 4000 et
1716 3946 1904 4000 omnia
1932 3945 2119 4000 divina
2202 3958 2328 4013 que.
2359 3943 2643 3997 Fornicari
2665 3948 2852 3998 autem
2883 3949 2971 3997 est
3014 3961 3141 3998 cum
3190 3946 3398 4017 puellis
3424 3944 3611 4005 liberis,
3641 3955 3733 3995 cum

524 4032 749 4108 eloquia
804 4038 861 4087 et
914 4039 1190 4108 praecepta
1238 4051 1361 4105 quae
1390 4034 1446 4089 in
1480 4035 1601 4104 lege
1649 4041 1704 4088 et
1755 4034 2039 4106 prophetis
2064 4040 2122 4089 et
2201 4030 2383 4084 viduis
2405 4031 2650 4085 nondum
2674 4032 2789 4085 Deo
2819 4033 3219 4088 sacratiscoire
3277 4033 3734 4095 lmmundilia,im-

526 4104 812 4191 Evangelii
835 4122 1019 4191 gratia
1047 4104 1423 4189 continentur,
1455 4122 1525 4177 ab
1568 4123 1663 4176 illo
1702 4124 1835 4177 data
1860 4104 2001 4177 esse.
2035 4124 2122 4177 ld-
2198 4120 2493 4188 pudicitia,
2531 4122 2780 4185 lunaria,
2798 4125 2983 4192 potest
3000 4122 3273 4193 appellari
3287 4115 3735 4194 quocunquemodo

528 4206 674 4262 circo
697 4209 835 4265 dicit
848 4210 1180 4279 Apostolus:
1206 4211 1419 4284 Spiritu
1459 4210 1761 4275 ambulate,
1786 4212 1841 4265 id
1865 4217 1951 4266 est
1978 4212 2123 4266 sicut
2203 4209 2319 4262 ﬁat.
2349 4207 2593 4262 Luxuria
2613 4225 2742 4263 vero
2755 4216 2839 4263 est
2859 4211 3056 4263 noxius
3087 4210 3299 4265 humor
3312 4209 3733 4283 superabundans.

424 4292 431 4301 ’
531 4294 777 4365 Spiritus
793 4302 1018 4352 sanctus
1036 4297 1198 4352 docet
1217 4313 1281 4351 ac
1298 4298 1551 4371 praecipit
1571 4299 1627 4353 in
1652 4299 1854 4353 divinis
1876 4300 2118 4371 Scriptu-
2135 4343 2182 4371 η
2277 4297 2557 4350 [dolorum
2588 4300 2821 4352 servitus
2850 4304 2934 4352 est
2962 4299 3307 4366 idololatria,
3341 4316 3463 4371 quae
3489 4305 3608 4354 tunc
3627 4301 3737 4349 tem-

528 4380 627 4448 ris,
648 4381 727 4436 ita
740 4382 905 4437 vivite
924 4390 978 4438 et
991 4385 1415 4447 conversamini,
1440 4385 1790 4441 ambulantes
1805 4394 1858 4442 et
1872 4405 2120 4443 crescen-
2139 4380 2181 4402 υ
2201 4385 2353 4455 poris
2382 4392 2505 4439 erat
2533 4402 2674 4456 pene
2703 4387 2762 4440 in
2802 4387 3061 4442 omnibus
3088 4389 3378 4459 gentibus.
3409 4390 3677 4444 Possumus
3699 4388 3739 4435 et

530 4475 616 4525 tes
627 4469 696 4525 de
714 4472 919 4526 virtute
940 4472 998 4527 in
1018 4472 1301 4541 virtutem,
1324 4475 1393 4528 de
1415 4475 1603 4529 ﬁdead
1621 4493 1797 4547 spem,
1830 4477 1899 4530 de
1929 4496 2026 4548 spe
2048 4480 2120 4534 ad
2201 4489 2302 4544 per
2331 4474 2432 4528 hoc
2464 4475 2613 4545 quod
2634 4475 2788 4542 dicit,
2821 4476 3097 4530 idolorum
3118 4477 3383 4541 servitus,
3421 4475 3592 4531 altiori
3614 4484 3739 4527 sensu

529 4559 883 4628 charitatem,
905 4561 974 4616 de
1000 4559 1273 4617 charitate
1293 4563 1362 4635 ad
1378 4564 1757 4637 Operationem
1789 4567 2114 4637 perfectam.
2201 4563 2490 4617 avaritiam
2505 4563 3002 4635 intelligere.Unde
3021 4565 3079 4618 in
3097 4564 3357 4636 Epistola
3372 4566 3741 4621 adColossenses

530 4648 688 4714 Quod
701 4649 749 4704 si
761 4649 867 4705 hoc
879 4650 1141 4717 feceritis,
1161 4653 1430 4705 desideria
1456 4651 1696 4706 carnalis
1725 4653 2119 4724 concupiscen-
2200 4655 2456 4719 veneﬁcia
2477 4658 2607 4706 sunt
2637 4652 2927 4716 maleﬁcia,
2954 4653 3057 4707 hoc
3081 4659 3168 4707 est
3204 4654 3478 4708 maleficae
3496 4657 3643 4715 artes,
3670 4662 3741 4719 per

526 4736 619 4811 tite
650 4756 763 4794 non
789 4742 1103 4809 perﬁciclis.
1139 4739 1283 4803 Quid
1317 4746 1402 4793 est
1431 4740 1576 4811 quod
1607 4740 1742 4794 dicit
1781 4742 2119 4812 Apostolus?
2203 4756 2324 4810 quae
2348 4746 2626 4810 coguntur
2652 4756 2798 4811 saepe
2853 4740 3045 4794 miseri
3072 4756 3271 4795 amare
3300 4748 3362 4797 et
3407 4741 3597 4795 amari.
3621 4736 3741 4794 Unde

600 4827 738 4883 Caro
759 4832 1089 4897 concupiscit
1112 4831 1373 4883 adrcrsus
1387 4832 1913 4899 spiritum,spirilus
1933 4838 2117 4887 autem
2201 4829 2469 4882 dicuntur
2488 4829 2769 4893 veneficia,
2794 4829 2952 4899 quasi
2982 4845 3193 4883 veneno
3214 4830 3446 4886 infecta.
3478 4826 3741 4885 Inimiciti:

530 4918 791 4971 adversus
822 4934 1066 4972 carnem.
1100 4918 1366 4988 Nunquid
1398 4922 1583 4988 potest
1605 4933 1733 4972 caro
1754 4918 1960 4991 aliquid
1993 4937 2120 4974 con-
2199 4923 2330 4972 sunt
2355 4917 2512 4971 malae
2533 4917 2864 4971 voluntates.
2883 4920 3263 4973 Contentiones
3281 4936 3505 4991 saepes:
3535 4913 3742 4988 superbia

530 5004 835 5072 cupiscere,
864 5005 910 5058 si
940 5006 1182 5060 defuerit
1208 5005 1481 5077 spiritus?
1522 5007 1666 5061 Non.
1706 5007 1865 5071 Quod
1892 5008 2117 5079 probari
2201 5007 2511 5077 procedunt
2536 5006 2667 5077 quia
2698 5006 2891 5060 volunt
2919 5008 3258 5062 contendere
3285 5008 3358 5063 de
3402 5002 3743 5083 quaestionibus

530 5097 712 5160 potest
728 5109 791 5146 ex
812 5094 1135 5164 corporibus
1161 5096 1416 5151 mortuis.
1434 5094 1739 5167 Postquam
1766 5098 1915 5151 enim
1946 5097 2118 5169 spiri-
2201 5095 2514 5149 divinarum
2545 5095 2958 5166 Scripturarum
3000 5101 3168 5167 atque
3195 5097 3374 5151 etiam
3400 5097 3742 5155 humanarum,

528 5183 648 5233 tum
678 5179 1081 5246 exhalaverint,
1115 5199 1227 5236 non
1255 5185 1434 5238 solum
1462 5185 1852 5256 concupiscere
1881 5203 1993 5240 non
2022 5203 2118 5239 va-
2201 5186 2409 5241 utdum
2433 5184 2514 5238 illi
2535 5184 2771 5238 victores
2794 5185 3057 5246 existunt,
3075 5181 3744 5255 gloriﬁcentur.£mulalia

524 5267 661 5334 lent,
686 5268 781 5322 sed
814 5268 982 5322 etiam
1005 5269 1228 5340 aliquod
1260 5272 1639 5327 membrorum
1670 5291 1770 5344 per
1807 5291 1866 5328 se
1897 5291 2119 5329 movere
2202 5281 2287 5329 est
2312 5274 2538 5333 invidia.
2560 5274 2628 5328 de
2649 5274 2997 5344 qualegitur,
3021 5274 3167 5344 quod
3196 5274 3655 5339 aemulantes,boc
3668 5274 3742 5329 est.

525 5372 634 5412 non
666 5361 917 5427 possunt.
947 5358 1187 5412 Carnem
1235 5375 1366 5430 ergo
1409 5362 1655 5432 appellat
1680 5362 1984 5427 hominem,
2016 5366 2111 5434 qui
2199 5363 2509 5417 invidentes
2530 5363 2734 5434 Joseph
2756 5364 2956 5417 lratrcs
2986 5364 3092 5424 sui,
3114 5361 3742 5417 vendideruntillume

522 5444 769 5523 carnalia
785 5449 1005 5499 tantum
1026 5450 1082 5499 et
1096 5448 1406 5517 corporalia
1424 5450 1640 5518 quaerit,
1661 5451 1939 5505 carnalem
1972 5469 2112 5523 quo-
2196 5462 2283 5507 est
2307 5452 2539 5523 grandis
2587 5452 2886 5507 commotio
2942 5452 3137 5506 animi.
3171 5451 3242 5506 Et
3293 5453 3402 5507 hoc
3439 5452 3601 5507 distat
3633 5449 3746 5503 inter

519 5551 631 5613 que
648 5535 1181 5594 consuetudincmet
1196 5535 1805 5596 delectationem-Licet
1823 5539 1972 5598 enim
1984 5555 2113 5597 caro
2199 5543 2410 5598 iratum
2439 5556 2503 5596 ac
2524 5539 2876 5606 iracundum,
2913 5542 3041 5614 quia
3072 5541 3249 5597 iratus
3279 5557 3388 5614 pro
3414 5547 3647 5613 tempore
3663 5540 3741 5596 est,
