3852 6154
185 261 265 320 693

814 253 1194 310 EXPOSITIO
1224 254 1303 311 IN
1331 254 1486 313 EPP.
1518 255 1576 310 S.
1607 250 1844 311 PAULI.
1877 283 1944 296 -
1974 253 2054 311 ΙΝ
2084 253 2308 313 EPIST.
2339 255 2436 312 AD
2465 255 2724 314 GALAT.

3295 262 3402 323 694

186 381 436 444 iracundus
455 394 577 434 vero
611 379 771 435 facile
790 380 1073 450 irascitur,
1097 387 1153 438 et
1170 400 1393 456 semper
1411 401 1620 456 pronus
1639 389 1726 440 est
1742 383 1789 442 A
1809 383 2030 438 Bonitas
2058 389 2146 440 est
2182 384 2330 440 bona
2356 385 2632 443 voluntas.
2665 389 2987 458 Benignitas
3029 395 3113 446 est
3142 391 3401 451 voluntas

187 476 240 534 ad
265 469 597 528 irascendum.
629 471 774 525 Risus
802 478 934 526 sunt
960 473 1086 527 lites
1107 479 1163 527 et
1189 474 1578 528 contentiones
1599 491 1722 545 qua:
1805 473 2226 543 promptissima
2257 474 2506 530 moribus
2535 481 2592 530 et
2635 476 2788 532 dulci
2817 478 3039 550 eloquio
3065 484 3398 552 temperata,

179 566 461 638 plerumque
477 559 592 612 sine
612 576 778 613 causa
796 564 1404 631 exsurguntﬂissensio
1419 569 1503 617 est
1517 563 1721 617 discor-

179 655 252 710 dia
278 668 382 723 quae
407 649 540 701 solet
568 648 702 701 oriri
727 649 874 702 inter
900 650 1163 703 maritum
1202 656 1259 703 et
1291 666 1537 712 uxorem,
1572 650 1720 703 inter

174 744 339 798 fratres
372 753 579 808 quoque
617 743 785 808 atque
836 738 1264 792 contubernales
1303 739 1387 792 vel
1439 739 1717 793 commili-

173 838 316 888 tones.
343 827 488 883 Secta
516 831 648 880 sunt
675 826 992 880 divisiones.
1021 828 1176 882 ldem
1207 833 1341 882 sunt
1369 834 1426 882 et
1455 828 1714 882 haereses.

173 920 406 977 Dicuntur
437 921 624 968 autem
663 916 746 968 vel
794 932 827 970 a
876 917 1134 980 secando,
1177 917 1235 970 id
1275 923 1362 971 est
1398 917 1712 984 dividendo,

172 1025 224 1066 eo
249 1006 378 1078 quod
411 1004 656 1058 dividant
691 1021 750 1058 se
790 1022 825 1059 a
865 1006 1258 1061 communione
1297 1007 1535 1061 aliorum
1574 1007 1716 1061 sicut

166 1094 373 1152 haretici
390 1091 676 1157 faciebant,
710 1093 804 1164 qui
830 1092 899 1146 ab
935 1095 1189 1150 Ecclesiae
1212 1095 1426 1149 unitate
1453 1112 1512 1149 se
1533 1111 1716 1164 segre-

165 1184 356 1258 gabant,
385 1182 450 1235 de
476 1181 678 1250 quibus
702 1183 944 1236 Joannes
972 1183 1111 1237 dicit
1136 1202 1148 1237 :
1180 1188 1217 1239 Α
1255 1185 1408 1238 nobis
1437 1183 1710 1252 exierunt,

165 1275 238 1328 sed
261 1289 360 1325 non
384 1276 541 1324 erant
571 1288 636 1324 e1:
664 1272 816 1325 nobis
849 1273 895 1341 (Ι
921 1274 1082 1326 Joan.
1124 1275 1205 1341 ll).
1236 1273 1336 1326 Vel
1365 1275 1534 1327 etiam
1565 1289 1598 1326 a
1627 1289 1716 1327 se-

162 1361 348 1433 quendo
375 1360 635 1413 dicuntur
663 1364 847 1422 sectae,
896 1361 1041 1414 sicut
1068 1361 1306 1415 haereses
1335 1361 1404 1414 ab
1436 1362 1712 1432 eligendo,

164 1451 232 1504 vel
256 1448 498 1504 haerendo
529 1465 594 1502 ex
623 1465 687 1502 eo
719 1449 866 1520 quod
898 1467 964 1503 ex
1001 1451 1192 1504 multis
1224 1449 1508 1506 erroribus
1538 1467 1714 1506 unum

158 1541 351 1609 eligant,
383 1543 437 1591 et
461 1537 624 1591 illum
655 1545 982 1608 sequantur.

1803 561 2045 615 invitans
2072 579 2184 617 non
2209 563 2387 618 solum
2417 564 2710 620 benevolos
2749 566 2818 620 ad
2850 583 2911 622 se
2938 567 3271 640 diligendos,
3300 571 3400 628 sed

1801 651 2030 720 insuper
2075 651 2200 705 illos
2251 653 2345 723 qui
2390 655 2657 708 contrarii
2687 655 3018 710 videbantur
3045 674 3183 713 esse.
3236 658 3398 714 Unde

1799 738 2003 792 dicitur
2029 737 2322 809 benignus,
2347 742 2506 811 quasi
2533 742 2691 796 valde
2715 743 2998 815 nimisque
3022 744 3220 800 bonus.
3241 747 3396 803 Fides

1801 833 1886 881 est
1923 844 2034 898 qua
2073 829 2353 883 credimus
2390 831 2569 884 Deum
2607 833 3049 904 omnipotentem
3083 835 3396 892 trinitatem

1799 916 2006 970 habere
2037 917 2095 970 in
2126 919 2400 988 personis,
2426 919 2702 975 unitatem
2735 921 2793 974 in
2819 921 3140 978 substantia
3163 942 3174 977 ε
3199 929 3258 979 et
3285 941 3396 997 qua

1799 1021 2090 1075 speramus
2120 1013 2176 1061 et
2200 1008 2481 1062 credimus
2507 1026 2572 1064 ea
2603 1026 2726 1081 quae
2757 1012 2992 1067 necdum
3024 1012 3298 1070 videmus.
3324 1015 3397 1070 ll-

1798 1095 1979 1148 larum
2013 1097 2164 1150 enim
2199 1113 2386 1150 rerum
2420 1114 2559 1168 quas
2587 1099 2858 1165 videmus,
2891 1117 3073 1173 neque
3103 1108 3188 1158 est
3228 1104 3391 1172 ﬁdes,

1796 1199 1978 1255 neque
2006 1202 2151 1256 spes,
2185 1186 2279 1239 sed
2329 1186 2558 1240 illarum
2591 1205 2714 1258 quae
2752 1190 2990 1244 necdum
3029 1191 3157 1246 visae
3197 1198 3331 1249 sunt
3357 1209 3394 1249 δ

1799 1273 1959 1328 nobis
1979 1293 1990 1341 ;
2016 1274 2168 1328 verbi
2191 1275 2376 1343 gratia
2399 1293 2409 1328 :
2436 1276 2716 1331 credimus
2733 1278 3036 1333 Dominum
3055 1282 3247 1336 Jesum
3267 1298 3392 1353 pas-

1797 1379 1922 1416 sum
1954 1379 2097 1426 esse,
2127 1363 2498 1418 resurrexisse
2529 1381 2563 1418 a
2587 1366 2844 1432 mortuis,
2885 1377 2942 1420 et
2969 1370 3287 1426 ascendisse
3315 1371 3390 1426 ad

1797 1451 1983 1516 caelos,
2026 1457 2322 1506 venturum
2373 1452 2443 1506 ad
2484 1453 2759 1522 judicium
2806 1455 3042 1509 reddere
3088 1457 3390 1528 unicuique

1795 1540 2103 1594 secundum
2151 1541 2300 1612 quod
2345 1546 2612 1596 meretur.
2644 1541 2809 1598 Fides
2840 1549 2926 1597 est
2965 1548 3022 1598 et
3066 1543 3387 1614 credulitas,

216 1628 434 1684 Invidia.
468 1627 686 1681 Invidia
705 1629 761 1680 in
781 1627 1065 1697 geminam
1087 1628 1362 1682 scinditur
1378 1629 1709 1700 passionem,
1733 1698 1771 1704 _
1795 1645 1904 1699 qua
1930 1645 2222 1699 speramus
2242 1645 2308 1682 ea
2331 1645 2454 1699 quae
2479 1646 2594 1684 non
2613 1630 2896 1686 cernimus
2919 1632 3094 1688 oculis
3115 1633 3382 1704 corporis.

154 1731 256 1769 cum
282 1720 374 1769 aut
399 1715 445 1767 is
475 1715 574 1785 qui
605 1715 660 1768 in
691 1715 904 1769 honore
935 1722 1039 1781 est,
1077 1717 1270 1770 videns
1295 1698 1470 1770 alium
1499 1723 1713 1772 attente
1732 1698 2078 1786 Billodestia,
2111 1723 2196 1772 est
2225 1698 2598 1774 mansuetudo
2651 1725 2709 1774 et
2760 1719 2961 1776 lenitas
2999 1698 3233 1788 mentis,-
3265 1739 3388 1794 qua

153 1803 425 1867 attendere,
452 1804 666 1858 invidet
695 1805 745 1858 ei
778 1821 848 1858 ne
878 1805 948 1858 ad
978 1806 1236 1859 eumdem
1268 1807 1558 1876 pervenire
1591 1825 1712 1878 pos-

150 1893 211 1946 sit
244 1893 496 1947 honorem
539 1911 549 1944 :
594 1899 693 1946 aut
740 1910 867 1947 cum
914 1893 1118 1964 aliquis
1168 1893 1400 1948 alterius
1446 1894 1709 1949 felicitate

148 1987 425 2052 torquetur,
467 1981 662 2036 videns
706 1982 864 2036 illum
895 1983 1263 2053 superiorem
1311 2001 1391 2038 se.
1441 1984 1706 2038 Ebrietas.

145 2068 305 2123 Briam
361 2087 571 2140 genere
619 2071 926 2125 masculino
969 2071 1206 2125 dicimus
1248 2072 1476 2126 calicem
1517 2079 1710 2143 aptum

145 2158 327 2226 potioni
355 2159 485 2212 vini.
523 2159 846 2214 Comessatio
877 2160 1082 2214 dicitur
1110 2177 1315 2215 mensae
1343 2161 1566 2214 collatio
1595 2162 1710 2216 sive

145 2262 320 2301 mensa;
340 2248 658 2302 alternatio.
683 2250 826 2302 Sunt
846 2250 994 2303 enim
1018 2249 1261 2303 convivia
1285 2267 1407 2320 qua;
1428 2251 1711 2305 celebran-

141 2339 218 2388 tur
241 2336 555 2390 alternatim
588 2343 643 2391 et
673 2345 1060 2408 praparantur
1091 2355 1124 2391 a
1165 2339 1328 2392 sociis
1367 2356 1468 2410 per
1495 2339 1614 2393 dies
1653 2345 1711 2394 et

143 2424 264 2478 vices
286 2443 297 2489 ;
329 2432 454 2479 sunt
484 2426 601 2479 alia
632 2444 753 2497 qua:
775 2443 839 2480 ex
862 2428 1366 2481 communicatione
1391 2445 1709 2500 praeparan-

137 2519 230 2573 tur,
259 2515 474 2584 quando
520 2531 666 2569 unus
699 2516 862 2570 affert
889 2533 1110 2588 panem,
1145 2517 1290 2571 alius
1327 2517 1534 2578 vinum,
1566 2519 1709 2574 alius

135 2602 284 2656 aliud.
322 2603 451 2667 Quae
480 2604 695 2658 idcirco
727 2607 1084 2676 appellantur
1112 2607 1565 2671 comessationes,
1607 2609 1710 2662 hoc

135 2697 205 2745 est
242 2709 436 2748 mensae
468 2694 820 2757 collationes,
853 2695 983 2764 quia
1030 2695 1176 2749 sicut
1223 2712 1418 2749 omnes
1467 2697 1707 2768 propriis

137 2786 344 2834 utuntur
369 2782 509 2836 cibis
539 2789 600 2836 et
644 2782 1055 2848 communibus,
1099 2785 1177 2838 ita
1207 2784 1375 2837 etiam
1414 2801 1513 2855 pro
1546 2785 1709 2840 libitu

138 2885 221 2922 suo
239 2872 619 2942 unusquisque
645 2872 912 2943 quidquid
945 2873 1301 2926 scurrilitatis
1329 2879 1386 2927 et
1408 2874 1709 2928 otiositatis

137 2958 180 3010 ei
215 2959 382 3028 placet
433 2961 706 3032 loquitur,
761 2962 887 3015 ideo
921 2969 1189 3015 vocantur
1218 2962 1406 3032 turpia
1437 2963 1704 3016 convivia.

135 3046 189 3100 Et
210 3049 286 3100 his
313 3052 548 3111 similia,
583 3049 852 3104 subaudis
880 3058 1126 3122 peccata,
1151 3067 1320 3122 opera
1344 3058 1477 3104 sunt
1504 3052 1704 3116 carnis,

133 3152 232 3201 qua
276 3155 454 3208 opera
487 3141 728 3206 practice
757 3142 901 3193 vobis
933 3141 1098 3194 modo
1145 3145 1286 3193 sicut
1321 3143 1574 3208 pradia‘i.
1606 3140 1712 3195 Ubi

129 3226 388 3294 predixit?
407 3231 534 3282 Non
563 3234 752 3296 regnet
768 3236 1050 3296 peccatum
1078 3233 1137 3283 in
1158 3235 1332 3284 vestro
1352 3233 1579 3283 mortali
1599 3247 1712 3284 cor-

127 3325 236 3377 pore
267 3317 428 3376 (Rom.
464 3323 572 3380 v1),
607 3320 872 3384 quoniam
915 3321 1014 3385 qui
1053 3321 1210 3382 talia,
1243 3317 1510 3371 subaudis
1543 3334 1710 3388 opera

130 3407 298 3466 agunt,
321 3420 559 3472 regnum
584 3407 682 3459 Dei
703 3423 812 3459 non
836 3412 1252 3473 consequentur.
1271 3407 1395 3460 Non
1412 3406 1580 3459 dixit:
1606 3406 1713 3470 Qui

129 3489 239 3542 talia
271 3500 526 3561 egerunt,
554 3493 654 3547 sed
685 3497 784 3561 qui
815 3498 950 3547 talia
981 3500 1178 3562 agunt,
1209 3495 1265 3547 id
1297 3499 1381 3548 est
1411 3494 1506 3563 qui
1535 3494 1593 3548 in
1626 3500 1712 3548 ta-

128 3574 252 3631 libus
277 3587 617 3649 permanent
653 3598 831 3652 usque
863 3582 932 3636 ad
963 3583 1107 3636 diem
1141 3582 1337 3635 mortis
1367 3598 1502 3644 suae,
1540 3582 1710 3636 vitam

127 3671 365 3722 aeternam
401 3687 515 3724 non
551 3671 939 3741 possidebunt.
979 3672 1067 3725 Sic
1098 3677 1153 3724 et
1183 3671 1453 3724 Dominus
1477 3671 1624 3725 dicet
1651 3672 1709 3725 in

127 3753 201 3807 die
221 3757 409 3825 judicii
439 3759 702 3831 reprobis
731 3779 741 3813 :
781 3762 1039 3814 Discedite
1075 3777 1109 3814 a
1135 3777 1236 3826 me,
1270 3764 1368 3828 qui
1397 3764 1709 3827 operamini

125 3846 456 3911 iniquitatem
493 3851 715 3921 (Matth.
749 3855 871 3916 vu),
900 3866 1011 3903 non
1041 3849 1134 3920 qui
1164 3849 1380 3920 operati
1409 3848 1563 3914 estis,
1608 3849 1706 3902 sed

125 3933 204 4000 qui
229 3934 278 3986 in
306 3938 552 4006 peccatis
586 3938 755 3991 vitam
787 3938 1009 3992 ﬁnistis.

180 4024 400 4079 Fructus
419 4032 619 4080 autem
638 4030 871 4095 spiritus
897 4033 970 4081 est
992 4028 1254 4083 Charitas.
1283 4028 1540 4084 Charitas
1561 4030 1709 4085 Grae-

122 4124 230 4164 cum
258 4119 358 4178 est,
395 4121 456 4168 et
487 4116 900 4185 interpretatur
923 4116 978 4169 in
1011 4116 1209 4170 Latina
1238 4117 1433 4188 lingua
1461 4119 1702 4173 dilectio.

119 4197 313 4254 Dicitur
339 4210 536 4258 autem
565 4205 810 4270 dilectio,
836 4221 900 4259 eo
923 4205 1068 4275 quod
1097 4206 1238 4260 duos
1267 4207 1419 4277 liget,
1447 4208 1623 4262 Deum
1656 4215 1713 4264 et

121 4284 404 4358 hominem,
440 4295 531 4347 vel
566 4294 708 4348 duos
760 4295 1060 4365 proximos.
1106 4295 1238 4358 Quae
1283 4297 1485 4351 merito
1516 4297 1574 4350 in
1604 4313 1709 4350 nu-

1795 1807 1926 1860 laesa
1953 1822 2065 1860 non
2102 1807 2262 1861 facile
2292 1807 2568 1862 irascitur.
2603 1808 2954 1863 Continentia
2984 1814 3072 1865 est
3096 1810 3388 1867 abstinen-

1793 1894 1873 1949 tia
1903 1910 2012 1964 qua
2060 1911 2120 1948 se
2165 1894 2386 1950 cohibet
2429 1896 2596 1950 homo
2625 1913 2660 1950 a
2689 1897 2858 1963 coitu,
2901 1902 2958 1951 et
2990 1897 3194 1952 mulier
3219 1898 3388 1954 vidua

1792 1983 2053 2037 similiter
2072 1983 2142 2037 ab
2162 1983 2420 2038 omnibus
2441 1983 2734 2040 illecebris.
2758 1986 2991 2040 Castitas
3009 2003 3139 2041 vero
3160 1987 3386 2058 proprie

1794 2071 2068 2140 virginum
2099 2078 2200 2135 est,
2237 2073 2385 2126 unde
2411 2072 2615 2127 dicitur
2634 2073 2862 2127 castitas
2893 2074 3054 2144 quasi
3084 2081 3382 2131 castratus.

1791 2160 1861 2214 Et
1888 2161 1993 2214 hoc
2021 2165 2107 2214 est
2152 2161 2301 2214 inter
2348 2161 2754 2215 continentiam
2785 2167 2842 2216 et
2883 2163 3220 2226 castitatem,
3254 2163 3390 2235 quia.

1793 2249 2137 2303 continentia
2165 2255 2350 2320 potest
2377 2266 2500 2304 esse
2527 2251 2976 2320 conjugatorum,
3008 2251 3302 2307 viduarum
3331 2257 3394 2307 et

1791 2337 2084 2392 viduorum
2124 2345 2292 2410 atque
2323 2339 2602 2410 virginum
2634 2356 2646 2391 :
2679 2339 2907 2394 castitas
2947 2356 3078 2395 vero
3106 2340 3390 2412 virginum

1791 2427 2014 2498 proprie
2045 2432 2148 2481 est.

1865 2517 2134 2570 Adversus
2155 2517 2476 2584 hujusmodi
2504 2533 2614 2571 non
2643 2521 2717 2570 est
2745 2519 2847 2583 lex,
2869 2516 2927 2570 id
2953 2521 3039 2572 est
3063 2518 3388 2588 hujusmodi

1791 2604 2110 2659 hominibus
2144 2605 2280 2659 talia
2321 2604 2685 2676 operantibus
2713 2621 2825 2659 non
2867 2610 2952 2660 est
2990 2606 3077 2661 lex
3105 2608 3390 2664 contraria

1791 2709 1974 2764 neque
2020 2693 2130 2746 illis
2172 2693 2490 2748 necessaria
2521 2711 2535 2748 :
2580 2693 2789 2748 etenim
2820 2693 2989 2748 alieni
3025 2700 3161 2750 sunt
3186 2695 3257 2748 ab
3286 2713 3382 2757 ea.

1794 2782 1979 2845 Quare
2011 2799 2123 2836 non
2153 2791 2240 2836 est
2281 2783 2366 2836 lex
2413 2783 2524 2836 illis
2554 2783 2889 2848 necessaria,
2938 2789 3038 2838 aut
3064 2784 3390 2839 contraria?

1793 2869 1929 2924 dicit
1956 2870 2052 2923 illa
2075 2889 2086 2923 τ
2109 2873 2234 2925 Non
2265 2870 2630 2934 adulterabis,
2653 2887 2764 2926 non
2787 2871 3022 2926 occides.
3046 2870 3136 2926 Illi
3157 2888 3270 2926 non
3294 2889 3389 2928 so-

1792 2959 1908 3012 lum
1941 2959 2045 3012 hoc
2071 2975 2180 3012 non
2212 2959 2444 3024 faciunt,
2467 2959 2565 3013 sed
2594 2960 2764 3014 etiam
2794 2960 3110 3015 castitatem
3140 2967 3385 3028 servant,

1795 3053 1851 3101 et
1870 3047 2192 3101 custodiunt
2210 3065 2269 3101 se
2290 3064 2403 3102 non
2419 3048 2601 3104 solum
2623 3048 2692 3102 ab
2713 3048 3032 3112 homicidio,
3047 3049 3144 3104 sed
3157 3049 3390 3121 insuper

1794 3135 2052 3190 inimicos
2081 3153 2212 3190 suos
2240 3137 2524 3207 dilligunt.
2558 3139 2666 3205 Qui
2700 3143 2885 3192 autem
2912 3144 3044 3193 sunt
3073 3137 3300 3202 Christi,
3330 3137 3390 3194 id

1794 3230 1880 3278 est
1909 3225 2004 3294 qui
2037 3225 2321 3295 pertinent
2347 3226 2414 3279 ad
2448 3231 2656 3280 sortem
2679 3226 2907 3292 Christi,
2937 3225 3075 3281 vitia
3101 3232 3161 3281 et
3188 3243 3390 3283 concu-

1796 3313 2098 3384 piscentias
2125 3314 2304 3367 malas
2329 3313 2386 3368 in
2411 3330 2580 3368 carne
2609 3331 2712 3368 sua
2733 3315 3227 3370 mortiﬁcaverunt.
3242 3314 3392 3380 Quot

1796 3402 1945 3455 enim
1977 3408 2206 3472 peccata
2241 3419 2276 3456 a
2304 3402 2462 3458 nobis
2490 3404 2838 3474 expellimus,
2868 3409 2952 3459 tot
2979 3404 3114 3458 vitia
3139 3404 3200 3459 in
3227 3403 3390 3460 nobis

1795 3507 2018 3562 semper
2044 3491 2350 3546 occidimus
2378 3511 2390 3546 :
2424 3499 2482 3546 et
2509 3509 2734 3547 carnem
2761 3493 3138 3563 cruciﬁgimus
3161 3497 3218 3546 et
3243 3509 3392 3548 mor-

1793 3580 2096 3646 tificamus,
2129 3581 2353 3652 quando
2383 3581 2741 3636 delectationi
2786 3598 2972 3655 pravae
3015 3586 3072 3636 et
3113 3579 3387 3636 voluntati

1794 3685 2066 3740 perversa:
2097 3685 2210 3724 non
2241 3669 2644 3725 consentimus.

2409 3811 2644 3867 CAPUT
2681 3811 2754 3866 VI
2765 3852 2777 3866 .

1862 3938 1926 3992 Si
1953 3939 2158 4004 spiritu
2191 3939 2451 4002 vivimus,
2483 3939 2688 4004 spiritu
2715 3941 2763 3990 et
2790 3938 3157 3993 ambulemus.
3187 3937 3292 3993 Hic
3317 3937 3388 3993 de

1793 4025 2006 4096 Spiritu
2036 4030 2228 4079 sancto
2256 4025 2540 4094 loquitur:
2572 4025 2651 4091 Si,
2673 4024 2876 4095 inquit,
2899 4025 3100 4096 spiritu
3129 4025 3384 4095 vivimus,

1793 4115 1896 4167 hoc
1926 4118 2030 4180 est,
2061 4113 2106 4167 si
2153 4129 2255 4184 per
2283 4113 2555 4184 Spiritum
2593 4119 2850 4168 sanctum
2893 4114 3059 4167 vitam
3090 4112 3383 4182 habemus,

1792 4219 1894 4274 per
1921 4219 2089 4273 quam
2135 4201 2372 4256 vivimus
2415 4203 2553 4270 Deo,
2584 4201 2913 4273 spiritaliter
2956 4201 3225 4258 debemus
3251 4219 3389 4258 con-

1793 4294 2001 4346 servari
2022 4298 2077 4346 et
2097 4292 2299 4355 vivere,
2323 4291 2678 4346 ambulantes
2697 4291 2766 4346 de
2793 4291 2995 4346 virtute
3016 4290 3076 4346 in
3099 4290 3387 4361 virtutem,

117 4388 252 4430 mero
281 4381 563 4437 virtutum
601 4383 904 4452 primatum
934 4389 1105 4447 tenet,
1133 4385 1262 4454 quia
1293 4385 1415 4454 ipsa
1444 4384 1584 4455 ligat
1612 4368 1774 4439 cae-0
1797 4381 2027 4435 virtutes
2050 4381 2336 4446 sectando,
2359 4380 2494 4434 vitia
2522 4380 2854 4452 respuendo.
2877 4380 3006 4435 Vita
3027 4380 3227 4436 animae
3251 4381 3391 4437 ﬁdes

119 4466 249 4519 teras
274 4469 538 4526 virtutes.
567 4472 669 4526 Est
701 4478 886 4526 autem
915 4472 1177 4532 Charitas,
1216 4489 1376 4526 amor
1404 4479 1460 4526 et
1487 4474 1710 4528 dilectio

116 4567 208 4621 qua
231 4555 556 4628 diliguntur
599 4561 749 4614 Deus
775 4565 831 4614 et
861 4562 1150 4630 proximus
1177 4568 1234 4615 et
1259 4562 1516 4616 inimicus
1540 4566 1709 4617 etiam

119 4650 320 4712 pmpter
352 4647 568 4704 Deum.
620 4650 897 4703 Gaudium
947 4655 1032 4702 est
1061 4651 1390 4704 exhilaratio
1419 4651 1622 4714 cordis,
1656 4659 1712 4705 et

114 4725 202 4782 hoc
223 4732 392 4788 distat
421 4735 586 4790 inter
603 4737 871 4806 gaudium
895 4742 951 4791 et
981 4737 1254 4803 laetitiam,
1284 4739 1415 4808 quia
1438 4739 1708 4809 gaudium

115 4815 267 4874 nimia
292 4831 378 4876 est
409 4826 722 4879 exsultatio
753 4827 935 4880 cordis
958 4832 1014 4880 et
1037 4827 1286 4895 corporis
1317 4842 1327 4876 :
1359 4827 1552 4880 laetitia
1580 4843 1708 4880 vero

115 4912 186 4958 est
211 4911 598 4974 mediocriter,
623 4920 679 4968 et
710 4915 774 4968 ﬁt
796 4915 1148 4968 solummodo
1177 4915 1234 4968 in
1260 4915 1444 4968 corde.
1476 4918 1595 4969 Pax
1623 4921 1710 4969 est

113 4996 253 5062 quies
267 5007 325 5054 et
342 5002 745 5072 tranquillitas
765 5002 880 5056 sive
903 5003 1103 5056 lenitas
1126 5003 1350 5068 mentis,
1369 5020 1402 5056 a
1425 5020 1534 5074 qua
1557 5004 1710 5058 Salo-

113 5095 227 5138 mon
272 5103 484 5143 nomen
541 5091 781 5160 accepit,
823 5090 880 5143 id
923 5096 1008 5144 est
1041 5092 1323 5162 pacificus,
1377 5109 1440 5146 eo
1471 5092 1619 5162 quod
1651 5091 1708 5145 in

114 5169 291 5228 diebus
314 5179 440 5247 ejus
471 5179 641 5249 quies
672 5187 820 5233 esset
847 5179 996 5232 data.
1030 5183 1445 5248 Longanimilas
1462 5187 1556 5236 est
1585 5198 1710 5252 per-

114 5267 406 5320 severantia
429 5267 492 5321 in
515 5267 666 5322 bono
686 5285 872 5339 opere,
887 5274 945 5323 et
961 5270 1262 5324 tolerantia
1278 5270 1428 5324 inter
1447 5271 1704 5325 adversa:

114 5355 487 5426 unusquisque
519 5357 673 5410 enim
704 5357 888 5411 ﬁdelis
915 5358 1252 5428 longanimis
1281 5359 1448 5412 debet
1472 5376 1613 5418 esse,
1647 5365 1711 5412 ut

114 5444 388 5506 perveniat
415 5445 489 5498 ad
522 5446 821 5516 praemium
853 5447 1212 5517 promissum,
1236 5449 1396 5517 juxta
1428 5448 1576 5518 quod
1604 5448 1710 5502 Do-

113 5528 284 5586 minus
312 5533 393 5590 ait
419 5549 434 5590 :
465 5537 585 5603 Qui
605 5539 1030 5604 perseveraverit
1074 5553 1242 5605 usque
1270 5540 1328 5590 in
1361 5541 1547 5603 ﬁnem,
1589 5541 1700 5593 etc.

1794 4476 1896 4535 est,
1940 4486 2051 4540 qua
2088 4470 2368 4524 credimus
2403 4469 2582 4522 Deum
2621 4469 3063 4541 omnipotentem
3097 4488 3109 4524 :
3153 4474 3211 4524 et
3246 4470 3392 4526 sicut

1795 4575 1996 4629 corpus
2025 4557 2158 4612 vivit
2186 4557 2396 4621 anima,
2420 4558 2500 4611 ita
2529 4558 2718 4612 anima
2740 4557 2875 4612 vivit
2899 4558 3026 4619 ﬁde,
3056 4558 3216 4627 juxta
3240 4557 3390 4628 quod

1794 4664 1895 4719 per
1914 4647 2243 4719 prophetam
2263 4647 2536 4701 Dominus
2547 4645 2684 4700 dicit
2702 4663 2713 4698 :
2732 4648 2924 4699 Justus
2943 4651 3128 4698 autem
3148 4661 3308 4699 meus
3322 4661 3392 4698 ea:

1793 4738 1894 4804 ﬁde
1916 4739 2048 4790 vivit
2075 4737 2297 4803 (Habac.
2322 4735 2400 4799 ιι).
2421 4735 2580 4799 Quod
2599 4734 2646 4786 si
2667 4732 3008 4787 subtraxerit
3034 4749 3114 4798 se,
3135 4747 3247 4786 non
3265 4732 3388 4804 pla-

1793 4825 1937 4879 cebit
1967 4825 2168 4879 animae
2192 4840 2348 4878 meae.
2377 4823 2511 4888 Quae
2541 4822 2679 4876 fides
2708 4837 2809 4891 per
2837 4820 3106 4891 Spiritum
3130 4825 3390 4876 sanctum

1793 4913 1952 4967 nobis
1983 4913 2270 4977 tribuitur,
2318 4912 2413 4982 qui
2441 4916 2527 4965 est
2552 4911 2719 4965 unius
2748 4908 3076 4964 substantia:
3107 4925 3236 4964 cum
3273 4910 3390 4964 Deo

1793 5002 1959 5056 Patre
1989 5007 2046 5055 et
2073 5001 2213 5055 Filio
2242 5018 2254 5051 :
2279 5005 2336 5053 et
2355 5015 2466 5053 non
2496 4997 2616 5052 sola
2637 4997 2776 5050 ﬁdes
2801 4995 2870 5050 ab
2898 4995 2994 5050 illo
3020 4995 3181 5052 nobis
3200 4997 3388 5067 datur,

1792 5091 1890 5144 sed
1947 5089 2118 5144 etiam
2159 5087 2431 5160 quidquid
2471 5085 2600 5140 boni
2659 5084 2936 5140 habemus
2975 5084 3046 5140 ab
3092 5085 3189 5141 illo
3232 5087 3394 5143 nobis

1791 5179 2239 5233 administratur.

1862 5271 1986 5323 Non
2005 5271 2318 5335 efﬁciamur
2335 5268 2524 5320 inanis
2536 5269 2726 5335 glorias
2743 5267 2934 5336 cupidi
2940 5266 3093 5330 .Quaa
3113 5266 3394 5322 estinanis

1790 5357 1999 5428 gloria?
2011 5357 2158 5410 Laus
2172 5353 2600 5418 humaua,favor
2611 5356 2967 5421 terrenus,de
2980 5373 3092 5426 qua
3103 5355 3395 5410 dicitChri-

1792 5454 1940 5500 stus:
1958 5445 2013 5500 Si
2030 5445 2267 5515 gloriam
2281 5443 2351 5498 ab
2365 5443 2686 5498 hominibus
2702 5445 3098 5515 quaro,gloria
3109 5459 3235 5497 mea
3249 5441 3392 5494 nihil

1793 5541 1880 5591 est
1903 5537 2080 5604 (Joan.
2105 5542 2246 5602 vin).
2269 5533 2406 5599 Quae
2426 5539 2578 5590 recte
2604 5533 2792 5591 inanis
2809 5533 2991 5605 gloria
3019 5532 3238 5594 dicitur,
3263 5527 3396 5599 quia
