3966 6156
475 237 584 303 695
932 242 1309 301 HAYMONIS
1338 240 1827 299 HALBERSTAT.
1861 239 2081 302 EPISC.
2119 239 2281 298 OPP.
2314 240 2500 297 PARS
2528 239 2574 296 Ῑ.
2610 267 2675 282 -
2707 236 3081 297 COMMENT.
3113 236 3290 294 BIBL.
3607 237 3697 298 696

477 385 655 427 vacua
671 372 757 425 est
768 368 839 425 ab
850 369 1004 425 omni
1019 368 1385 425 utilitate.Est
1403 374 1592 424 tamen
1610 369 1791 439 gloria
1809 369 1982 436 utilis,
2003 368 2072 424 de
2088 367 2141 429 A
2155 366 2439 440 ponderis,
2461 370 2518 421 et
2537 369 2671 421 sunt
2704 381 2878 420 onera
2902 369 3272 438 peccatorum,
3294 365 3362 420 de
3382 364 3568 437 quibus
3585 365 3701 420 dicit

483 475 594 532 qua
609 460 884 516 Dominus
904 459 1069 514 dicit:
1097 461 1203 527 Qui
1226 475 1309 512 me
1328 461 1737 526 gloriﬁcaverit,
1761 460 2075 527 gloriﬁcabo
2157 456 2458 513 Psalmista
2490 474 2501 509 :
2536 457 2809 522 Quoniam
2858 456 3181 521 iniquitates
3222 470 3347 507 mea
3384 469 3701 521 supergressa

483 563 611 603 eum
629 550 681 615 (l
692 549 813 614 Reg.
829 548 911 616 11).
928 548 1036 612 Qui
1056 552 1188 601 sunt
1207 563 1338 616 ergo
1359 546 1545 617 cupidi
1564 547 1748 601 inanis
1765 553 1819 600 et
1839 553 2076 601 terrenae
2157 552 2288 600 sunt
2308 551 2473 613 caput
2492 560 2695 607 nicum,
2741 548 2790 596 et
2827 545 2967 595 sicut
2989 557 3127 595 onus
3146 557 3304 607 grave
3321 542 3488 610 (Psat.
3506 548 3701 610 xxxvii),

485 636 717 708 gloriae?
743 636 850 701 Qui
881 653 980 706 per
1010 636 1114 690 hoc
1144 636 1290 706 quod
1328 641 1505 706 agunt
1534 651 1645 689 non
1677 640 1934 706 quaerunt
1960 637 2075 689 Deo
2160 640 2265 690 etc.
2296 636 2371 689 De
2403 650 2512 704 quo
2543 648 2712 686 onere
2742 635 2799 685 et
2826 630 2915 683 hic
2945 629 3182 695 dicitur;
3220 634 3276 683 et
3304 635 3387 683 est
3414 646 3596 683 sensus
3621 650 3631 683 :
3658 632 3706 685 Si

488 724 726 796 placere,
750 741 932 795 neque
952 724 1264 778 mercedem
1283 730 1504 778 aeternae
1521 724 1989 779 remunerationis
2008 723 2079 778 ab
2163 725 2241 778 vis
2271 724 2553 794 patienter
2581 720 2794 793 portari
2824 725 2881 774 et
2909 719 3174 774 sustineri
3214 719 3262 772 si
3289 735 3497 789 peccas,
3527 724 3580 773 et
3603 737 3709 775 cum

491 830 556 868 eo
577 812 841 883 recipere,
870 812 969 866 sed
996 812 1236 882 gloriam
1267 819 1321 866 et
1345 813 1566 866 laudem
1599 814 1988 883 temporalem,
2012 813 2081 867 de
2163 812 2546 867 moderatione
2576 810 2799 880 corripi,
2830 814 2995 879 porta
3022 808 3279 863 similiter
3310 807 3578 878 patienter
3617 810 3707 862 fra-

493 900 695 973 quibus
723 900 859 954 dicit
885 900 1156 956 Dominus
1182 920 1193 956 :
1219 902 1420 956 Omnia
1449 918 1621 972 opera
1649 920 1752 956 sua
1780 902 1992 956 iaciunt
2019 908 2084 956 ut
2162 908 2306 957 trem
2339 908 2520 967 tuum,
2564 900 2611 954 si
2643 898 2968 971 peccaverit.
3004 899 3194 952 Potest
3238 902 3295 951 et
3325 897 3464 951 alter
3507 896 3715 967 intelligi

490 989 874 1061 gloriﬁcentur
901 988 971 1042 ab
1001 989 1318 1043 hominibus
1346 992 1559 1057 (Matth.
1594 995 1770 1059 xxm).
1803 991 1901 1046 Isti
1931 992 2081 1045 tales
2165 991 2472 1046 secundum
2494 1005 2720 1043 sensum
2747 977 2896 1041 beati
2928 986 3254 1057 Hieronymi
3278 1004 3289 1038 :
3317 985 3500 1039 Aliter
3516 985 3715 1039 alterius

492 1078 726 1132 audient
743 1077 801 1132 in
820 1077 910 1133 die
940 1078 1138 1147 judicii
1162 1097 1173 1132 :
1195 1079 1502 1149 Recepistis
1515 1080 1825 1134 mercedem
1845 1085 2084 1134 vestram
2167 1097 2339 1135 onera
2358 1084 2597 1151 portate,
2621 1078 2725 1131 hoc
2744 1082 2847 1138 est.
2872 1077 2967 1147 qui
2987 1075 3240 1129 abundas
3258 1073 3465 1128 divitiis
3483 1072 3718 1143 bonisque

496 1167 713 1236 (Matth.
734 1167 833 1236 γι),
853 1167 984 1237 quia
1005 1167 1167 1221 multi
1187 1173 1338 1233 sunt,
1362 1168 1457 1238 qui
1478 1185 1590 1222 non
1612 1170 1790 1223 solum
1820 1185 1920 1239 pro
1940 1168 2084 1223 bono
2166 1167 2588 1239 temporalibus,
2644 1172 2899 1221 sustenta
2948 1165 3179 1219 fratrem
3220 1179 3537 1235 pauperem.
3577 1162 3722 1217 Verbi

495 1261 756 1327 quaerunt
776 1255 1015 1320 laudari,
1040 1257 1136 1310 sed
1158 1256 1327 1310 etiam
1350 1273 1448 1326 pro
1478 1258 1626 1311 malo
1651 1275 1662 1309 :
1690 1262 1747 1311 et
1771 1274 1882 1311 non
1903 1259 2083 1312 solum
2166 1258 2352 1328 gratia
2376 1275 2386 1310 :
2423 1256 2600 1310 habeo
2622 1271 2869 1309 sororem
2897 1254 3314 1325 pauperrimum
3336 1253 3495 1321 cujus
3514 1266 3723 1322 pauper-

497 1343 568 1398 ab
589 1340 736 1414 aliis,
750 1344 849 1398 sed
869 1344 1101 1414 insuper
1119 1344 1224 1415 ipsi
1244 1362 1303 1398 se
1326 1346 1600 1414 extollunt
1617 1351 1671 1400 et
1689 1348 2003 1416 gloriantur
2020 1348 2090 1401 de
2171 1353 2260 1400 tas
2288 1362 2430 1400 onus
2456 1361 2642 1399 meum
2674 1349 2777 1407 est,
2810 1342 3106 1413 praebendo
3136 1342 3187 1396 ei
3229 1342 3433 1395 victum
3464 1346 3519 1393 et
3541 1340 3726 1393 calcea-

496 1431 819 1487 virtutibus.
865 1433 1118 1487 Perfecta
1163 1438 1352 1487 autem
1383 1439 1440 1487 et
1481 1435 1647 1505 plena
1686 1440 1769 1489 est
1796 1436 1996 1507 gloria,
2024 1440 2091 1490 ut
2173 1437 2712 1499 mentum,sustento
2732 1449 2873 1486 onus
2889 1430 3234 1502 ejus.Habeo
3254 1444 3483 1484 uxorem
3502 1429 3621 1498 quia
3633 1444 3726 1481 non

497 1521 668 1575 homo
691 1536 792 1591 pro
814 1519 958 1574 bono
978 1521 1125 1592 quod
1146 1521 1279 1591 agit,
1296 1523 1663 1594 omnipotenti
1685 1525 1797 1578 Deo
1812 1524 2091 1578 desideret
2174 1540 2398 1596 possum
2425 1539 2546 1577 esse
2566 1521 2885 1588 continens;
2919 1520 3017 1574 sed
3039 1524 3290 1590 egestate
3311 1517 3481 1572 nimia
3501 1533 3723 1588 premor:

500 1608 559 1663 in
588 1609 753 1663 corde
780 1610 1022 1680 placere,
1055 1614 1113 1663 et
1138 1609 1209 1663 ab
1237 1609 1332 1664 illo
1361 1612 1671 1665 mercedem
1706 1618 2002 1683 exspectet,
2037 1617 2095 1667 et
2175 1618 2237 1666 tu
2263 1612 2378 1683 qui,
2408 1613 2521 1666 Deo
2542 1611 2805 1672 donante,
2834 1609 3125 1663 continens
3146 1624 3205 1662 es
3226 1613 3279 1662 et
3300 1606 3461 1661 bonis
3489 1612 3729 1675 tempora-

499 1697 745 1769 gaudeat
771 1697 830 1752 in
860 1698 1026 1752 corde
1062 1699 1209 1769 quod
1236 1700 1453 1769 placeat
1480 1701 1732 1754 Creatori
1762 1717 1883 1763 suo,
1929 1707 1985 1755 et
2013 1703 2093 1755 ita
2112 1701 2321 1780 Blibus
2346 1700 2601 1755 abundas
2643 1705 2804 1770 porta
2836 1715 2977 1752 onus
3008 1714 3216 1752 meum.
3238 1697 3379 1750 Vide
3402 1694 3731 1765 comparatio-

502 1791 635 1857 agat
660 1786 870 1841 bonum
901 1787 1048 1857 quod
1086 1793 1353 1858 operatur
1383 1793 1446 1842 ut
1475 1804 1614 1860 opus
1644 1790 1717 1843 sit
1754 1790 1811 1843 in
1850 1789 2089 1861 publico,
2176 1807 2303 1845 nem
2336 1805 2625 1843 cervorum
2675 1788 2734 1841 in
2792 1786 3037 1858 Epistola
3085 1786 3157 1841 ad
3203 1785 3556 1839 Colossenses
3591 1797 3731 1853 quam

502 1880 559 1930 et
595 1875 833 1930 intentio
873 1875 932 1929 in
969 1877 1205 1931 occulto.
1248 1877 1356 1941 Qui
1396 1878 1498 1932 hoc
1533 1878 1685 1943 facit,
1726 1879 1819 1932 ille
1862 1895 1973 1932 non
2012 1883 2097 1932 est
2177 1879 2374 1933 beatus
2392 1878 2737 1948 Augustinus
2760 1893 2824 1931 ex
2849 1876 2950 1930 hoc
2973 1875 3325 1939 donat.Quia
3345 1880 3403 1928 et
3421 1875 3467 1927 si
3486 1872 3735 1926 inanima-

500 1963 736 2036 cupidus
767 1964 951 2019 inanis
977 1965 1188 2035 gloriae.
1226 1968 1461 2020 Invicem
1500 1973 1851 2035 provocantes
1893 1983 1987 2021 vos
2025 1966 2097 2021 ad

501 2054 870 2119 iracundiam,
906 2054 973 2107 ad
1009 2054 1157 2119 lites,
1190 2055 1259 2108 ad
1289 2056 1694 2119 contentiones,
1740 2059 1974 2110 invicem
2002 2059 2096 2110 in-

501 2143 744 2197 videntes
773 2140 944 2195 vobis.
993 2142 1163 2196 Erant
1195 2158 1257 2195 ex
1291 2143 1504 2197 Galatis
1536 2144 1762 2213 quidam
1811 2144 2023 2198 seducti
2064 2160 2099 2197 a

502 2228 987 2301 pseudoapostolis
1006 2233 1061 2282 et
1082 2245 1113 2281 a
1134 2229 1359 2295 Judaeis,
1385 2232 1785 2285 contendentes
1805 2231 1872 2285 de
1898 2248 2101 2302 genea-

503 2317 667 2388 logiis
696 2322 753 2371 et
781 2316 1180 2388 quaestionibus
1210 2318 1366 2387 legis.
1404 2319 1480 2373 Ex
1513 2319 1714 2391 quibus
1748 2320 1973 2390 quidam
2005 2320 2096 2373 di-

507 2405 709 2461 cebant
730 2419 742 2453 :
765 2405 962 2459 Melior
981 2411 1067 2460 est
1096 2406 1446 2461 circumcisio
1478 2424 1645 2479 quam
1678 2408 2006 2479 baptismus.
2031 2409 2099 2463 Et

505 2511 538 2551 θ
561 2498 757 2549 contra
782 2495 878 2548 alii
911 2513 922 2548 :
959 2495 1154 2549 Melior
1182 2500 1267 2550 est
1307 2495 1620 2567 baptismus
1659 2515 1824 2568 quam
1858 2499 2099 2552 circum-

503 2583 640 2639 cisio
668 2607 678 2641 :
712 2585 853 2639 Item
883 2583 977 2637 alii
998 2583 1258 2639 dicebant
1281 2599 1291 2633 :
1314 2585 1507 2642 Melior
1526 2592 1609 2640 est
1641 2587 1905 2657 allegoria
1930 2603 2099 2658 quam

505 2672 742 2727 historia
767 2690 778 2725 :
813 2671 942 2743 quia
971 2671 1260 2743 allegoria,
1283 2672 1340 2726 id
1371 2678 1457 2727 est
1484 2674 1753 2743 spiritalis
1783 2675 2101 2745 intelligen-

504 2762 587 2818 tia
605 2761 862 2827 vivitlcat,
887 2760 1074 2815 littera
1093 2761 1311 2816 occidit.
1330 2762 1395 2816 Et
1419 2779 1449 2816 c
1470 2770 1665 2817 contra
1685 2764 1781 2817 alii
1805 2764 2064 2819 dicebant
2086 2782 2098 2818 :

506 2851 705 2907 Melior
728 2856 814 2905 est
835 2850 1089 2917 historia,
1111 2850 1206 2905 ubi
1236 2852 1441 2905 veritas
1460 2852 1797 2919 continetur,
1825 2870 1992 2924 quam
2026 2854 2104 2907 al-

506 2940 720 3011 legoria
743 2955 886 2993 vana
915 2945 973 2993 et
998 2938 1329 2994 umbratica.

2178 1968 2325 2022 libus
2356 1967 2572 2021 ratione
2601 1982 2713 2020 non
2742 1965 3030 2020 utentibus
3058 1964 3196 2018 illud
3229 1964 3321 2029 sit,
3353 1968 3559 2034 quanto
3583 1960 3734 2030 magis

2179 2058 2237 2110 in
2258 2055 2577 2110 hominibus
2600 2054 2765 2109 debet
2784 2053 2937 2107 fieri?
2958 2054 3035 2119 Si,
3058 2053 3260 2125 inquit,
3276 2052 3386 2106 hoc
3404 2048 3737 2113 feceritis,ad-

2180 2150 2254 2200 im
2259 2147 2476 2213 plebitis
2496 2148 2660 2212 legem
2677 2145 2903 2209 Christi,
2921 2144 3024 2197 hoc
3035 2149 3139 2205 est,
3155 2147 3383 2214 pactum
3400 2138 3602 2194 Christi
3615 2135 3736 2206 quod

2179 2232 2299 2303 ipse
2319 2232 2474 2287 dedit
2493 2232 2779 2302 discipulis
2800 2233 2936 2298 suis,
2959 2233 3149 2287 dicens
3174 2248 3184 2280 :
3210 2234 3323 2286 Hoc
3347 2235 3425 2283 est
3444 2230 3735 2296 praceptum

2182 2336 2384 2386 meum,
2410 2328 2471 2374 ut
2490 2322 2738 2387 diligatis
2760 2322 2993 2372 invicem
3017 2319 3196 2384 (Joan.
3220 2320 3339 2384 xv);
3365 2323 3425 2370 et
3444 2314 3737 2368 mandatum

2183 2423 2386 2462 novum
2415 2411 2481 2462 do
2512 2411 2676 2475 vobis,
2711 2413 2771 2461 ut
2800 2409 3051 2474 diligatis
3080 2409 3315 2459 invicem
3344 2406 3531 2476 (Joan.
3561 2406 3683 2465 xm).

2261 2502 2403 2556 Nam
2432 2503 2482 2553 si
2510 2503 2632 2568 quis
2660 2500 2941 2552 existimat
2971 2512 3023 2550 se
3052 2497 3273 2564 aliquid
3298 2512 3433 2558 esse,
3464 2510 3585 2546 cum
3621 2490 3740 2544 nihil

2183 2594 2274 2655 sit,
2308 2590 2411 2643 hoc
2440 2592 2542 2651 est,
2573 2586 2668 2657 qui
2698 2584 2982 2639 conﬁdens
3012 2584 3068 2637 in
3095 2583 3209 2637 suis
3236 2581 3538 2637 virtutibus
3572 2584 3623 2633 et
3651 2593 3743 2630 me-

2183 2679 2329 2742 ritis,
2370 2676 2706 2746 dedignatur
2748 2690 2888 2728 onus
2932 2672 3122 2726 fratris
3162 2679 3413 2742 portare,
3455 2667 3743 2739 castigando

2185 2785 2311 2824 cum
2334 2766 2608 2820 suavitate
2628 2768 2686 2817 et
2704 2762 3087 2817 admonitione
3110 2761 3278 2825 dulci,
3300 2777 3432 2814 cum
3454 2760 3527 2814 sit
3543 2759 3649 2829 ipse
3673 2755 3743 2809 ni-

2185 2857 2265 2911 hil
2293 2855 2442 2927 apud
2474 2854 2648 2908 Deum
2671 2857 2725 2906 et
2758 2851 2889 2921 quia
2913 2852 3034 2921 ejus
3063 2840 3235 2920 opera
3254 2849 3370 2903 Deo
3392 2864 3507 2903 non
3536 2846 3742 2917 placent,

2185 2950 2296 3014 ipse
2324 2962 2376 2998 se
2420 2945 2623 2998 seducit
2661 2945 2717 2995 et
2755 2940 2979 3011 decipit.
3011 2939 3144 2994 Ideo
3183 2943 3375 2992 autem
3406 2936 3607 2991 dicitur
3631 2928 3746 2986 nihil

579 3031 816 3089 Fratres,
842 3032 890 3081 et
920 3030 969 3081 si
990 3034 1398 3097 praeoccupatus
1428 3032 1602 3097 fuerit
1629 3031 1787 3083 homo
1818 3033 1877 3084 in
1907 3034 2098 3099 aliquo
2122 3030 2163 3090 Ο
2187 3050 2328 3098 esse,
2358 3033 2489 3104 quia
2518 3046 2629 3085 non
2657 3030 2905 3084 adhaeret
2926 3028 3006 3083 illi
3028 3027 3124 3098 qui
3146 3024 3592 3081 substantialiter
3608 3019 3747 3075 habet

509 3119 721 3171 delicto.
751 3116 1146 3187 Praeoccupare
1171 3123 1256 3171 est
1280 3118 1610 3188 praevenire;
1639 3120 1787 3173 unde
1808 3120 1866 3174 in
1887 3121 2104 3191 psalmo

509 3203 750 3267 canitur,
780 3219 1235 3272 przoccupemus,
1262 3205 1317 3259 id
1348 3212 1433 3260 est
1457 3209 1881 3278 praeveniamus,
1906 3211 2105 3277 faciem

510 3295 627 3360 ejus
657 3294 721 3345 in
744 3293 1073 3359 confessione
1099 3294 1268 3363 (Psat.
1302 3304 1461 3361 xeiv),
1495 3302 1847 3366 peccatorum
1883 3303 2104 3352 nostro-

512 3396 662 3435 rum.
696 3380 1125 3451 Prseoccupatur
1152 3397 1283 3451 ergo
1313 3382 1480 3437 homo
1510 3384 1568 3437 in
1605 3391 1849 3455 peccato,
1884 3387 2106 3457 quando

514 3467 700 3524 subito
751 3475 805 3523 et
842 3468 1126 3541 insperato
1163 3476 1375 3542 peccat,
1419 3473 1566 3542 quod
1605 3478 1735 3527 ante
1774 3490 1885 3529 non
1923 3476 2108 3529 fuerat

512 3556 1204 3630 pmmeditatusQuando
1225 3576 1355 3614 vero
1379 3562 1801 3631 praemeditatur
1830 3563 2107 3634 quomodo

513 3652 802 3719 perpetret
821 3647 1205 3713 homicidium,
1231 3649 1588 3716 adulterium,
1616 3657 1715 3706 aut
1742 3652 1950 3723 aliquid
1973 3654 2107 3720 tale,

514 3751 628 3791 non
654 3741 739 3790 est
784 3736 1205 3807 prmoccupatio,
1253 3738 1351 3791 sed
1387 3740 1793 3809 praemeditatio
1824 3746 1880 3794 et
1908 3758 2109 3812 perpe-

514 3823 687 3878 tratio
707 3824 965 3878 sceleris:
992 3830 1049 3879 et
1076 3826 1242 3880 aliter
1261 3827 1753 3897 reprehendendus
1776 3836 1861 3883 est
1890 3830 1982 3883 ille
2013 3831 2110 3901 qui

515 3912 801 3983 insperato
815 3915 1176 3985 peccat,quod
1192 3920 1321 3969 ante
1341 3917 1764 3987 praemeditatus
1778 3934 1887 3972 non
1907 3920 2109 3986 fuerat,

515 4000 575 4056 id
596 4006 683 4056 est
704 4008 1014 4073 praeventus
1035 4019 1066 4056 a
1089 4008 1335 4074 peccato,
1351 4009 1409 4058 et
1427 4004 1591 4058 aliter
1611 4005 1726 4069 ille,
1741 4007 1835 4076 qui
1857 4006 1951 4060 diu
1973 4007 2112 4061 illud

2187 3140 2327 3185 esse,
2374 3127 2431 3175 et
2459 3121 2552 3192 qui
2582 3124 2785 3174 nostra:
2818 3116 3110 3187 tragilitati
3138 3115 3461 3179 condolens,
3496 3129 3590 3184 pro
3614 3109 3746 3164 nobis

2186 3210 2473 3265 humiliari
2520 3209 2786 3278 dignatus
2830 3212 2933 3271 est,
2986 3221 3115 3259 cum
3173 3205 3321 3259 Deus
3374 3208 3543 3257 esset.
3583 3197 3746 3254 Omnis

2188 3301 2336 3355 enim
2381 3304 2639 3353 creatura
2690 3312 2812 3367 quae
2855 3311 2966 3349 non
3006 3294 3256 3348 adhaeret
3293 3292 3375 3346 illi
3424 3290 3522 3362 qui
3562 3301 3749 3357 semper

2187 3388 2358 3444 habet
2385 3404 2526 3450 esse,
2559 3386 2699 3440 nihil
2730 3390 2830 3439 est.

2262 3478 2404 3545 Opus
2422 3481 2607 3529 autem
2622 3490 2787 3528 suum
2804 3474 2987 3541 probet
3003 3472 3404 3539 unusquisque,
3420 3467 3526 3521 hoc
3542 3472 3751 3523 est.eon-

2188 3565 2397 3620 sideret
2416 3564 2550 3635 quid
2581 3562 2710 3616 boni
2737 3560 2941 3616 habeat
2965 3560 3196 3623 factum,
3222 3562 3280 3611 et
3308 3556 3391 3610 sic
3414 3555 3475 3609 in
3500 3553 3653 3608 corde
3669 3564 3750 3602 suo

2189 3653 2451 3725 gaudeat,
2476 3668 2538 3705 eo
2562 3650 2707 3721 quod
2740 3649 2957 3720 placeat
2985 3645 3239 3701 Creatori
3268 3660 3392 3710 suo,
3419 3649 3478 3697 et
3500 3657 3608 3696 non
3625 3653 3754 3710 quaa-

2192 3750 2282 3797 rat
2307 3741 2540 3796 alterius
2565 3739 2808 3793 laudem.

2267 3832 2643 3899 Unusquisque
2668 3830 2816 3881 enim
2846 3841 2983 3881 onus
3014 3841 3181 3878 suum
3201 3824 3466 3892 portabit.
3495 3815 3756 3875 Contraria

2192 3920 2453 3974 videntur
2477 3919 2593 3971 haec
2634 3916 2802 3970 verba
2845 3913 3247 3985 superioribus,
3280 3912 3372 3965 ubi
3411 3911 3554 3964 dixit
3586 3928 3597 3962 :
3624 3907 3757 3960 Alter

2193 4009 2426 4063 alterius
2446 4023 2619 4060 onera
2645 4008 2883 4076 portate.
2907 4003 3014 4058 Sed
3038 4001 3326 4056 sciendum
3350 4000 3485 4071 quia
3508 3996 3755 4070 pertinent

519 4096 606 4145 est
625 4090 1060 4162 praemeditatus.
1080 4092 1181 4145 llle
1202 4092 1350 4145 enim
1373 4093 1756 4163 corripiendus
1780 4100 1867 4147 est
1889 4111 2014 4148 cum
2038 4097 2114 4150 le-
2193 4097 2290 4151 illa
2318 4096 2390 4150 ad
2418 4101 2641 4165 tempus
2682 4092 2975 4164 praesentis
3020 4091 3167 4155 vitae,
3216 4089 3325 4143 ista
3366 4104 3498 4143 vero
3529 4087 3595 4141 ad
3632 4084 3757 4138 diem

518 4178 698 4232 nitate
719 4179 941 4243 mentis,
955 4196 1026 4232 ne
1045 4179 1267 4235 labatur
1284 4181 1343 4235 in
1362 4181 1808 4252 desperationem
1830 4198 1839 4231 :
1862 4184 1967 4238 iste
1983 4201 2112 4238 vero
2196 4183 2503 4248 mortis,vel
2521 4180 2864 4252 generaliter
2880 4180 2951 4234 ad
2966 4180 3114 4234 diem
3132 4177 3352 4248 judicii,
3376 4183 3434 4231 et
3449 4181 3536 4230 est
3553 4187 3756 4229 sensus:

520 4265 722 4361 acriori
752 4266 967 4361 indiget
996 4268 1381 4338 castigatione.
1418 4271 1486 4323 Et
1508 4270 1647 4325 bene
1676 4272 1893 4326 addidit
1919 4273 2110 4338 homo,
2129 4303 2177 4361 D
2197 4272 2396 4336 Qualia
2424 4271 2616 4326 fecerit
2643 4270 3049 4341 unusquisque,
3081 4269 3219 4323 talia
3246 4267 3481 4338 recipiet
3513 4285 3524 4320 :
3567 4265 3612 4319 si
3639 4262 3761 4316 bona

521 4352 657 4421 quia
670 4352 981 4422 fragilisest
993 4356 1322 4421 etcaducus,
1340 4356 1769 4428 citoquelabens
1785 4360 1851 4413 ad
1867 4362 2110 4432 culpam,
2130 4352 2172 4361 ”
2196 4360 2405 4425 fecerit,
2441 4361 2587 4414 bona
2617 4359 2862 4429 recipiet,
2888 4358 2933 4412 si
2965 4358 3133 4423 mala,
3173 4356 3591 4411 damnationem
3618 4358 3760 4405 teter-

523 4445 581 4493 et
599 4441 838 4496 maxime
866 4442 960 4496 ille
980 4444 1078 4514 qui
1106 4444 1519 4516 simplicitatem
1550 4448 1719 4502 habet
1738 4449 1858 4503 sine
1883 4450 2113 4503 astutia.
2197 4466 2327 4503 nam
2352 4449 2596 4519 recipiet.
2634 4449 2704 4502 Et
2730 4447 3060 4510 notandum,
3087 4445 3220 4516 quia
3240 4461 3382 4498 onus
3410 4444 3467 4498 in
3501 4444 3688 4497 bonam
3717 4441 3763 4491 et

536 4531 625 4585 Vos
653 4535 753 4600 qui
779 4536 1056 4600 spiritales
1081 4537 1224 4599 estis,
1250 4534 1343 4604 qui
1365 4535 1566 4590 ducitis
1587 4537 1756 4591 vitam
1779 4537 2109 4608 spiritalem,
2197 4540 2400 4593 malam
2434 4543 2650 4610 partem
2693 4537 2748 4590 in
2797 4536 2901 4590 hoc
2930 4536 3050 4590 loco
3081 4540 3266 4606 potest
3308 4533 3504 4605 accipi,
3551 4531 3675 4602 quia
3702 4524 3761 4580 ad

523 4625 581 4676 et
609 4621 834 4676 solliciti
859 4622 993 4676 estis
1020 4622 1077 4676 in
1100 4622 1209 4676 fide
1234 4629 1291 4676 et
1320 4624 1378 4677 in
1407 4624 1677 4691 doctrina,
1707 4626 1833 4679 illos
1857 4627 1952 4697 qui
1980 4642 2115 4697 praa-
2196 4630 2403 4683 electos
2432 4634 2489 4681 et
2516 4625 2781 4697 reprobos
2820 4625 3083 4696 pertinet.
3117 4623 3273 4679 Onus
3314 4628 3633 4677 sanctorum
3675 4616 3764 4671 erit

523 4717 869 4783 occupantur
880 4716 938 4766 et
956 4711 1323 4783 simpliciores
1337 4717 1488 4773 sunt,
1503 4716 1763 4767 instruite
1776 4719 1832 4767 et
1852 4714 2116 4783 corripite
2199 4714 2526 4785 magnitudo
2552 4713 2745 4784 gloriae
2773 4731 2782 4761 :
2815 4729 2956 4767 onus
2975 4711 3340 4784 reproborum
3368 4709 3660 4766 ineliabilis
3682 4705 3766 4760 mi-

520 4801 637 4855 leni
664 4802 863 4855 alfectu
898 4805 955 4855 et
988 4817 1115 4855 eum
1163 4800 1438 4855 suavitate
1467 4803 1690 4863 mentis,
1723 4803 2115 4873 promittentes
2197 4802 2345 4856 seria
2373 4808 2430 4855 et
2456 4802 2753 4857 cruciatus.

524 4888 606 4941 eis
627 4890 866 4955 veniam,
892 4906 962 4944 ne
989 4890 1133 4945 forte
1162 4890 1221 4944 in
1249 4890 1467 4961 lapsum
1498 4890 1904 4961 desperationis
1925 4897 2111 4958 ruant,

524 4979 872 5031 considerans
902 4981 1151 5046 teipsum,
1184 4979 1317 5049 quia
1353 4979 1520 5032 homo
1548 4978 1762 5048 fragilis
1793 4985 2007 5034 natura:
2034 4997 2111 5041 es.

525 5063 671 5118 sicut
685 5070 741 5117 et
760 5065 873 5127 ille.
892 5066 1127 5137 ideoque
1148 5073 1305 5137 potes
1333 5066 1539 5120 tentari
1565 5072 1623 5121 et
1640 5068 1928 5136 praeveniri
1946 5084 1980 5121 τι
1994 5084 2117 5138 pec-

525 5157 651 5205 cato
680 5152 825 5207 sicut
852 5158 909 5207 et
936 5154 1029 5207 ille
1067 5173 1078 5207 :
1124 5159 1181 5207 et
1210 5154 1342 5207 dum
1382 5154 1823 5209 consideraveris
1862 5161 1916 5210 te
1953 5173 2115 5227 posse

526 5241 751 5306 tentari,
786 5245 844 5295 et
872 5241 926 5294 in
958 5248 1245 5312 peccatum
1277 5259 1459 5309 ruere,
1496 5242 1661 5297 sicuti
1692 5243 1857 5296 velles
1886 5244 2112 5315 corripi,

525 5330 574 5385 si
598 5330 731 5384 talia
758 5346 973 5400 ageres,
998 5336 1055 5384 et
1081 5329 1343 5401 castigari
1367 5349 1495 5386 cum
1526 5332 1757 5391 lenitate
1786 5334 2007 5399 mentis,
2037 5334 2115 5388 ita

524 5417 742 5490 corripe
770 5424 827 5472 et
854 5418 1093 5473 admone
1121 5418 1299 5473 illum.

593 5509 747 5564 Alter
773 5510 1007 5563 alterius
1038 5523 1207 5564 onera
1239 5514 1474 5578 portate.
1508 5511 1651 5565 Sunt
1675 5525 1847 5566 onera
1877 5511 2117 5582 alicujus

2264 4892 2633 4945 Communicet
2657 4897 2844 4944 autem
2878 4894 2924 4943 is
2952 4893 3051 4958 qui
3078 4890 3451 4944 catechisatur
3482 4890 3636 4943 verbo
3659 4882 3762 4946 Dei,

2198 4983 2249 5033 ei
2273 4983 2372 5047 qui
2396 4996 2448 5032 se
2468 4981 2783 5044 calechizat,
2806 4981 2867 5033 in
2893 4981 3148 5032 omnibus
3175 4979 3347 5044 bonis,
3370 4978 3426 5031 id
3447 4983 3533 5032 est
3549 4974 3769 5044 discipu-

2197 5069 2283 5122 lus
2313 5068 2395 5121 vel
2437 5067 2674 5138 quilibet
2718 5066 2942 5120 auditor
2989 5066 3082 5136 qui
3113 5066 3415 5121 instruitur
3458 5070 3516 5121 et
3557 5064 3768 5120 docetur

2196 5155 2362 5209 verbo
2390 5156 2677 5217 doctrinae,
2704 5155 3075 5209 communicet
3108 5155 3194 5209 vel
3224 5156 3577 5210 administret
3606 5151 3767 5220 magi-

2197 5249 2312 5298 stro
2335 5245 2418 5297 vel
2445 5243 2795 5314 praedicatori
2824 5244 2881 5296 in
2907 5243 3166 5297 omnibus
3187 5243 3345 5298 bonis
3367 5243 3461 5315 qui
3482 5260 3541 5297 se
3557 5239 3768 5297 instruit

2199 5340 2255 5388 et
2274 5333 2450 5387 docet.
2471 5333 2773 5387 Auditores
2794 5338 2852 5387 et
2869 5332 3171 5402 discipulos
3195 5332 3479 5395 admonet,
3503 5336 3566 5385 ut
3591 5330 3766 5383 docto.

2199 5420 2351 5476 ribus
2378 5421 2495 5476 suis
2524 5438 2558 5475 a
2588 5421 2789 5492 quibus
2818 5421 3100 5491 accipiunt
3128 5420 3360 5474 verbum
3389 5421 3513 5475 vitm
3547 5424 3601 5473 et
3628 5415 3762 5475 fidei.

2198 5509 2519 5584 impendere
2540 5510 2805 5565 studeant
2824 5508 2967 5565 bona
2985 5508 3340 5581 temporalia,
3358 5509 3463 5565 hoc
3477 5513 3561 5565 est
3576 5507 3766 5561 victum
