3966 6156
231 285 316 347 697

816 272 1223 330 ‘EXPOSITIO
1251 272 1331 330 IN
1360 274 1513 332 EPP.
1547 274 1606 333 S.
1639 267 1874 328 PAULI.
1909 304 1966 314 —
2001 270 2079 325 IN
2109 268 2330 325 EPIST.
2364 266 2461 322 AD
2492 265 2748 322 GALAT.

3342 263 3447 320 698

229 421 277 473 et
299 411 650 468 vestimentum
681 405 816 478 quia
847 403 1048 474 dignus
1076 407 1163 459 est
1186 403 1477 476 cperarius
1509 402 1765 457 mercede
1783 399 2030 461 Aofﬁcio
2061 415 2229 471 quam
2258 397 2315 451 in
2346 395 2602 451 doctrina
2642 393 2811 447 verbi.
2846 391 3120 449 Omnibus
3151 390 3301 446 enim
3335 392 3442 446 ho-

229 521 313 561 sua
342 522 352 556 :
380 498 497 570 quia
528 494 791 551 Dominus
830 494 1112 548 ordinavit
1140 494 1208 547 de
1247 493 1547 563 Evangelio
1587 492 1770 546 vivere

227 593 306 664 qui
326 585 661 658 Evangelium
709 583 1067 637 annuntiant.
1101 582 1407 636 Possumus
1438 586 1493 635 et
1522 598 1623 652 per
1646 598 1770 634 ver-

227 681 337 735 bum
362 674 654 742 intelligere
684 678 740 725 et
770 671 1078 724 devotionis
1108 670 1370 732 fructum,
1415 675 1471 724 et
1501 686 1617 723 rem
1639 669 1771 724 boni

226 766 379 839 operis
411 769 463 817 et
507 760 691 825 studii,
735 766 801 813 ut
838 759 976 813 illud
1013 759 1190 830 Moysi
1228 777 1238 811 :
1275 761 1546 826 Quomodo
1580 762 1771 827 palam

227 860 405 926 factum
431 859 498 905 est
514 851 731 904 verbum
753 849 1107 917 istud(Ea‘od.
1133 851 1195 915 II)
1213 848 1319 902 ?Ut
1342 848 1651 902 referamus
1671 849 1771 901 hoc

224 945 282 1000 ad
307 940 635 1011 discipulum,
668 936 1046 991 communicet
1081 942 1289 1002 autem,
1328 937 1385 990 id
1417 942 1503 990 est
1522 936 1771 1007 placabi-

222 1034 315 1087 lem
337 1046 389 1083 se
410 1026 566 1081 faciat
591 1025 797 1087 studio,
816 1031 872 1079 et
898 1025 1085 1078 fructu
1115 1025 1424 1078 devotionis
1445 1025 1768 1095 discipulus,

224 1120 294 1174 vel
314 1117 396 1188 qui
422 1115 786 1170 catechizatur
806 1114 1077 1183 magistro
1106 1114 1201 1184 qui
1227 1131 1287 1168 se
1317 1114 1565 1169 instituit
1593 1113 1768 1181 bonis,

224 1213 271 1263 et
299 1204 568 1262 docibilem
614 1208 671 1257 et
708 1203 1060 1257 obedientem
1082 1203 1140 1257 in
1161 1203 1419 1258 omnibus
1458 1203 1618 1257 bonis
1647 1220 1772 1273 quae

220 1297 316 1350 Deo
332 1310 433 1348 non
451 1292 757 1363 displicent.
789 1292 1015 1345 Poterat
1029 1292 1232 1363 aliquis
1261 1292 1663 1363 discipulorum
1686 1292 1774 1346 di-

220 1401 323 1440 cere
353 1384 502 1437 :Non
537 1380 714 1435 habeo
749 1381 897 1450 quod
936 1380 1258 1450 impendam
1290 1381 1557 1451 magistro
1595 1399 1606 1434 :
1642 1372 1775 1452 quia

222 1489 334 1544 ager
348 1488 510 1537 meus,
543 1470 597 1524 id
622 1475 707 1524 est
736 1485 960 1524 annona
991 1486 1117 1523 mea
1145 1469 1395 1524 siccitate
1420 1471 1590 1536 aruit,
1613 1470 1774 1525 vinea

219 1578 323 1616 mea
340 1560 598 1631 grandine
619 1564 949 1629 consumpta
965 1564 1066 1624 est,
1087 1575 1216 1613 oves
1229 1559 1545 1629 pestilentia
1556 1576 1773 1631 correp-

219 1656 276 1706 tie
291 1659 552 1714 sunt,sues
567 1648 766 1718 sagina
784 1654 1131 1702 tumescente
1145 1654 1377 1703 mortuis
1394 1654 1541 1703 sunt.
1575 1649 1683 1703 Sed
1714 1653 1774 1703 ut

219 1738 488 1811 Apostolus
515 1754 740 1792 omnem
770 1737 1116 1791 occasionem
1149 1738 1485 1803 excluderet,
1519 1737 1656 1792 dixit
1689 1757 1699 1791 :

275 1829 433 1882 Nolite
458 1842 669 1891 errare,
692 1828 833 1880 Deus
856 1843 965 1880 non
988 1829 1283 1881 irridetur.
1312 1828 1427 1880 Hoc
1449 1831 1535 1881 est
1560 1845 1570 1880 :
1602 1826 1776 1881 nolite

217 1914 429 1981 mentiri,
462 1914 592 1985 quia
644 1915 813 1968 homo
863 1920 1048 1984 potest
1085 1916 1437 1969 mendacium
1469 1916 1772 1986 suscipere,

217 2000 342 2054 Deus
384 2018 507 2056 vero
538 2019 651 2056 non
684 2007 868 2073 potest
899 2020 910 2054 :
946 2008 1003 2056 et
1026 2003 1175 2057 Deus
1201 2005 1297 2074 qui
1337 2004 1526 2057 omnia
1564 2010 1778 2058 secreta

214 2089 432 2143 cordium
455 2097 730 2161 penetrat,
772 2107 883 2144 non
919 2096 1104 2161 potest
1132 2091 1270 2145 falli.
1306 2092 1477 2152 Dicis,
1508 2093 1781 2147 oauditor

214 2178 496 2249 quicunque
538 2197 621 2249 es,
672 2196 783 2234 non
822 2186 1012 2251 posset
1063 2186 1118 2234 te
1164 2187 1422 2252 sumptus
1454 2182 1780 2236 ministrare

218 2267 457 2337 magistro
484 2273 600 2334 tuo,
643 2277 932 2339 premente
964 2275 1018 2323 te
1048 2269 1221 2323 nimia
1248 2276 1499 2340 egestate
1531 2284 1543 2317 ε
1573 2272 1687 2325 noli
1728 2278 1783 2325 te

218 2354 442 2425 decipere
470 2358 633 2427 quasi
654 2358 847 2412 fallere
876 2358 1055 2429 possis
1081 2360 1279 2421 Deum,
1312 2360 1409 2413 sed
1439 2361 1589 2414 unde
1618 2366 1679 2415 tu
1710 2361 1786 2413 vi-

215 2443 298 2510 vis,
328 2444 447 2499 inde
475 2452 731 2501 sustenta
759 2453 817 2501 et
840 2448 1193 2518 magistrum,
1227 2449 1357 2519 quia
1386 2449 1434 2503 si
1462 2466 1572 2504 non
1610 2449 1782 2504 habes

215 2546 269 2585 ex
293 2536 536 2603 praesenti
564 2552 715 2589 anno
744 2536 952 2606 fruges,
981 2536 1153 2591 habes
1179 2554 1244 2591 ex
1283 2538 1585 2608 praeterito,
1626 2544 1783 2609 potes

214 2621 358 2676 etiam
385 2624 687 2695 impetrare
705 2632 903 2679 mutuo
923 2643 958 2679 a
975 2626 1171 2680 vicinis
1190 2626 1260 2680 de
1287 2625 1492 2681 futuro.

271 2712 383 2777 Quae
413 2716 557 2767 enim
602 2716 961 2768 seminaverit
995 2716 1173 2781 homo,
1213 2715 1320 2768 haec
1362 2722 1409 2768 et
1452 2719 1630 2778 metet,
1680 2713 1785 2768 hoc

214 2804 302 2864 est,
330 2801 506 2870 qualia
536 2802 752 2868 fecerit,
782 2803 920 2856 talia
953 2803 1203 2874 recipiet.
1236 2803 1388 2857 Duos
1417 2819 1581 2873 agros
1610 2802 1781 2856 habe-

208 2900 333 2953 mus,
360 2905 555 2960 corpus
584 2896 645 2945 et
673 2891 953 2962 spiritum.
988 2892 1050 2946 Si
1076 2895 1474 2945 seminavimus
1503 2895 1566 2945 in
1591 2908 1777 2957 carne,

210 2972 258 3027 id
282 2981 357 3029 est
382 2979 425 3030 si
454 2980 707 3033 carnalia
737 2997 908 3051 opera
936 2980 1239 3051 egerimus,
1270 2986 1328 3034 et
1354 2980 1600 3034 carnalia
1629 2980 1771 3033 desi-

208 3061 343 3117 deria
368 3068 540 3121 secuti
586 3068 881 3134 fuerimus,
933 3071 995 3122 de
1024 3070 1147 3139 ipsa
1174 3085 1340 3123 carne
1369 3074 1629 3123 metemus
1655 3086 1784 3122 cor-

210 3157 519 3222 ruptionem,
544 3157 657 3211 hoc
703 3162 805 3222 est,
853 3158 1275 3211 damnationem
1328 3158 1684 3228 accipiemus,
1729 3162 1785 3211 et

208 3241 471 3297 trademur
495 3246 552 3299 in
583 3246 678 3299 die
702 3246 900 3316 judicii
940 3246 1121 3317 poenis
1152 3247 1379 3311 inferni,
1402 3246 1496 3300 ubi
1524 3247 1787 3318 corripie-

208 3343 319 3382 mur
342 3347 375 3383 a
401 3334 691 3389 vermibus
722 3340 779 3388 et
808 3335 925 3405 igni
959 3341 1251 3406 perpetuo.
1283 3336 1348 3391 Si
1385 3352 1513 3389 vero
1538 3339 1785 3390 semina-

209 3421 425 3475 verimus
453 3425 517 3477 in
557 3427 789 3491 spiritu,
836 3424 941 3477 hoc
968 3430 1069 3489 est,
1107 3424 1153 3478 si
1183 3424 1459 3495 spiritalia
1487 3441 1658 3495 opera
1686 3426 1787 3479 im-

205 3506 521 3575 pleverimus
550 3518 610 3566 et
636 3513 932 3583 praeceptis
972 3514 1151 3567 sancti
1191 3513 1432 3583 Spiritus
1463 3513 1785 3567 obedientes

206 3593 475 3663 fuerimus,
506 3603 573 3654 de
597 3602 827 3670 spiritu,
871 3602 1216 3673 spiritalibus
1247 3602 1533 3672 operibus,
1573 3602 1786 3673 Spiritu

204 3694 375 3739 sancto
402 3688 674 3755 donante,
701 3694 874 3743 vitam
906 3698 1170 3745 sternam
1199 3693 1548 3759 accipiemus.

266 3774 461 3830 Bonum
478 3785 674 3832 autem
690 3780 951 3846 facientes
973 3795 1084 3833 non
1098 3781 1440 3847 deﬁciamus,
1458 3780 1513 3833 id
1537 3785 1621 3833 est
1639 3796 1673 3834 a
1691 3780 1787 3834 bo-

202 3874 433 3933 noopere
454 3867 609 3937 quod
632 3867 1036 3933 inchoavimus,
1053 3885 1164 3922 non
1186 3884 1395 3922 cessem
1406 3885 1487 3929 us,
1505 3868 1663 3922 sedin
1681 3868 1785 3921 hoc

204 3946 626 4023 derseveremus,
664 3962 727 4010 ut
754 3958 993 4011 salutem
1031 3974 1443 4028 consequamur
1471 3973 1640 4026 quam
1678 3958 1787 4011 Do-

205 4040 371 4095 minus
389 4046 676 4114 promisit,
707 4046 968 4117 inquiens
1004 4064 1014 4099 :
1044 4048 1152 4114 Qui
1169 4050 1598 4113 perseveraverit
1622 4063 1789 4114 usque

206 4128 255 4180 in
268 4131 549 4195 ﬁnem,hic
568 4138 880 4189 salvuserit
901 4136 1115 4201 (Matth.
1144 4138 1317 4202 xxtv).
1359 4136 1609 4203 Tempore
1639 4138 1789 4187 enim

200 4232 301 4280 suo,
323 4220 376 4275 id
403 4228 490 4278 est
510 4229 773 4295 tempore
793 4240 1036 4294 congruo
1054 4229 1112 4278 et
1139 4227 1473 4295 opportuno,
1503 4230 1784 4290 metemus,

201 4303 292 4361 hoc
334 4316 433 4374 est,
476 4313 804 4367 mercedem
835 4313 1014 4366 nostri
1052 4311 1257 4366 laboris
1286 4312 1642 4383 accipiemus,
1676 4329 1788 4366 non

199 4393 503 4468 deﬁcientes,
536 4418 573 4455 a
602 4401 967 4473 percipienda
987 4401 1241 4456 mercede
1272 4401 1474 4472 Operis.
1508 4401 1670 4455 Modo
1702 4406 1788 4454 est

202 4486 400 4556 tempus
449 4490 798 4555 seminandi,
850 4491 955 4544 hoc
1000 4496 1103 4554 est,
1152 4490 1361 4543 bonum
1387 4490 1650 4561 operandi
1687 4509 1697 4543 :
1731 4490 1789 4544 in

199 4569 277 4626 die
302 4581 489 4632 autem
517 4579 724 4647 judicii
753 4580 837 4633 vel
868 4580 926 4633 in
956 4578 1045 4633 die
1068 4578 1265 4633 mortis
1288 4579 1629 4649 erittempus
1649 4596 1791 4633 mes-

199 4658 350 4717 sionis
380 4672 438 4720 et
473 4667 845 4723 collectionis.
881 4668 986 4722 Illa
1014 4684 1305 4738 nunquam
1337 4668 1562 4722 deficiet
1589 4668 1789 4722 collec-

200 4748 283 4816 tio,
327 4754 461 4825 quia
503 4756 612 4810 illa
658 4755 772 4811 vita
816 4757 935 4810 sine
980 4757 1225 4810 termino
1275 4762 1484 4822 manet,
1518 4757 1791 4827 annisque

195 4839 530 4899 volventibus
552 4845 658 4899 illa
686 4861 909 4916 semper
931 4845 1248 4915 juvenescit
1277 4850 1334 4899 et
1364 4845 1558 4916 pollet.

257 4929 393 4999 Ergo
420 4936 564 4987 dum
608 4939 818 5002 tempus
850 4936 1128 4999 habemus,
1160 4950 1449 5003 operemur
1478 4936 1681 4989 bonum
1719 4935 1792 4988 ad

194 5030 381 5072 omnes.
396 5021 660 5093 Tempus
676 5020 991 5075 seminandi
1008 5026 1065 5075 et
1086 5021 1354 5092 operandi
1376 5022 1631 5087 virtutes,
1648 5039 1790 5092 prae-

195 5117 311 5159 sens
338 5108 452 5162 vita
496 5116 610 5172 est,
662 5110 794 5181 quia
831 5114 957 5180 post
985 5110 1154 5163 istam
1180 5127 1292 5165 non
1321 5110 1431 5164 erit
1456 5115 1678 5182 tempus
1706 5112 1792 5165 vel

194 5195 425 5263 spatium
450 5198 808 5269 paenitentia:
832 5204 1003 5270 atque
1033 5199 1251 5254 salutis.
1293 5200 1373 5253 De
1404 5200 1509 5254 hoc
1537 5206 1792 5271 tempore

197 5279 322 5336 dicit
346 5286 665 5356 Apostolus
685 5287 817 5340 alibi
848 5305 859 5339 :
884 5288 1011 5341 Ecce
1042 5304 1193 5342 nunc
1217 5294 1426 5357 tempus
1444 5291 1789 5361 acceptabile,

193 5386 293 5425 cccc
317 5389 471 5430 nunc
499 5378 621 5430 dies
647 5378 845 5431 salutis
888 5378 967 5442 (ll
1001 5376 1129 5433 σον.
1178 5380 1271 5442 v1).
1306 5377 1372 5431 In
1402 5377 1508 5430 isto
1537 5382 1789 5447 tempore

192 5458 451 5517 debemus
482 5464 715 5535 operari
745 5451 955 5519 bonum
984 5464 1055 5518 ad
1081 5481 1276 5520 omnes
1304 5465 1577 5531 homines,
1598 5466 1667 5519 ad
1682 5466 1791 5519 fra-

190 5552 315 5620 tres,
338 5553 411 5608 ad
439 5553 764 5622 haereticos,
794 5554 865 5609 ad
893 5569 1161 5626 paganos,
1192 5560 1312 5609 tam
1340 5554 1399 5609 in
1421 5554 1788 5626 eleemosynae

1852 488 2097 543 minibus
2129 485 2509 541 misericordia
2557 483 2932 553 impendenda
2973 487 3078 546 est,
3111 487 3166 535 et
3196 480 3446 534 doctrina

1853 578 1981 631 ﬁdei
2038 576 2313 631 imitando
2356 580 2575 645 patrem
2620 579 2895 636 nostrum,
2946 572 3041 642 qui
3088 573 3253 625 solem
3283 585 3448 622 suum

1834 669 1997 719 -oriri
2026 668 2159 734 facit
2191 680 2353 732 super
2379 666 2538 716 bonos
2567 668 2615 715 et
2646 666 2817 715 malos
2854 661 3068 729 (Matth.
3101 662 3173 723 v).
3212 660 3451 712 Maxime

1852 760 2037 807 autem
2067 754 2140 806 ad
2167 754 2480 805 domesticos
2527 752 2657 817 ﬁdei
2702 755 2924 820 oportet
2961 748 3170 801 bonum
3207 747 3446 818 operari.

1854 841 2156 896 Domestici
2197 840 2463 892 dicuntur
2509 854 2539 890 a
2572 838 2757 897 domo,
2791 838 2883 907 qui
2916 838 2975 890 in
3005 853 3119 891 una
3154 837 3319 889 domo
3344 851 3452 888 nu-

1851 932 2103 985 triuntur
2133 935 2190 983 et
2218 933 2638 981 conversantur.
2665 927 2749 979 Ad
2775 943 2968 979 omnes
2999 926 3222 995 quidem
3242 924 3450 977 bonum

1852 1021 2119 1075 debemus
2149 1016 2390 1089 Operari,
2440 1017 2545 1069 hoc
2587 1020 2689 1081 est,
2732 1016 2801 1068 ad
2835 1014 3141 1078 haereticos,
3177 1014 3246 1067 ad
3279 1029 3451 1083 paga-

1853 1125 1976 1173 nos,
2005 1108 2102 1161 sed
2127 1107 2366 1161 maxime
2394 1105 2469 1158 ad
2498 1104 2623 1158 illos
2645 1104 2740 1173 qui
2762 1104 2819 1157 in
2849 1120 2963 1157 una
2992 1104 3176 1165 domo,
3200 1102 3257 1155 id
3288 1107 3373 1155 est
3393 1102 3450 1155 in

1853 1199 2070 1253 unitate
2101 1196 2360 1251 Ecclesize
2385 1193 2673 1247 nobiscum
2706 1198 2855 1255 sunt,
2889 1197 2946 1245 et
2976 1192 3067 1262 qui
3105 1191 3357 1245 eamdem
3378 1191 3448 1244 ﬁ-

1855 1288 1982 1341 dem
2005 1286 2233 1350 habent,
2264 1289 2320 1338 et
2346 1284 2623 1354 praecipue
2652 1283 2724 1334 ad
2752 1282 2877 1334 illos
2908 1281 3000 1350 qui
3026 1280 3132 1333 iter
3160 1276 3450 1332 rectitudi-

1854 1376 1941 1431 nis
1971 1375 2131 1429 nobis
2160 1374 2465 1428 ostendunt
2488 1371 2654 1424 verbo
2687 1376 2743 1424 et
2772 1370 3044 1439 exemplo.

1936 1485 2125 1546 Videte,
2160 1482 2418 1549 qualibus
2447 1482 2647 1532 litteris
2676 1479 2872 1545 scripsi
2902 1478 3043 1529 vobis
3092 1492 3213 1527 mea
3252 1490 3445 1527 manu.

1857 1573 1919 1631 In
1945 1573 2057 1625 fine
2087 1569 2337 1624 omnium
2369 1568 2730 1639 epistolarum
2762 1582 2990 1619 suarum
3026 1563 3328 1635 Apostolus
3360 1578 3453 1616 no-

1859 1678 1985 1714 men
2016 1676 2179 1714 suum
2212 1656 2499 1711 Hebraicis
2528 1656 2729 1710 litteris
2753 1654 3051 1717 scribebat,
3077 1670 3145 1705 ne
3166 1670 3198 1705 a
3220 1652 3455 1723 pseudo-

1796 1748 2121 1822 Bapostolis
2173 1749 2292 1818 ejus
2333 1746 2481 1800 dicta
2524 1750 3018 1815 corrumperentur
3060 1761 3070 1793 :
3104 1743 3161 1794 in
3192 1742 3295 1793 hac
3323 1757 3453 1794 vero

1859 1839 2111 1909 epistola,
2130 1837 2275 1891 sicut
2294 1836 2529 1890 tradunt
2555 1835 2828 1897 doctores,
2847 1832 2916 1885 ab
2932 1833 3034 1884 hoc
3054 1832 3170 1884 loco
3193 1846 3369 1898 usque
3383 1829 3454 1882 ad

1860 1929 2029 1981 ﬁnem
2050 1926 2276 1997 propria
2298 1942 2467 1978 manu
2491 1922 2734 1992 scripsit.
2763 1927 2824 1975 ut
2846 1938 2939 1974 eos
2957 1920 3025 1974 ad
3052 1920 3216 1973 tidem
3249 1917 3453 1972 Christi

1861 2016 2080 2088 plenius
2101 2014 2371 2078 traheret,
2391 2013 2524 2066 dum
2544 2012 2791 2065 viderent
2807 2011 2928 2080 ejus
2949 2022 3195 2061 amorem
3225 2022 3355 2076 erga
3372 2022 3453 2059 se.

1934 2124 2256 2190 Quicunque
2283 2123 2429 2173 enim
2454 2121 2668 2186 placere
2688 2119 2878 2169 volunt
2904 2118 2963 2167 in
2980 2130 3165 2176 carne,
3186 2114 3245 2165 hi
3258 2116 3457 2179 cogunt

1865 2228 1955 2266 ros
1984 2211 2329 2275 circumcidi,
2362 2208 2416 2261 id
2450 2213 2535 2260 est
2563 2207 2657 2277 qui
2690 2206 2880 2258 volunt
2909 2204 3127 2274 placere
3156 2201 3213 2254 in
3249 2200 3460 2253 carnali

1865 2298 2286 2354 circumcisione
2333 2296 2530 2350 scribis
2581 2301 2638 2348 et
2682 2293 2970 2364 pharisaeis
3014 2291 3132 2344 suis
3164 2289 3458 2355 ministris,

1866 2387 1947 2442 illi
1987 2386 2279 2458 cogebant,
2309 2384 2708 2438 circumcidere
2745 2382 3004 2453 gentiles,
3032 2387 3089 2434 et
3114 2381 3216 2434 hoc
3243 2379 3370 2432 ideo
3400 2379 3463 2431 ut

1865 2479 2310 2550 persecutionem
2344 2476 2525 2530 crucis
2565 2473 2772 2529 Christi
2794 2490 2903 2527 non
2926 2475 3271 2543 paterentur.
3299 2470 3461 2524 Nam

1867 2568 2224 2631 Octavianus,
2249 2567 2433 2630 Caius,
2460 2566 2668 2635 aliique
2688 2563 3056 2632 imperatores
3079 2561 3459 2624 decreverant,

1867 2662 1930 2711 ut
1955 2657 2273 2726 ubicunque
2304 2660 2491 2709 essent
2521 2653 2717 2718 Judaei,
2743 2651 2857 2705 suis
2888 2650 3102 2721 legibus
3142 2652 3455 2709 uterentur,

1867 2751 1924 2800 et
1954 2746 2129 2801 Judaei
2162 2745 2257 2816 qui
2284 2745 2462 2815 legem
2492 2749 2549 2796 et
2568 2741 2927 2811 Evangelium
2957 2738 3216 2792 volebant
3243 2742 3456 2802 tenere,

1864 2834 2068 2889 idcirco
2098 2852 2156 2888 se
2185 2831 2673 2896 circumcidebant,
2696 2846 2765 2884 ne
2788 2832 3234 2900 pr0pternomen
3253 2822 3459 2878 Christi

1864 2928 2353 2994 persequerentur,
2381 2922 2629 2974 dicentes
2655 2936 2713 2972 se
2738 2918 2958 2972 Judveos
2983 2932 3123 2979 esse,
3151 2919 3208 2967 et
3226 2914 3460 2993 circum-

1797 2988 2117 3091 Ccisos,—et
2143 3012 2320 3081 legem
2350 3008 2650 3063 custodire.
2702 3006 2811 3061 Sed
2854 3005 2978 3059 ideo
3021 3020 3133 3057 non
3179 2988 3458 3056 custodie-

1867 3101 2023 3167 bant,
2049 3101 2180 3171 quia
2205 3105 2368 3154 erant
2396 3096 2706 3161 homicidae,
2736 3092 3209 3158 adulteri,invidi,
3246 3088 3455 3160 cupidi,

1868 3191 2105 3261 aliisque
2131 3188 2276 3242 vitiis
2316 3187 2485 3259 pleni.
2539 3188 2598 3239 Ut
2637 3188 2697 3237 in
2728 3199 2898 3237 carne
2920 3187 3093 3236 vestra
3123 3182 3456 3249 glorientur.

1870 3278 2270 3334 Gloriabantur
2306 3275 2506 3342 Judaei,
2550 3274 2798 3327 dicentes
2846 3290 2857 3323 :
2905 3272 3011 3325 Tot
3052 3269 3292 3341 gentiles
3334 3266 3457 3321 heri

1868 3368 2024 3438 coegi
2055 3368 2123 3421 ad
2153 3364 2652 3430 circumcisionem,
2684 3367 2768 3415 tot
2799 3360 2980 3415 hodie.

1940 3476 2082 3528 Mihi
2108 3479 2293 3527 autem
2315 3474 2455 3526 absit
2475 3473 2733 3539 gloriari.
2757 3469 2898 3523 Nolo
2921 3465 3151 3537 gloriari
3172 3465 3228 3518 in
3251 3464 3461 3519 divitiis

1867 3563 2037 3633 hujus
2069 3562 2262 3616 mundi
2294 3566 2350 3615 et
2372 3558 2760 3630 dignitatibus,
2788 3559 2878 3610 sed
2902 3560 2959 3609 in
2974 3570 3131 3609 cruce
3164 3555 3392 3617 Christi,
3406 3552 3465 3605 id

1870 3658 1949 3705 est
1982 3652 2236 3723 passione
2263 3650 2414 3703 illius
2436 3666 2558 3718 qum
2598 3648 2654 3700 in
2695 3662 2861 3700 cruce
2901 3649 2987 3698 est
3015 3641 3312 3700 celebrata.
3346 3641 3466 3711 glo-

1868 3739 2070 3802 riabor,
2106 3738 2257 3792 unde
2287 3743 2372 3790 est
2402 3752 2527 3789 mea
2558 3735 2867 3804 redemptio
2907 3738 2963 3786 et
2989 3729 3239 3785 salvatio.
3273 3728 3373 3781 Vel
3403 3728 3463 3781 in

1868 3845 2030 3882 cruce
2062 3827 2266 3882 Christi
2302 3824 2604 3896 gloriabor,
2637 3824 2693 3877 id
2715 3828 2818 3887 est,
2852 3838 2915 3875 ex
2964 3822 3067 3874 hoc
3094 3817 3377 3890 gloriabor
3415 3817 3463 3870 si

1870 3924 2104 3988 potuero
2149 3915 2359 3969 imitari
2390 3914 2706 3985 passionem
2748 3910 2975 3974 Christi,
3020 3914 3083 3963 ut
3127 3908 3316 3979 qualia.
3344 3907 3464 3978 ipse

1871 4005 2140 4059 sustinuit
2160 4022 2259 4076 pro
2292 4021 2399 4068 me,
2431 4003 2572 4056 talia
2603 3999 2909 4054 sustineam
2941 4015 3041 4068 pro
3072 3996 3297 4050 nomine
3319 3997 3459 4066 ejus.

1871 4094 1980 4148 Per
2010 4110 2197 4164 quem,
2245 4091 2513 4146 subaudis
2565 4106 2785 4143 crucem
2833 4088 2917 4141 vel
2960 4086 3265 4141 Christum.
3323 4084 3467 4140 Dicit

1872 4182 2067 4237 beatus
2090 4182 2464 4253 Hieronymus
2491 4179 2621 4250 quia
2650 4195 2781 4232 crux
2806 4175 3101 4230 masculini
3128 4173 3351 4245 generis
3382 4177 3468 4227 est

1871 4273 2019 4345 apud
2050 4274 2292 4337 Graecos,
2325 4277 2382 4325 et
2409 4272 2685 4341 interpres
2716 4269 2884 4338 hujus
2914 4266 3174 4338 Epistolze
3201 4261 3464 4337 eumdem

1802 4387 1850 4444 Β
1871 4363 2169 4416 articulum
2200 4367 2256 4415 et
2283 4360 2536 4431 ejusdem
2562 4358 2786 4430 generis
2807 4354 3098 4411 transtulit
3123 4353 3179 4406 in
3201 4351 3467 4406 Latinum

1873 4468 2037 4521 quem
2080 4449 2295 4503 invenit
2326 4454 2381 4502 in
2411 4449 2619 4502 Graeco.
2654 4448 2847 4501 Potest
2869 4449 2926 4497 et
2954 4441 3148 4497 referri
3177 4440 3248 4494 ad
3282 4439 3470 4494 Chris-

1870 4545 2013 4605 tum,
2068 4540 2153 4592 vel
2196 4555 2296 4610 pro
2352 4554 2543 4592 amore
2591 4535 2864 4607 passionis
2912 4533 3050 4602 eius.
3101 4531 3351 4584 Mortuus
3392 4533 3469 4582 est

1872 4632 2014 4684 mihi
2061 4629 2305 4682 mundus
2334 4632 2379 4681 et
2413 4644 2502 4694 ego
2542 4626 2769 4689 mundo,
2812 4622 2942 4692 quia
2985 4636 3087 4674 nec
3135 4634 3324 4688 quaero
3361 4631 3465 4669 nec

1872 4720 2043 4789 diligo
2078 4735 2143 4772 ea
2187 4734 2311 4788 quae
2354 4721 2487 4770 sunt
2517 4715 2570 4768 in
2604 4712 2832 4776 mundo,
2865 4725 2966 4763 nec
2996 4706 3257 4770 mundus,
3292 4704 3348 4758 id
3382 4708 3468 4759 est

1873 4814 2093 4862 amator
2120 4807 2289 4876 hujus
2328 4804 2521 4859 mundi
2564 4801 2766 4873 quaerit
2794 4799 2878 4852 vel
2916 4796 3100 4866 diligit
3132 4810 3242 4847 me.
3293 4791 3464 4846 Verbi

1871 4897 2057 4968 gratia
2092 4912 2103 4946 :
2146 4896 2291 4950 sicut
2319 4903 2452 4949 sunt
2491 4892 2602 4945 duo
2650 4886 2873 4955 mortui,
2924 4902 2991 4940 ex
3031 4883 3233 4956 quibus
3278 4882 3466 4937 nullus

1874 4985 2056 5055 tangit
2084 4984 2167 5038 vel
2196 4983 2382 5053 diligit
2408 4982 2667 5035 alterum.

1946 5095 2013 5147 In
2053 5093 2266 5147 Christo
2293 5092 2418 5143 Jesu
2450 5102 2620 5154 neque
2658 5085 3006 5139 circumcisio
3040 5083 3261 5150 aliquid
3301 5084 3466 5148 calet,

1872 5180 1930 5234 id
1960 5185 2046 5234 est
2072 5185 2262 5233 utrum
2294 5178 2367 5231 sit
2394 5174 2751 5229 circumcisus
2782 5188 2854 5227 an
2894 5170 3335 5231 incircumcisus,
3365 5185 3469 5224 nec

1871 5269 2122 5340 prodest,
2172 5283 2273 5321 nec
2314 5265 2472 5319 obest
2517 5263 2575 5317 in
2613 5264 2723 5317 ﬁde
2753 5262 2982 5328 Christi,
3024 5266 3245 5315 tantum
3276 5265 3341 5314 ut
3368 5273 3463 5330 per

1870 5358 2023 5412 illam
2047 5354 2524 5411 circumcisionem
2555 5368 2668 5407 non
2713 5352 2906 5406 credat
2948 5367 3007 5404 se
3037 5367 3199 5421 posse
3229 5347 3457 5404 salvari.

1872 5447 1931 5503 Si
1960 5463 2087 5503 vero
2122 5446 2227 5500 hoc
2246 5444 2440 5508 credit,
2470 5448 2605 5498 tunc
2633 5442 2807 5497 obest.

1939 5555 2116 5623 Super
2148 5554 2318 5608 Israel
2349 5553 2466 5614 Dei,
2490 5565 2604 5605 non
2638 5564 2808 5622 super
2836 5546 3011 5603 Israel
3038 5543 3338 5607 carnalem,
3366 5538 3464 5592 sed
