3966 6156
498 184 604 243 699

919 182 1299 241 HAYMONIS
1338 181 1832 239 HALBERSTAT.
1874 182 2100 241 EPISC.
2141 181 2302 240 OPP.
2340 179 2524 239 PARS
2562 178 2608 237 Ῑ.
2653 206 2716 227 --
2756 178 3132 241 COMMENT.
3172 181 3349 239 BIBL.

3616 188 3698 251 700

492 325 663 382 super
713 326 909 365 omnes
957 312 1153 379 gentes
1207 322 1366 361 veros
1420 305 1723 373 Israelitas,
1776 307 1872 378 qui
1908 306 2274 369 DeumAbus
2304 305 2483 360 solent
2499 304 2644 359 servi
2666 303 2887 375 fugitivi
2915 306 3112 361 vinciri
3131 310 3702 379 comprehensiadomi-

493 405 684 454 mente
714 400 920 455 vident.

530 488 534 492 ’
567 490 733 544 Nemo
764 491 908 543 mihi
937 491 1192 541 molestus
1222 489 1312 550 sit,
1343 485 1398 539 id
1430 489 1516 539 est
1544 502 1710 540 nemo
1741 486 1879 540 mihi
1911 504 2092 557 quaes-

493 578 678 634 tiones
703 584 923 632 moveat
953 578 1021 631 de
1051 575 1470 630 circumcisione
1501 583 1558 629 et
1589 576 1875 630 sacriﬁciis
1896 577 2091 647 legali-

498 665 620 731 bus,
676 666 808 735 quia
853 666 1093 718 multum
1142 663 1372 718 tractavi
1415 664 1484 717 de
1534 664 1621 717 his
1664 664 1921 718 omnibus
1946 681 2090 736 saepe

495 754 800 810 vobiscum.
832 756 938 820 Ego
976 755 1125 807 enim
1165 756 1427 819 stigmata
1463 756 1593 807 Jrsu
1628 757 1689 808 in
1720 770 1944 822 corpore
1975 771 2090 809 meo

490 847 670 914 porto.
707 843 983 913 Stigmata
1008 848 1139 897 sunt
1163 847 1308 897 notae
1338 842 1619 897 servilium
1642 859 1955 914 poenarum,
1973 842 2092 913 qui-

2177 396 2263 450 nis
2308 395 2445 448 suis.
2494 394 2563 447 Et
2593 393 3140 465 beatus,Apostolus
3170 396 3424 467 stigmata
3449 399 3549 454 sive
3572 407 3702 458 notas

2174 484 2410 548 ferebat,
2443 500 2564 554 quae
2608 499 2709 553 pro
2761 484 2986 538 Christo
3036 484 3389 551 sustinuerat,
3417 488 3535 557 quia
3556 490 3705 546 adhuc

2175 574 2353 644 plaga:
2400 571 2684 640 virgarum
2733 576 2788 624 et
2835 572 3238 627 lacerationum
3275 574 3327 626 in
3370 591 3576 647 corpore
3611 581 3705 645 eius

2175 660 2540 732 apparebant,
2573 665 2629 713 et
2658 661 2937 730 quomodo
2976 663 3184 717 catenis
3213 662 3389 718 fuerat
3414 666 3644 722 astrictus
3663 673 3707 723 et

2174 767 2275 824 per
2303 750 2518 822 plateas
2547 754 2778 813 tractus,
2810 758 2913 804 etc.

1342 1055 1463 1130 IN
1512 998 2135 1131 EPISTOLAM
2183 1054 2339 1128 AD
2388 1051 2930 1129 EPHESIOS-

1025 1271 1554 1325 ARGUMENTUM.

567 1379 819 1448 Ephesus
858 1379 1051 1433 civitas
1082 1383 1167 1432 est
1196 1379 1340 1432 Asia:
1378 1384 1435 1433 et
1464 1378 1706 1441 Graeciae,
1740 1381 1900 1450 cujus
1931 1379 2091 1434 habi-

494 1470 707 1520 tatores
752 1468 976 1538 Ephesii
1006 1468 1375 1522 nominantur
1399 1485 1433 1521 a
1453 1468 1678 1522 nomine
1707 1486 1820 1523 sua)
1850 1469 2091 1524 civitatis

497 1570 668 1625 quam
693 1555 965 1610 incolunt.
994 1557 1065 1609 lli
1104 1561 1331 1627 accepto
1372 1556 1535 1610 verbo
1566 1558 1816 1611 veritatis
1841 1558 1911 1611 ab
1940 1560 2090 1629 Apo-

495 1643 639 1697 stolo
690 1645 1061 1716 perstiterunt
1105 1646 1163 1699 in
1210 1646 1340 1713 ﬁde,
1396 1662 1498 1700 nec
1552 1652 1886 1717 receperunt
1924 1647 2091 1701 falsos

497 1734 779 1804 apostolos
806 1734 950 1789 sicut
979 1740 1035 1789 et
1064 1735 1274 1789 Galatae
1314 1740 1370 1789 et
1413 1735 1526 1788 alii.
1559 1736 1644 1789 Ad
1672 1736 1771 1789 hos
1801 1752 1933 1807 ergo
1964 1752 2092 1790 cum

493 1821 737 1878 venisset
749 1825 1051 1894 Apostolus
1072 1825 1283 1879 mansit
1301 1841 1430 1879 cum
1452 1825 1530 1878 eis
1553 1842 1700 1879 anno
1712 1841 1824 1880 uno
1856 1831 1911 1879 et
1933 1842 2093 1879 men-

496 1911 661 1967 sibus
677 1930 790 1975 sex,
815 1913 1094 1968 instanter
1112 1914 1420 1985 praedicans
1448 1914 1677 1968 verbum
1707 1915 2010 1985 Evangelii.
2041 1919 2099 1968 et

494 2003 813 2057 confortans
835 2004 893 2057 in
923 2005 1031 2058 ﬁde
1057 2005 1366 2058 credentes.
1410 2006 1586 2059 Erant
1614 2012 1803 2059 autem
1848 2004 2004 2058 misti
2036 2004 2096 2058 in

495 2092 690 2147 eadem
707 2093 930 2147 civitate
962 2094 1109 2163 magi
1132 2101 1189 2147 et
1214 2094 1549 2164 philos0phi.
1563 2095 1734 2164 judaei
1753 2100 1809 2147 et
1830 2095 2090 2164 gentiles,

496 2185 692 2233 contra
714 2196 852 2249 quos
872 2182 1173 2250 Apostolus
1195 2181 1426 2234 viriliter
1447 2182 1717 2251 pugnavit
1738 2198 1838 2251 pro
1859 2182 2094 2235 veritate

503 2267 789 2338 Evangelii
820 2269 982 2339 quasi
1021 2270 1091 2322 ad
1120 2269 1351 2334 bestias,
1393 2270 1538 2324 sicut
1556 2270 1689 2323 alibi
1722 2270 1858 2323 dicit
1886 2286 1897 2319 :
1932 2271 1994 2325 Si
2022 2273 2096 2325 ad

501 2357 693 2409 bestias
718 2361 970 2424 pugnavi
994 2359 1201 2426 Ephesi,
1233 2360 1368 2427 quid
1400 2361 1541 2413 mihi
1560 2361 1777 2426 prodest
1796 2362 1847 2412 si
1883 2363 2096 2413 mortui

503 2460 615 2499 non
645 2452 982 2514 resurgunt?
1022 2448 1075 2515 (I
1119 2449 1239 2503 Cor.
1282 2454 1388 2516 xv.)
1432 2447 1591 2519 Ipsos
1631 2465 1763 2518 ergo
1798 2448 2094 2519 appellavit

501 2533 711 2589 bestias
756 2542 987 2607 pr0pter
1033 2537 1300 2592 saevitiam
1339 2544 1396 2592 et
1423 2544 1652 2609 propter
1680 2538 1941 2592 bestiales
1972 2555 2095 2592 mo-

499 2639 608 2679 res.
645 2625 896 2696 Ephesus
939 2625 1343 2698 interpretatur
1387 2631 1643 2681 voluntas
1685 2631 1745 2681 in
1783 2644 1864 2695 ea,
1900 2633 1957 2682 et
2001 2627 2097 2681 ubi

502 2714 766 2785 quoniam
799 2715 885 2769 ira
913 2717 1314 2786 omnipotentis
1344 2716 1443 2770 Dei
1470 2717 1655 2771 fuerat
1680 2723 1909 2788 propter
1926 2716 2099 2770 idolo-

504 2803 729 2857 latriam
761 2809 931 2875 atque
957 2806 1251 2871 maleﬁcia,
1267 2806 1340 2859 ibi
1364 2822 1464 2877 per
1480 2806 1931 2877 praedicationem
1954 2807 2098 2876 Apo-

503 2894 651 2957 stoli,
709 2894 966 2948 voluntas
1014 2896 1114 2949 Dei
1146 2895 1546 2967 omnipotentis
1571 2895 1860 2966 requievit.
1898 2896 2005 2950 Sed
2042 2900 2100 2949 et

2105 1269 2538 1340 Bsemetipsum
2594 1270 2849 1326 nominat
2900 1271 3233 1341 apostolum,
3277 1269 3407 1341 quia
3449 1285 3480 1322 a
3521 1266 3718 1322 Domino

2176 1358 2383 1412 missus
2408 1363 2511 1424 est,
2540 1359 2760 1413 dicente
2789 1360 2909 1430 ipso
2941 1360 3009 1412 ad
3041 1375 3170 1413 eum
3206 1377 3217 1412 :
3250 1359 3387 1412 Ecce
3416 1373 3509 1427 ego
3537 1356 3718 1409 mittam

2174 1451 2231 1501 te
2261 1447 2425 1518 longe
2450 1448 2508 1501 in
2528 1449 2786 1519 regiones
2811 1452 2867 1502 et
2883 1454 3080 1518 gentes
3111 1447 3165 1517 (Α
3178 1452 3245 1500 ct.
3268 1447 3428 1515 xxu).
3454 1446 3557 1499 Hoc
3582 1443 3717 1497 etiam

2174 1536 2379 1591 nomen
2407 1538 2776 1609 apostolatus,
2791 1537 3081 1608 dignitatis
3093 1553 3263 1590 causa
3283 1534 3481 1606 posuit,
3503 1539 3560 1588 ut
3578 1531 3720 1602 majoo

2173 1625 2252 1678 ris
2264 1625 2491 1680 honoris
2507 1628 2755 1697 essentej
2766 1644 2829 1681 us
2850 1627 3109 1697 Epistolas
3124 1625 3272 1696 apud
3295 1623 3721 1692 auditores.Apos-

2173 1715 2417 1768 tolorum
2458 1720 2647 1769 autem
2677 1731 2887 1785 genera
2925 1720 3059 1769 sunt
3087 1718 3331 1785 quatuor
3363 1729 3374 1764 :
3406 1712 3632 1765 Primum
3655 1713 3722 1762 est

2180 1804 2326 1874 quod
2351 1820 2534 1874 neque
2555 1804 2624 1857 ab
2646 1804 2967 1858 hominibus
2996 1808 3100 1868 est,
3125 1819 3307 1874 neque
3340 1817 3437 1873 per
3462 1798 3720 1861 hominem,

2179 1894 2277 1947 sed
2297 1910 2331 1946 a
2349 1894 2463 1947 Deo
2484 1894 2876 1948 tantummodo
2893 1912 2904 1947 :
2929 1893 2998 1947 de
3018 1908 3257 1964 quorum
3289 1906 3516 1945 numero
3535 1888 3725 1941 fuerunt

2179 1983 2398 2054 Moyses
2424 1988 2479 2036 et
2508 1982 2702 2047 Isaias,
2744 1981 2949 2053 aliique
2973 1979 3375 2052 quamplurimi
3405 1977 3661 2049 prophetae
3682 1978 3726 2028 et

2177 2072 2414 2143 apostoli
2447 2084 2458 2118 ε
2491 2071 2585 2142 qui
2620 2071 2873 2142 quamvis
2923 2070 2991 2124 ab
3038 2070 3265 2123 homine
3316 2067 3530 2123 Christo
3575 2072 3727 2120 essent

2177 2161 2352 2226 missi,
2385 2167 2577 2215 tamen
2604 2162 2723 2232 ipse
2753 2161 2919 2214 homo
2948 2166 3071 2214 erat
3106 2166 3164 2212 et
3192 2175 3356 2212 verus
3387 2159 3544 2212 Deus.
3575 2152 3718 2224 Moysi

2178 2250 2387 2305 dictum
2415 2256 2531 2304 est:
2557 2251 2777 2303 Mittam
2799 2254 2845 2303 te
2873 2251 2947 2303 ad
2968 2251 3317 2303 Pharaonem
3348 2246 3528 2310 (Exod.
3552 2244 3630 2313 ιιι)
3650 2261 3661 2309 ;
3685 2247 3727 2295 et

2178 2339 2486 2407 Isaiaatlsa.
2518 2344 2589 2407 v1)
2626 2356 2638 2391 :
2676 2340 2844 2406 Quem
2882 2340 3104 2391 mittam
3130 2342 3154 2388 ?
3194 2342 3242 2389 et
3280 2339 3407 2404 quis
3444 2336 3539 2387 ibit
3567 2333 3727 2386 nobis?

2178 2430 2247 2483 Et
2265 2430 2356 2483 ille
2393 2447 2404 2480 :
2438 2430 2566 2482 Ecce
2595 2445 2705 2497 ego,
2738 2431 2895 2481 mitte
2924 2443 3029 2480 me.
3058 2427 3127 2480 Et
3150 2424 3418 2481 Dominus
3454 2442 3465 2476 :
3507 2420 3727 2487 l’adetin-

2179 2518 2320 2589 quit)
2349 2520 2422 2571 ad
2446 2520 2713 2587 populum
2743 2517 2931 2572 (Exod.
2966 2519 3072 2580 xxx)
3107 2515 3299 2569 istum.
3339 2512 3629 2569 Secundum
3648 2524 3727 2579 ge-

2179 2624 2287 2661 nus
2316 2623 2350 2660 a
2386 2607 2500 2661 Deo
2547 2611 2649 2672 est,
2694 2606 2786 2660 sed
2823 2622 2922 2677 per
2949 2604 3254 2660 hominem.
3288 2603 3361 2656 de
3390 2617 3611 2674 quorum
3641 2613 3726 2652 nuo

2179 2712 2337 2749 moro
2368 2695 2474 2750 fuit
2502 2697 2690 2761 Josue,
2723 2693 2817 2765 qui
2858 2694 2972 2747 Deo
3018 2692 3380 2763 praecipiente
3415 2709 3508 2763 per
3538 2689 3729 2758 Moysen

2179 2785 2384 2839 missus
2411 2791 2514 2850 est,
2548 2784 2754 2854 aliique
2784 2781 3203 2853 quamplurimi,
3239 2782 3336 2852 qui
3367 2779 3519 2835 electi
3547 2775 3730 2831 vocibus

2180 2875 2371 2945 pOpuli
2401 2890 2500 2945 pro
2533 2873 2746 2927 meritis
2771 2873 2891 2926 vitze
2924 2872 3035 2924 Deo
3066 2871 3280 2924 volente
3298 2870 3460 2923 electi
3476 2875 3612 2933 sunt,
3628 2864 3733 2936 quia

500 2983 605 3037 hoc
633 2954 942 3040 sciendum.
977 2985 1110 3056 quia
1131 2985 1272 3038 hanc
1304 2954 1605 3055 Epistolam
1636 2954 1704 3037 de
1735 2986 1929 3045 Roma,
1956 2954 2163 3055 posi-C
2184 2964 2438 3056 νλοίιιηῖεε
2488 2962 2677 3034 Populi
2723 2960 3025 3056 aliflufuldo
3069 2960 3329 3056 _V°l"“t§‘3
3371 2957 3468 3012 Dei
3505 2954 3731 3056 ?9t-_Ter'

502 3077 595 3126 tus
622 3072 679 3125 in
710 3088 951 3138 carcere,
984 3090 1084 3144 per
1110 3074 1412 3143 Tychicum
1446 3074 1745 3127 Diaconem
1778 3073 1932 3127 misit
1960 3073 2039 3127 eis
2084 3090 2095 3125 :

504 3165 560 3215 et
591 3178 732 3233 pene
767 3162 1026 3216 omnibus
1057 3162 1321 3232 Epistolis
1350 3162 1634 3219 difﬁcilior
1672 3167 1770 3223 est,
1805 3161 1937 3232 quia
1954 3161 2099 3215 sicut

428 3276 432 3280 -
505 3266 602 3304 cor
626 3250 683 3304 in
715 3252 897 3305 medio
919 3250 1147 3313 ventris,
1165 3251 1246 3304 ita
1274 3251 1382 3304 ista
1410 3250 1466 3303 in
1496 3250 1680 3305 medio
1698 3267 1929 3321 corpore
1944 3250 2097 3321 Epis-

502 3340 745 3394 tolarum
775 3340 1051 3395 consistit.

1012 3447 1245 3503 CAPUT
1283 3445 1596 3504 PRIMUM.

577 3558 805 3611 Paulus.
836 3554 1000 3610 Multi
1029 3560 1287 3626 quaerunt
1315 3570 1489 3625 quare
1507 3553 1827 3624 Apostolus,
1857 3552 2103 3623 quiante

508 3645 710 3700 Saulus
727 3644 1028 3699 vocabatur
1044 3661 1210 3714 quam
1237 3644 1307 3697 ad
1325 3643 1491 3697 ﬁdem
1514 3644 1952 3713 veniret,postea
1966 3643 2105 3697 Pau-

506 3735 596 3788 lus
642 3734 717 3787 sit
758 3734 1092 3804 appellatus.
1138 3734 1217 3787 Ex
1264 3750 1373 3804 qua
1416 3732 1722 3804 quaestione
1767 3732 1986 3786 diversa
2018 3736 2104 3786 est

508 3822 815 3876 auctoritas
846 3824 1097 3877 Patrum.
1142 3822 1350 3877 Beatus
1382 3822 1754 3893 Hieronymus
1784 3821 1938 3887 dicit,
1972 3821 2105 3892 quia

507 3929 541 3967 a
569 3912 752 3984 primo
781 3912 958 3984 spolio
979 3912 1123 3984 quod
1155 3912 1390 3967 abstulit
1418 3912 1659 3976 diabolo,
1695 3920 1752 3965 et
1780 3911 1972 3966 attulit
2003 3912 2104 3964 Ec-

508 4003 933 4065 clesiae,Paulus
955 4002 1028 4057 sit
1043 4002 1356 4074 appellatus
1386 4019 1418 4056 a
1447 4003 1621 4056 Paulo
1653 4001 1868 4071 Sergio,
1893 4000 2105 4054 scilicet

507 4094 626 4147 viro
646 4093 929 4164 prudenti,
963 4109 1127 4163 quem
1151 4093 1373 4146 Christo
1404 4090 1713 4162 acquisivit.
1752 4090 1897 4144 Dicit
1934 4090 2105 4143 etiam

505 4181 706 4236 beatus
728 4182 1106 4251 Hieronymus
1138 4180 1272 4251 quia
1291 4180 1628 4233 humilitatis
1668 4195 1836 4232 causa
1865 4179 2107 4249 appella-

508 4270 589 4324 vit
614 4286 672 4322 se
698 4270 956 4329 Paulum,
992 4267 1150 4339 quasi
1183 4268 1484 4322 modicum.
1528 4269 1674 4322 Nam
1723 4268 1952 4338 paulum
1993 4268 2167 4368 siveD

508 4358 821 4431 paululum,
856 4357 1137 4411 modicum
1169 4356 1420 4420 dicimus,
1448 4362 1512 4411 ut
1535 4357 1592 4410 in
1607 4356 1839 4426 Virgilio
1868 4356 2107 4411 habetur

511 4448 579 4504 de
608 4446 999 4503 Achaemenide
1030 4446 1274 4517 fugiente
1305 4446 1711 4518 Polyphemum
1742 4465 1751 4500 :

603 4556 760 4620 Atque
792 4556 954 4618 procul
983 4554 1181 4617 paulum
1200 4558 1455 4616 conspectu
1485 4552 1682 4603 territus
1707 4552 1864 4602 haesit.

508 4666 747 4722 Paulum
810 4664 959 4719 enim
1008 4679 1109 4735 pro
1156 4663 1447 4734 paululum
1494 4662 1699 4733 posuit.
1745 4661 1834 4717 Sic
1875 4666 1933 4716 et
1985 4661 2106 4732 ipse

509 4756 812 4829 Apostolus
831 4753 967 4808 alibi
1003 4753 1084 4806 ait
1115 4769 1126 4804 :
1161 4753 1301 4806 Mihi
1330 4755 1583 4806 omnium
1614 4754 1852 4805 minimo
1880 4753 2011 4805 data
2032 4757 2107 4805 est

511 4849 698 4913 gratia
727 4845 935 4913 (Ephes.
968 4847 1071 4910 ιιι),
1105 4847 1161 4896 et
1188 4860 1200 4895 :
1232 4843 1343 4909 Ego
1379 4858 1504 4895 sum
1536 4844 1807 4895 minimus
1837 4841 2109 4908 Apostolo-

513 4948 644 4987 rum
669 4934 718 4999 (Ι
743 4934 864 4987 Cor.
897 4940 1007 4994 xv).
1044 4931 1284 4995 Quidam
1315 4930 1487 4984 etiam
1525 4929 1720 4984 dicunt
1750 4930 1907 4984 illum
1936 4929 2108 4984 fuisse

516 5020 845 5087 binomium,
877 5024 941 5075 ut
969 5019 1258 5077 Claudius.
1299 5019 1449 5090 quod
1495 5018 1829 5073 auctoritate
1874 5018 2107 5072 Patrum

513 5126 627 5173 non
674 5108 991 5164 roboratur.
1038 5109 1403 5163 Auctoritatis
1449 5115 1639 5163 autem
1682 5124 1853 5162 causa
1900 5124 2108 5162 nomen

515 5215 680 5257 suum
728 5198 917 5270 posuit
972 5197 1028 5252 in
1069 5197 1326 5252 omnibus
1371 5198 1631 5269 Epistolis
1689 5198 1821 5261 suis,
1883 5204 2109 5268 praeter-

516 5305 684 5361 quam
733 5288 805 5363 ad
856 5286 1136 5350 Hebraeos,
1171 5287 1339 5342 veluti
1382 5288 1563 5343 solent
1601 5287 1781 5342 facere
1810 5287 1915 5342 hoc
1944 5287 2108 5342 modo

512 5396 676 5451 reges
704 5391 715 5426 ε
743 5379 892 5433 Nero
921 5377 1229 5448 imperator
1258 5378 1478 5432 Senecae
1518 5393 1618 5432 suo
1657 5378 1917 5432 salutem.
1948 5378 2111 5445 Apos-

524 5472 685 5528 tolus.
732 5468 852 5525 Hoc
892 5484 1099 5525 nomen
1138 5468 1394 5524 Graecum
1444 5472 1548 5535 est,
1594 5467 1727 5523 licet
1764 5466 1993 5540 quidam
2031 5467 2111 5522 di-

519 5562 650 5615 cant
688 5558 987 5617 Hebraeum
1037 5562 1095 5614 et
1136 5558 1543 5631 interpretatur
1582 5560 1801 5614 missus.
1846 5558 1915 5613 Et
1957 5560 2111 5614 recte

2179 3053 2323 3108 tium
2342 3069 2519 3123 genus
2550 3057 2636 3105 est
2665 3051 2811 3121 quod
2843 3050 2911 3103 ab
2932 3048 3159 3102 homine
3178 3047 3561 3101 tantummodo
3581 3050 3629 3098 et
3645 3058 3733 3096 non

2181 3160 2215 3197 a
2243 3144 2378 3208 Deo,
2411 3159 2538 3196 cum
2580 3140 2767 3194 favore
2812 3140 3100 3192 hominum
3132 3137 3338 3207 aliquis
3368 3136 3599 3208 eligitur,
3644 3146 3731 3185 non

2180 3249 2281 3304 pro
2305 3232 2452 3286 bona
2479 3229 2919 3294 conversatione,
2942 3244 3125 3298 neque
3153 3242 3326 3280 causa
3358 3223 3641 3295 religionis,
3660 3219 3735 3273 sed

2181 3321 2362 3393 pretio
2392 3320 2730 3390 subrogatur
2748 3319 2807 3372 in
2826 3316 3125 3371 sacerdotii
3152 3315 3492 3384 dignitatem
3519 3331 3528 3365 :
3551 3312 3611 3366 de
3623 3323 3735 3380 quo-

2182 3428 2310 3466 rum
2339 3426 2573 3465 numero
2588 3409 2723 3462 dicit
2749 3407 2848 3463 uni
2874 3406 3070 3460 beatus
3085 3404 3420 3458 Ambrosius
3450 3419 3460 3452 :
3486 3401 3529 3456 Ο
3558 3398 3738 3470 episco-

2184 3519 2272 3579 pe,
2307 3517 2433 3554 vere
2461 3500 2568 3553 nisi
2597 3505 2819 3553 centum
2844 3496 3069 3559 solidos,
3091 3494 3364 3556 dedisses,
3393 3490 3550 3546 hodie
3569 3488 3736 3559 episco-

2185 3572 2291 3664 pus
2319 3607 2432 3645 non
2462 3606 2633 3643 esses.
2669 3588 2745 3641 De
2789 3586 3024 3640 istorum
3056 3584 3225 3637 etiam
3256 3597 3495 3637 numero
3519 3583 3661 3634 erant
3678 3572 3741 3628 illi

2186 3682 2255 3735 de
2283 3680 2484 3752 quibus
2513 3677 2721 3732 dicitur
2748 3676 2805 3729 in
2834 3675 2977 3729 libro
3000 3676 3235 3743 Regum,
3278 3671 3415 3742 quia
3438 3664 3740 3739 temporibus

2185 3769 2481 3825 Jeroboam
2512 3765 2824 3838 implebant
2843 3779 3045 3817 manus
3084 3777 3234 3824 suas,
3267 3766 3327 3813 et
3358 3758 3563 3814 ﬁebant
3587 3768 3739 3809 sacer-

2186 3859 2343 3913 dotes
2372 3858 2649 3911 idolorum
2681 3855 2787 3924 (ΙΙῙ
2810 3856 2930 3920 ch.
2965 3851 3107 3920 xm).
3152 3849 3432 3912 Quartum
3473 3862 3636 3916 genus
3657 3843 3740 3902 est,

2186 3947 2333 4019 quod
2365 3962 2546 4016 neque
2575 3961 2609 3997 a
2640 3944 2772 4005 Deo,
2815 3957 2996 4011 neque
3038 3956 3137 4010 per
3164 3937 3473 4002 hominem,
3505 3932 3596 3989 sed
3619 3948 3648 3985 a
3669 3945 3742 3984 se-

2188 4035 2427 4106 metipso
2456 4035 2538 4099 ﬁt,
2554 4038 2617 4087 ut
2644 4035 2777 4086 sunt
2799 4027 3297 4100 pscudoprophetae
3328 4032 3387 4079 et
3409 4023 3745 4096 pseudoapos-

2189 4125 2308 4189 toli,
2343 4123 2437 4194 qui
2467 4123 2695 4176 dicunt:
2732 4120 2859 4173 Hec
2884 4117 3021 4171 dicit
3040 4115 3330 4179 Dominus,
3357 4130 3485 4169 cum
3517 4109 3747 4166 Dominus

2190 4230 2303 4269 non
2333 4211 2549 4266 miserit
2573 4226 2686 4265 eos.
2731 4207 3029 4263 Sciendum
3073 4205 3264 4269 etiam,
3307 4204 3442 4275 quia
3480 4202 3618 4256 inter
3640 4198 3749 4250 istos

2190 4320 2384 4359 omnes
2412 4308 2546 4356 sunt
2561 4300 2787 4372 quidam
2810 4304 2980 4353 tantae
3000 4293 3310 4365 dignitatis,
3337 4298 3402 4347 ut
3423 4297 3480 4346 et
3506 4288 3747 4361 prophetae

2189 4399 2246 4448 et
2275 4392 2513 4463 apostoli
2543 4391 2675 4454 sint,
2704 4395 2769 4442 ut
2797 4387 3039 4459 Moyses,
3067 4382 3359 4445 Jeremias,
3393 4380 3584 4445 Isaias,
3608 4378 3749 4430 Joan-

2187 4496 2287 4534 nes
2317 4479 2595 4551 Baptista,
2629 4492 2737 4547 quo
2770 4474 2975 4528 dicitur
3005 4492 3016 4526 :
3045 4473 3172 4527 Ecce
3205 4487 3296 4538 ego
3336 4473 3495 4523 mitto
3523 4466 3747 4533 angelum

2189 4586 2373 4623 meum
2408 4550 2547 4622 ante
2582 4568 2782 4634 faciem
2827 4568 2981 4617 tuam
3019 4562 3216 4631 (Marc.
3249 4563 3311 4626 ι),
3345 4575 3413 4612 ex
3445 4556 3637 4628 quibus
3658 4550 3751 4604 fue-

2190 4664 2325 4712 runt
2352 4656 2609 4728 apostoli,
2631 4655 2725 4726 qui
2749 4652 2977 4726 praemia
3004 4651 3405 4713 electorum,et
3426 4646 3572 4701 mala
3594 4654 3753 4711 repro-

2189 4747 2388 4801 borum
2418 4746 2535 4800 suis
2566 4744 2944 4817 praedixerunt
2973 4738 3323 4796 auditoribus
3357 4756 3369 4789 :
3399 4734 3621 4808 quidam
3650 4741 3754 4783 vero

2190 4836 2539 4892 solummodo
2569 4834 2850 4906 prophetae
2880 4831 3060 4885 ofﬁcio
3089 4828 3538 4898 fungunturJesu
3558 4818 3750 4906 Christi.

2191 4928 2352 4981 Jesus
2380 4902 2583 4979 nomen
2612 4902 2697 4978 est
2722 4920 2963 4976 hominis
2993 4917 3268 4989 assumpti
3293 4933 3328 4969 a
3349 4913 3533 4981 verbo,
3552 4912 3683 4966 sicut
3697 4902 3755 4960 ad

2192 5015 2429 5071 Mariam
2460 5014 2691 5085 angelus
2734 5011 2814 5065 ait
2845 5027 2857 5062 :
2915 5010 3201 5063 Vocabitur
3240 5021 3440 5059 nomen
3478 5006 3591 5072 ejus
3626 5001 3755 5054 Jesus

2195 5108 2337 5172 (Luc.
2392 5108 2493 5169 11);
2546 5101 2802 5157 Christus
2845 5114 2973 5152 vero
3015 5111 3218 5150 nomen
3261 5099 3346 5148 est
3384 5088 3680 5164 dignitatis.
3717 5084 3755 5138 Α

2191 5195 2495 5250 chrismate
2524 5192 2693 5253 enim,
2723 5190 2777 5244 id
2803 5195 2888 5243 est
2909 5186 2978 5242 ab
3004 5185 3265 5240 unctione
3286 5183 3491 5238 dicitur
3512 5178 3755 5235 Christus.

2191 5286 2336 5340 Nam
2369 5284 2512 5338 sicut
2539 5281 2685 5353 apud
2715 5280 2996 5335 Romanos
3011 5275 3270 5329 diadema
3290 5279 3347 5329 et
3359 5284 3602 5345 purpura
3621 5276 3755 5353 reges

2192 5374 2345 5442 facit,
2375 5373 2455 5426 ita
2483 5350 2713 5443 antiquo
2734 5379 2986 5439 tempore
3011 5366 3158 5437 apud
3182 5364 3400 5419 Judaeos
3424 5358 3611 5416 unctio
3630 5350 3757 5408 chri-

2192 5465 2388 5524 smatis
2438 5480 2598 5537 reges
2644 5467 2703 5517 et
2729 5458 3046 5514 sacerdotes
3088 5454 3329 5510 faciebat
3375 5456 3483 5540 :ret
3508 5464 3607 5522 per
3630 5443 3758 5540 illurn

2191 5556 2516 5615 unctionem
2554 5550 2850 5619 visibilem,
2883 5545 3218 5604 invisibilem
3248 5539 3607 5601 merebantur
3633 5546 3758 5590 acci-
