3966 6156
261 286 365 346 701

934 286 1323 395 EXPOSITIO
1353 287 1433 343 IN
1444 285 1617 342 EPP.
1642 286 1709 343 -S.
1738 286 1981 344 PAULI.
2015 317 2081 332 —
2110 289 2191 346 IN
2222 287 2444 344 EPIST.
2476 287 2573 344 AD
2612 287 2864 345 EPIIES.

3435 287 3543 348 7-02

256 430 398 487 pere
415 416 660 486 gratiam
675 416 920 488 Spiritus
934 414 1112 470 sancti
1130 428 1146 468 :
1162 413 1315 467 verbi
1334 413 1575 483 gratiam
1603 432 1613 468 :
1641 414 1790 468 sicut
1808 414 1867 469 in
1885 415 1933 474 A
1953 414 2049 484 qui
2069 419 2154 469 est
2168 415 2336 469 Pater
2358 414 2582 469 Domini
2608 414 2787 468 nostri
2830 412 2861 467 J
2866 429 2967 468 esu
3023 412 3251 480 Christi,
3284 414 3389 469 hoc
3433 420 3541 485 est,

256 503 603 576 baptismate
626 507 790 560 modo
811 505 1097 577 accipiunt
1116 503 1407 557 credentes
1429 503 1672 574 Spiritus
1690 503 1868 557 sancti

253 593 429 648 dona.
465 594 722 650 Christus
753 612 883 650 vero
914 611 1026 648 non
1056 598 1140 648 est
1168 596 1369 647 unctus
1388 593 1511 646 oleo
1540 592 1865 655 visibili,sed

252 683 614 754 plenitudine
645 684 889 755 Spiritus
919 688 1148 738 sanctus
1178 683 1445 753 repletus,
1476 682 1545 735 de
1576 698 1686 752 quo
1733 681 1869 735 dicit

252 772 602 827 Psalmista:
640 774 806 827 Unan't
845 778 891 826 te
932 774 1091 838 Deus,
1138 774 1280 826 Deus
1316 777 1468 832 tuus,
1514 773 1625 824 oleo
1668 774 1867 825 latitia

250 860 492 932 (Psalm.
525 863 694 930 κων).
728 861 936 916 Paulus
966 876 1102 931 ergo
1133 861 1420 932 apostolus
1440 868 1523 913 est
1540 860 1671 914 Jesu
1701 859 1865 914 Chri-

251 949 349 1016 sti,
387 951 528 1021 quia
553 951 623 1005 ab
652 951 748 1005 illo
788 956 873 1005 est
921 951 1152 1012 electus,
1184 955 1241 1004 et
1269 949 1340 1004 ab
1364 949 1459 1003 illo
1490 954 1576 1002 est
1634 949 1863 1003 missus.

250 1041 362 1095 Per
380 1042 724 1094 voluntatem
750 1038 1143 1100 Dei,subaudis
1162 1038 1505 1093 Patris.ldeo
1519 1042 1710 1092 autem
1731 1038 1868 1093 dicit

245 1144 355 1198 per
380 1133 734 1184 voluntatem
766 1131 863 1183 Dei
888 1131 1092 1189 Patris,
1128 1127 1261 1199 quia
1302 1128 1560 1182 voluntas
1615 1144 1730 1181 una
1781 1132 1868 1181 est

252 1216 449 1271 Patris
481 1225 541 1273 et.
559 1217 910 1273 Filii.0mnis
942 1217 1206 1271 salutatio
1228 1216 1605 1288 Epistolarum
1625 1216 1863 1270 istarum

250 1312 452 1378 potest
485 1307 655 1361 etiam
687 1308 871 1361 media
899 1306 1183 1361 distinctio
1212 1306 1271 1360 in
1313 1306 1417 1359 hoc
1445 1306 1567 1359 loco
1596 1322 1736 1371 esse,
1766 1306 1865 1360 ubi

249 1394 400 1449 dixit
419 1398 492 1449 in
520 1395 733 1450 Christo
751 1397 896 1461 Jesu,
920 1401 982 1449 ut
1011 1395 1241 1466 quidam
1278 1394 1619 1464 simplicium
1649 1393 1861 1460 dicunt,

248 1487 308 1538 et
336 1489 552 1555 postea
578 1483 896 1550 subinferri,
927 1487 1114 1551 gratia
1161 1485 1339 1546 vobis;
1405 1483 1503 1537 sed
1554 1483 1754 1537 melius
1809 1486 1866 1536 et

248 1573 670 1644 congruentius
700 1579 787 1628 est
811 1574 1115 1644 perfectam
1147 1573 1562 1628 distinctionem
1592 1572 1668 1626 ibi
1691 1588 1865 1642 pone-

1949 504 2192 559 hominis
2217 522 2251 559 a
2282 522 2341 559 se
2374 505 2665 574 assumpti.
2704 504 2880 557 Homo
2912 504 3188 574 siquidem
3218 510 3542 575 assumptus

1950 611 1981 647 a
2010 592 2192 647 Verbo
2223 593 2397 647 totius
2422 593 2714 647 Trinitatis
2743 593 3070 662 Operatione
3094 593 3367 646 formatus
3389 593 3544 649 estin

1949 687 2108 736 utero
2132 681 2386 750 virginali
2431 681 2613 734 Ethoc
2641 681 3064 743 attendendum,
3086 681 3216 751 quia
3232 698 3266 734 a
3289 681 3545 739 laudibus

1948 776 2004 824 et
2028 769 2509 825 benedictionibus
2558 770 2787 824 inchoat
2844 771 3163 841 Apostolus,
3197 771 3343 825 sicut
3396 771 3545 825 soliti

1948 866 2079 914 sunt
2104 876 2270 930 agere
2292 859 2470 913 sancti
2506 859 2717 916 Patres.
2753 864 2809 913 et
2835 859 3118 913 benedixit
3141 860 3339 924 Deum,
3372 876 3407 913 a
3434 876 3545 931 quo

1944 949 2139 1004 omnia
2177 966 2299 1019 quae
2348 947 2597 1003 benedici
2628 954 2932 1014 merentur,
2966 948 3392 1003 benedicuntur.
3436 951 3546 1016 Qui

1950 1040 2222 1092 benedixit
2252 1053 2349 1091 nos
2377 1041 2440 1092 in
2469 1037 2624 1091 omni
2653 1039 3016 1091 benedictione
3044 1041 3292 1106 spiritali
3321 1042 3381 1111 in
3399 1041 3543 1093 rale-

1947 1129 2119 1182 stibus
2147 1130 2209 1181 in
2235 1128 2470 1183 Christo.
2504 1127 2645 1181 Cum
2676 1126 2835 1192 dixit,
2870 1130 2931 1179 in
2962 1131 3119 1181 omni
3156 1129 3539 1194 benedictione,

1946 1217 2079 1287 quid
2108 1233 2337 1271 necesse
2365 1214 2474 1270 fuit
2502 1215 2729 1276 addere,
2760 1218 3010 1283 spiritali
3026 1217 3109 1269 vel
3140 1219 3200 1269 in
3223 1219 3538 1280 caelestibus,

1944 1307 2028 1360 vel
2058 1309 2122 1360 in
2151 1307 2365 1360 Christo
2388 1309 2411 1357 ν
2439 1305 2581 1369 Quia
2610 1309 2695 1358 est
2721 1304 3034 1358 benedictio
3054 1306 3400 1375 temporalis.
3424 1322 3540 1360 non

1946 1396 2004 1449 in
2032 1395 2350 1449 coelestibus
2377 1395 2490 1448 sive
2522 1395 2578 1447 in
2604 1394 2848 1457 Christo,
2878 1399 2934 1447 et
2952 1400 3193 1447 terrena.
3222 1395 3544 1449 Benedictio

1946 1484 2271 1555 temporalis
2301 1489 2385 1536 est
2402 1484 2565 1537 turba
2589 1484 2852 1548 ﬁliorum,
2878 1483 3214 1537 famulorum
3245 1490 3414 1554 atque
3443 1499 3549 1537 an-

1946 1574 2204 1627 cillarum
2232 1592 2242 1626 :
2270 1572 2593 1627 Benedictio
2619 1577 2862 1631 terrena.
2897 1572 3217 1627 divitiarum
3242 1573 3550 1626 exuberan-

246 1678 327 1717 re.
357 1662 437 1716 Et
477 1679 610 1717 cum
637 1662 1033 1717 subauditione
1079 1665 1312 1716 salutem
1348 1661 1502 1727 dicit,
1544 1678 1610 1714 ac
1663 1661 1866 1715 deinde
1948 1662 2028 1717 tia
2056 1669 2113 1716 et
2140 1664 2386 1733 frugum.
2421 1662 2554 1726 Quae
2586 1662 2754 1715 etiam
2776 1661 3093 1715 benedictio
3123 1678 3300 1732 usque
3331 1661 3397 1714 ad
3422 1661 3546 1715 ani-

245 1751 432 1805 alium
449 1767 677 1806 versum
692 1752 798 1805 inci
805 1752 1160 1822 pere,Gratia
1174 1752 1321 1805 vobis
1341 1756 1390 1804 et
1404 1767 1546 1820 pax:
1570 1749 1701 1821 quia
1719 1750 1868 1820 quod
1885 1734 1931 1795 Β
1950 1752 2161 1806 mantia
2192 1750 2465 1822 pervenit,
2508 1750 2651 1804 sicut
2683 1751 2890 1820 legitur
2914 1751 2969 1803 in
3010 1750 3233 1811 Genesi,
3262 1751 3409 1821 quod
3458 1749 3550 1804 be-

245 1840 391 1895 dicit
420 1842 686 1894 omnibus
712 1843 919 1894 sanctis
954 1843 1053 1909 qui
1078 1845 1209 1893 sunt
1241 1840 1454 1907 Ephesi,
1491 1839 1728 1893 salutem
1764 1855 1865 1909 op-
1950 1840 2162 1895 nedixit
2190 1841 2339 1894 Deus
2357 1839 2509 1893 omni
2530 1845 2818 1906 creaturae,
2844 1839 3033 1893 dicens
3056 1852 3068 1887 ῖ
3090 1841 3319 1895 Crescite
3338 1844 3387 1893 et
3408 1842 3552 1893 mul—

243 1934 352 1996 tat,
388 1929 571 1983 tertia
596 1945 831 2000 persona
861 1935 968 1997 est,
999 1945 1168 2000 quam
1198 1928 1437 1999 requirit
1461 1928 1642 1981 omnis
1662 1928 1867 1981 saluta-
1951 1933 2307 1999 tiplicamini,
2345 1934 2396 1982 et
2416 1933 2611 1997 replete
2638 1934 2842 1982 terram
2861 1928 3011 1993 (Gen.
3038 1928 3445 1997 I).Benedictio
3461 1945 3551 1982 ve-

244 2018 329 2072 tio
355 2036 369 2071 :
408 2023 475 2072 et
506 2018 656 2088 quod
694 2017 993 2081 subnectit,
1024 2018 1219 2073 Gratia
1266 2019 1436 2084 vobis,
1460 2019 1579 2087 jam
1624 2017 1868 2071 secunda
1950 2035 2013 2073 ro
2044 2018 2355 2090 spiritualis
2377 2023 2433 2073 et
2463 2022 2693 2082 aeterna,
2726 2022 2783 2070 et
2802 2017 2958 2083 ﬁdes,
2991 2034 3138 2088 spes,
3163 2018 3424 2081 charitas,
3444 2033 3550 2070 cae-

245 2123 512 2179 persona
535 2112 638 2171 est,
671 2107 740 2161 ad
762 2123 930 2179 quam
953 2105 1174 2160 debitus
1198 2106 1544 2161 convertitur
1570 2111 1761 2176 postea
1783 2122 1868 2159 sa-
1951 2114 2196 2179 teraeque
2223 2109 2475 2162 virtutes.
2508 2107 2573 2161 In
2601 2106 2918 2160 coelestibus
2939 2123 3069 2160 vero
3100 2107 3409 2160 subnexum
3441 2111 3546 2172 est,

246 2196 562 2251 lutationis
580 2211 799 2251 sermo:
830 2213 1005 2267 quare
1037 2201 1227 2251 autem
1257 2196 1413 2262 dicit,
1446 2212 1572 2249 cum
1612 2198 1868 2249 omnibus
1952 2198 2113 2269 quasi
2139 2198 2207 2251 de
2235 2196 2552 2250 ccelestibus
2585 2196 2744 2266 :quia
2772 2212 2930 2248 omne
2972 2197 3168 2248 datum
3199 2198 3473 2263 optimum
3503 2200 3550 2248 et

246 2289 470 2340 sanctis
504 2292 555 2339 et
578 2288 827 2352 ﬁdelibus
850 2292 873 2339 Ρ
900 2286 1044 2350 Quia
1075 2302 1185 2339 non
1215 2301 1411 2339 omnes
1451 2285 1641 2338 ﬁdeles
1690 2285 1871 2339 sancti

246 2380 409 2429 sunt.
440 2368 594 2430 Sunt
614 2376 764 2429 enim
793 2375 1180 2430 catechumeni
1210 2375 1422 2440 fideles,
1458 2374 1591 2445 quia
1635 2375 1873 2428 credunt

244 2462 309 2517 in
334 2479 552 2517 verum
574 2463 773 2527 Deum,
805 2463 903 2517 sed
933 2463 1065 2534 quia
1094 2463 1345 2517 nondum
1399 2468 1533 2516 sunt
1581 2462 1868 2533 baptizati,

245 2568 369 2606 non
403 2557 553 2606 sunt
581 2551 918 2606 sanctildeo
941 2552 1157 2605 addidit
1182 2555 1243 2604 in
1289 2552 1500 2605 Christo
1544 2554 1690 2615 Jesu,
1741 2551 1871 2621 quia

247 2646 394 2695 sunt
426 2640 601 2694 multi
630 2641 725 2711 qui
750 2646 884 2694 sunt
912 2641 1123 2703 ﬁdeles,
1157 2640 1251 2693 sed
1268 2655 1380 2693 non
1400 2639 1458 2693 in
1480 2640 1699 2694 Christo
1715 2641 1868 2694 Jesu:

248 2731 410 2785 sicut
461 2736 602 2783 sunt
638 2730 799 2788 servi.
825 2730 916 2800 qui
951 2746 1061 2783 non
1102 2729 1226 2783 ideo
1253 2734 1385 2782 sunt
1409 2728 1602 2782 ﬁdeles
1628 2729 1871 2782 dominis

249 2820 399 2885 suis,
429 2824 504 2873 ut
536 2818 772 2889 gratiam
796 2819 929 2872 Jesu
955 2818 1163 2872 Christi
1196 2817 1501 2882 inveniant,
1517 2817 1611 2870 sed
1628 2817 1871 2886 gratiam

249 2908 633 2962 dominorum
666 2924 913 2973 suorum,
939 2913 995 2960 et
1023 2906 1153 2976 quia
1183 2906 1386 2959 timent
1416 2905 1689 2975 ﬂagellari
1722 2904 1790 2957 ab
1811 2905 1874 2958 il-

246 2996 341 3051 lis.
378 2996 515 3051 lllis
547 3013 678 3066 ergo
711 2996 1010 3067 Apostolus
1040 3001 1199 3065 optat
1217 2995 1454 3048 salutem
1486 3011 1597 3065 qua
1633 2994 1874 3048 sanctiﬁ-

250 3086 368 3141 cati
398 3090 551 3139 sunt
578 3084 634 3138 in
659 3084 1016 3156 baptismate,
1053 3090 1109 3138 et
1138 3084 1330 3137 ﬁdeles
1356 3089 1489 3137 sunt
1534 3084 1592 3136 in
1653 3083 1873 3137 Christo

244 3174 420 3240 Jesu,
457 3175 574 3227 hoc
601 3179 684 3228 est
713 3174 879 3228 ﬁdem
907 3173 1117 3227 habent
1146 3173 1286 3227 Jesu
1316 3171 1525 3227 Christi
1556 3192 1568 3226 :
1604 3177 1659 3226 et
1706 3172 1874 3226 ﬁdem

247 3279 431 3335 quam
454 3261 692 3327 habent,
721 3261 883 3316 bonis
912 3261 1174 3334 cperibus
1199 3267 1489 3316 exornant.

324 3352 543 3406 Gratia
571 3352 737 3411 vobis,
770 3350 1039 3404 subaudis
1069 3351 1161 3416 sit,
1208 3350 1264 3404 id
1289 3355 1375 3404 est
1413 3351 1569 3416 ﬁdes,
1603 3350 1756 3404 salus
1815 3355 1873 3404 et

243 3439 532 3494 remissio
562 3444 937 3509 peccatorum,
974 3456 1096 3510 quae
1120 3438 1275 3492 vobis
1305 3439 1483 3509 gratis
1511 3439 1644 3492 data
1683 3445 1769 3493 est
1814 3439 1875 3493 in

241 3527 611 3600 baptismate
636 3546 649 3594 ;
679 3533 868 3596 etpaa',
902 3545 1014 3599 qua
1043 3528 1387 3582 reconciliati
1416 3545 1609 3582 sumus
1633 3529 1747 3582 Deo
1777 3544 1877 3599 per

246 3617 597 3690 passionem
622 3616 747 3670 Filii
787 3616 906 3685 ejus
951 3634 985 3670 a
1032 3619 1136 3671 [)eo
1178 3619 1341 3670 Patre
1374 3623 1425 3670 et
1463 3619 1698 3671 Domino
1748 3620 1874 3671 Jesu

245 3707 508 3762 Christo.
546 3705 784 3769 Quidam
826 3705 1019 3759 volunt
1055 3705 1265 3759 dicere:
1291 3706 1489 3759 Gratia
1518 3706 1672 3760 vobis
1701 3723 1736 3759 a
1762 3707 1876 3760 Deo

243 3794 456 3858 Patre,
505 3794 606 3864 qui
634 3794 813 3864 gratis
842 3794 996 3848 misit
1021 3793 1183 3848 nobis
1204 3794 1409 3849 Filium
1441 3811 1627 3860 suum,
1648 3800 1819 3865 etpax
1841 3811 1875 3849 a

242 3883 513 3938 Domino
546 3881 675 3936 Jesu
708 3881 932 3936 Christo
961 3898 1061 3953 per
1090 3883 1251 3952 cujus
1267 3882 1580 3952 passionem
1597 3884 1875 3953 paciﬁcati

241 3988 462 4027 sumus
494 3971 614 4025 Deo
634 3976 689 4025 et
715 3972 928 4040 angelis
951 3989 964 4039 ;
997 3972 1095 4025 sed
1126 3979 1430 4043 utrumque
1452 3988 1750 4043 possumus
1778 3966 1868 4025 re-

238 4063 403 4118 ferre
436 4061 519 4114 ad
542 4065 841 4130 utramque
862 4077 1178 4131 personam,
1204 4067 1268 4115 ut
1286 4062 1540 4115 dicamus
1558 4063 1661 4115 hoc
1681 4062 1867 4117 modo:

241 4151 463 4207 Gratia
493 4149 652 4203 vobis
678 4154 735 4203 et
764 4166 866 4220 pax
897 4166 930 4203 a
962 4150 1074 4204 Deo
1105 4150 1290 4217 Patre,
1324 4156 1380 4204 et
1407 4151 1591 4220 gratia
1621 4157 1678 4205 et
1698 4168 1805 4222 pax
1835 4169 1870 4206 a

237 4240 508 4297 Domino
530 4239 664 4293 Jesu
688 4239 1175 4293 Christo.Videtur
1192 4248 1382 4294 tamen
1398 4240 1730 4310 quibusdam
1751 4257 1873 4311 per-

237 4346 459 4385 sonam
484 4327 735 4398 Spiritus
758 4329 938 4383 sancti
967 4329 1391 4399 praztermisisse
1417 4330 1871 4400 Apostolum,sed

1952 2304 2109 2341 omne
2138 2288 2346 2339 donum
2372 2286 2695 2353 perfectum,
2726 2286 3015 2337 desursum
3037 2289 3112 2338 est
3145 2286 3275 2350 (Jac.
3310 2283 3551 2352 I).Addi-

1954 2376 2036 2428 dit
2056 2375 2225 2429 etiam
2257 2374 2415 2445 quasi
2446 2390 2546 2444 per
2565 2373 2882 2427 Christum:
2934 2373 3067 2443 quia
3097 2372 3365 2443 quidquid
3417 2371 3549 2426 boni

1953 2464 2369 2527 habemus,non
2399 2464 2605 2515 nostris
2629 2461 2973 2527 meritis,sed
2986 2477 3086 2531 per
3104 2461 3261 2515 illum
3284 2466 3343 2514 et
3362 2459 3434 2513 ab
3454 2460 3551 2514 illo

1951 2553 2252 2608 habemus.
2284 2552 2392 2606 Sed
2423 2550 2659 2622 quaestio
2675 2551 2871 2613 oritur,
2895 2566 3068 2619 quare
3097 2549 3301 2603 dixerit
3324 2550 3382 2602 in
3401 2549 3552 2603 omni

1952 2640 2340 2696 benedictione
2360 2640 2661 2710 spirituali,
2696 2656 2821 2692 cum
2853 2639 3040 2692 nullus
3072 2638 3360 2691 hominum
3380 2638 3557 2708 possit

1952 2731 2160 2785 habere
2190 2731 2247 2783 in
2279 2729 2539 2801 praesenti
2570 2729 2770 2781 saeculo
2800 2744 2994 2781 omnes
3030 2726 3465 2785 benedictiones.
3497 2726 3556 2780 id

1955 2828 2039 2876 est
2071 2821 2305 2874 virtutes
2334 2819 2448 2872 sive
2478 2818 2669 2871 omnia
2697 2816 2841 2870 bona
2873 2815 3114 2886 Spiritus
3129 2815 3326 2875 sancti,
3353 2831 3555 2885 usque-

1956 2927 2064 2982 quo
2091 2909 2227 2962 illud
2258 2908 2559 2977 impleatur
2585 2906 2729 2977 quod
2758 2905 2890 2958 alibi
2912 2905 3056 2959 idem
3088 2904 3390 2974 Apostolus
3417 2904 3497 2957 ait
3528 2922 3543 2957 εκ

1959 3001 2094 3054 Cum
2129 2998 2419 3050 tradiderit
2454 3012 2687 3063 regnum
2717 2996 2819 3048 Deo
2871 2995 3054 3057 Patri,
3081 2999 3214 3047 tunc
3251 2996 3360 3046 erit
3406 2994 3546 3046 Deus

1958 3090 2149 3142 omnia
2178 3089 2239 3138 in
2265 3085 2522 3138 omnibus
2545 3085 2594 3149 (Ι
2622 3084 2743 3138 Cor.
2777 3088 2888 3151 xv).
2915 3083 3059 3136 Nam
3086 3082 3143 3135 in
3170 3081 3433 3152 praesenti
3452 3098 3557 3136 saa-

1958 3178 2083 3231 culo
2102 3176 2247 3229 dona
2271 3174 2514 3244 Spiritus
2543 3172 2721 3227 sancti
2770 3172 3007 3241 singulis
3059 3172 3400 3235 dividuntur,
3441 3187 3555 3225 non

1956 3271 2146 3319 tamen
2174 3262 2363 3317 omnia
2387 3262 2625 3331 singulis
2645 3261 3007 3331 dantur,quia
3020 3260 3116 3314 alii
3138 3260 3305 3314 datur
3331 3259 3562 3331 perSpi-

1958 3355 2129 3408 ritum
2157 3370 2340 3407 sermo
2370 3348 2676 3422 sapientiae,
2709 3351 2806 3404 alii
2836 3367 3020 3405 sermo
3049 3350 3561 3413 scientiae,etc.,us—

1959 3461 2066 3515 que
2095 3444 2229 3496 dum
2260 3441 2623 3510 subjungitur
2646 3459 2658 3493 :
2685 3442 2803 3494 Here
2825 3444 3013 3493 omnia
3033 3446 3294 3507 operatur
3310 3456 3459 3492 unus
3478 3445 3560 3493 at-

1958 3551 2060 3602 que
2107 3534 2251 3585 idem
2291 3532 2554 3598 Spiritus,
2595 3530 2843 3582 dividens
2889 3531 3129 3595 singulis
3182 3534 3351 3596 prout
3404 3531 3560 3581 vult?

1956 3623 2006 3685 (Ι
2034 3621 2156 3675 Cor.
2186 3621 2304 3678 xu).
2341 3619 2475 3681 Quae
2525 3616 2757 3687 quaestio
2804 3615 3102 3686 tripliciter
3150 3614 3421 3668 solvitur:
3472 3616 3559 3668 vel

1961 3709 2093 3780 quia
2123 3707 2271 3779 quod
2302 3706 2685 3776 unusquisque
2716 3705 2772 3758 in
2805 3720 2864 3757 se
2897 3704 3084 3767 habet,
3116 3703 3171 3757 in
3188 3703 3558 3773 generalitate

1956 3800 2148 3865 habet,
2192 3796 2462 3850 charitate
2511 3793 2881 3847 fraternitatis
2924 3793 3030 3846 hoc
3080 3792 3339 3847 faciente.
3393 3792 3559 3846 Verbi
3618 3816 3625 3823 ι

1955 3888 2140 3960 gratia
2169 3901 2181 3935 :
2215 3885 2345 3955 quia
2374 3900 2522 3937 unus
2551 3882 2719 3936 habet
2743 3883 3098 3945 charitatem,
3132 3882 3277 3937 alius
3326 3882 3559 3936 castita-

1958 3987 2091 4042 tem,
2117 3975 2260 4029 alius
2289 3973 2709 4033 abstinentiam,
2734 3972 2877 4026 alius
2899 3971 3561 4027 mansuetudinemalius

1958 4062 2287 4135 sapientiam
2324 4079 2336 4126 ;
2356 4060 2438 4113 vel
2471 4060 2601 4130 quia
2624 4059 2678 4112 in
2699 4059 2850 4113 omni
2878 4058 3263 4112 benedictione
3279 4074 3447 4128 quam
3462 4058 3562 4111 ha-

1955 4155 2176 4219 bemus,
2206 4150 2276 4205 ab
2306 4150 2401 4203 illo
2444 4147 2825 4202 benedicimur
2846 4167 2859 4214 ;
2884 4148 2969 4201 vel
2989 4147 3158 4201 tertio
3184 4146 3348 4200 modo
3372 4152 3558 4217 potest

1956 4258 2077 4296 esse
2106 4240 2453 4312 praeteritum
2473 4243 2696 4308 tempus
2728 4253 2827 4308 pro
2852 4237 3059 4302 futuro,
3086 4242 3151 4291 ut
3202 4236 3274 4290 sit
3313 4253 3510 4291 sensus
3536 4254 3551 4291 :

1957 4330 2062 4395 Qui
2093 4328 2383 4383 benedicet
2411 4343 2514 4380 nos
2536 4332 2662 4396 post
2702 4325 3025 4395 generalem
3064 4325 3553 4392 resurrectionem,

237 4419 556 4475 subtiliter
576 4416 1004 4488 inspicientibus
1042 4417 1255 4488 patebit
1294 4417 1661 4472 nihilominus
1696 4408 2011 4473 totiusDin
2043 4418 2195 4473 omni
2228 4415 2611 4470 benedictione
2637 4415 2935 4486 spirituali.
2969 4415 3267 4486 Sequitur:

235 4506 565 4562 Trinitatis
590 4508 931 4560 mentionem
954 4506 1169 4563 iecisse.
1190 4507 1254 4560 In
1271 4522 1335 4560 eo
1358 4507 1505 4560 enim
1534 4508 1678 4577 quod
1707 4508 1866 4574 dixit,

238 4596 458 4654 Gratia
482 4595 780 4660 vobis,com
788 4594 1084 4665 prehendit
1101 4611 1397 4666 personam
1414 4595 1656 4666 Spiritus
1667 4597 1865 4664 sancti,

239 4685 387 4757 quia
415 4682 700 4754 gratiam,
739 4683 844 4737 hoc
869 4689 955 4737 est
982 4683 1370 4738 remissionem
1400 4684 1650 4738 omnium
1672 4702 1868 4755 pecca-

238 4760 472 4837 tomm,
502 4788 606 4842 per
634 4772 843 4826 donum
873 4772 1049 4827 sancti
1080 4773 1323 4843 Spiritus
1366 4773 1721 4845 accepimus:
1751 4774 1868 4828 sive

239 4862 343 4917 ubi
367 4877 502 4916 una
533 4876 775 4930 persona
802 4861 1093 4916 Trinitatis
1124 4862 1372 4932 ponitur,
1399 4862 1607 4917 ibitota
1621 4863 1867 4917 Trinitas

237 4948 627 5019 intelligitur,
666 4949 797 5019 quia
827 4950 972 5004 sicut
996 4951 1385 5022 inseparabilis
1423 4958 1509 5006 est
1553 4952 1867 5006 substantia

236 5037 600 5101 divinitatis,
628 5037 710 5091 ita
737 5038 1125 5108 inseparabilis
1156 5044 1242 5093 est
1287 5039 1463 5094 virtus
1501 5041 1859 5110 operationis.

315 5127 660 5184 Benedictus
683 5129 823 5181 Deus
849 5132 897 5181 et
916 5129 1079 5181 Pater
1105 5130 1333 5183 Domini
1358 5132 1538 5183 nostri
1555 5131 1681 5182 Jesu
1709 5131 1869 5184 Chri-

238 5220 336 5272 sti.
386 5215 525 5270 Hoc
561 5214 858 5284 dupliciter
910 5220 1097 5285 potest
1133 5216 1350 5287 accipi:
1393 5216 1745 5279 Benedictus,
1788 5217 1870 5270 in-

240 5306 397 5378 quit,
434 5303 615 5366 Deus,
648 5308 870 5357 creator
897 5304 1147 5357 omnium
1179 5320 1390 5369 rerum,
1424 5304 1519 5375 qui
1565 5310 1651 5360 est
1702 5306 1871 5359 Pater

237 5391 500 5451 Domini
526 5391 705 5445 nostri
740 5392 869 5445 Jesu
892 5392 1098 5447 Christi
1123 5400 1177 5446 et
1200 5393 1295 5464 qui
1324 5394 1483 5447 illum
1512 5394 1709 5463 genuit
1737 5400 1868 5448 ante

239 5481 458 5539 omnia
486 5481 693 5536 saecula
719 5480 776 5535 in
806 5486 1009 5536 natura
1040 5482 1362 5536 divinitatis.
1394 5481 1606 5536 Aliter:
1637 5482 1871 5537 Benedi-

239 5578 378 5630 ctus
410 5572 572 5628 Deus
590 5569 793 5640 Filius,
827 5572 925 5644 qui
956 5577 1078 5629 erat
1112 5571 1172 5628 in
1198 5572 1475 5645 principio
1512 5571 1781 5642 Verbum,
1813 5576 1870 5628 et

2023 4508 2179 4561 Sicut
2203 4508 2358 4573 elegit
2391 4522 2488 4559 nos
2515 4508 2573 4558 in
2607 4508 2718 4573 ipso
2735 4509 2861 4556 ante
2885 4507 3085 4557 mundi
3106 4507 3555 4559 constitutionem

1952 4601 2013 4649 ut
2034 4612 2268 4649 essemus
2302 4597 2484 4647 sancti
2511 4600 2559 4646 et
2588 4596 3022 4647 immaculatim
3047 4598 3328 4660 conspectu
3358 4598 3476 4661 ejus
3490 4597 3556 4647 in

1949 4686 2241 4738 charitate.
2276 4684 2353 4738 Ex
2380 4682 2763 4753 superioribus
2795 4681 2903 4736 ista
2929 4682 3194 4751 pendent.
3222 4681 3549 4751 Sic,inquit,

1950 4773 2234 4828 benedixit
2262 4790 2382 4835 nos,
2416 4773 2562 4826 sicut
2591 4771 2779 4841 elegit,
2804 4772 2907 4823 hoc
2921 4776 3003 4823 est
3044 4770 3464 4840 praedestinavit
3501 4776 3558 4825 et

1949 4861 2343 4933 praeordinavit
2389 4861 2447 4914 in
2480 4860 2621 4931 ipso,
2657 4860 2762 4912 hoc
2800 4864 2886 4912 est
2922 4858 2981 4911 in
3012 4858 3254 4912 Christo.
3289 4859 3553 4931 Omnipo-

1950 4955 2072 5004 tens
2103 4966 2236 5020 ergo
2268 4948 2439 5003 Pater
2459 4958 2588 5002 ante
2608 4963 2831 5000 omnem
2851 4953 3171 5001 creaturam
3203 4947 3554 5019 spiritualem

1949 5039 2206 5093 videlicet
2264 5043 2449 5107 atque.
2477 5036 2841 5106 corporalem,
2878 5036 3308 5106 praedestinavit
3360 5042 3579 5096 omnes

1949 5129 2238 5181 credentes
2268 5127 2326 5180 in
2357 5126 2600 5183 Christo.
2637 5130 2702 5178 ut
2720 5125 2925 5196 ipsesit
2946 5132 3117 5196 caput
3142 5128 3398 5182 omnium
3413 5129 3473 5183 in
3493 5147 3554 5185 se

1951 5216 2319 5279 credentium,
2361 5220 2418 5269 et
2450 5230 2644 5269 omnes
2673 5215 2963 5270 credentes
2984 5216 3099 5270 sint
3129 5216 3251 5287 ejus
3271 5218 3542 5285 membra,

1952 5310 2009 5359 et
2033 5306 2137 5359 hoc
2180 5305 2326 5370 ideo,
2377 5309 2441 5358 ut
2476 5320 2724 5358 essemus
2778 5305 2957 5359 sancti
3000 5310 3055 5359 et
3094 5306 3440 5362 immaculati
3492 5309 3549 5362 in

1951 5398 2250 5464 conspectu
2278 5393 2378 5447 Dei
2407 5393 2590 5447 Patris
2616 5394 2673 5449 in
2703 5394 2977 5449 charitate
3007 5400 3063 5449 et
3090 5396 3409 5450 dilectione.
3439 5412 3549 5467 qua

1950 5483 2205 5553 diligitur
2233 5483 2381 5536 Deus
2398 5488 2456 5537 et
2479 5485 2876 5555 proximus,vel
2897 5487 3064 5540 etiam
3085 5486 3143 5541 in
3163 5504 3229 5541 ea
3248 5485 3544 5552 charitate,

1952 5587 2063 5642 qua
2088 5570 2210 5643 ipse
2237 5571 2433 5627 dilexit
2462 5589 2585 5643 nos,
2620 5574 2679 5629 in
2703 5574 2826 5647 ipsa
2854 5591 2957 5630 nos
2984 5570 3546 5646 praedestinavit.Qui
