3966 6156
488 252 592 313 703

945 251 1325 311 HAYMONIS
1355 251 1843 310 HALBERSTAT.
1878 250 2106 310 EPISC.
2139 252 2299 312 OPP.
2334 254 2519 312 PARS
2548 254 2595 320 Ι,
2631 283 2695 300 --
2731 254 3101 313 COMMENT.
3134 256 3309 312 BIBL.

3616 256 3699 316 704

485 380 545 437 in
575 385 797 436 tantum
825 380 1019 435 dilexit
1048 398 1170 445 nos,
1208 385 1272 435 ut
1297 380 1499 435 Filium
1528 394 1693 433 suum
1720 379 2073 449 unigenitum
2093 379 2545 439 Aremissionem
2572 386 2930 453 peccatorum
2961 398 3061 454 per
3086 380 3352 453 Spiritum
3379 388 3609 438 sanctum
3626 401 3705 440 no-

484 470 646 525 daret
674 488 773 542 pro
794 472 972 536 nobis,
998 472 1140 525 sicut
1168 472 1339 524 etiam
1359 472 1601 524 Joannes
1630 469 1762 522 dicit
1786 470 1903 524 :Sic
1940 471 2081 523 Deus

486 561 678 613 dilexit
712 562 1004 623 mundum,
1038 566 1099 613 ut
1129 562 1481 625 unigenitum
1510 560 1715 611 Filium
1744 574 1908 610 suum
1925 559 2081 610 daret

486 664 587 718 pro
610 649 818 702 mundo
848 650 1029 714 (Joan.
1064 654 1149 715 Il).
1178 649 1293 701 Hoc
1319 654 1504 700 autem
1522 647 1695 700 distat
1716 647 1862 698 inter
1884 646 2082 699 imma-

489 736 735 789 culatum
756 745 812 788 et
828 742 1083 788 sanctum
1110 750 1120 783 :
1153 736 1282 803 quia
1306 736 1703 787 immaculatus
1735 741 1820 787 est
1838 751 1979 805 puer
2000 735 2082 787 vel

487 824 690 893 aliquis
718 824 1028 886 hominum,
1060 825 1282 895 quando
1314 824 1381 877 ab
1414 823 1672 877 omnibus
1702 824 1933 901 maculis
1963 840 2085 893 pec-

482 918 735 966 catorum
768 913 1073 967 mundatur
1103 914 1160 967 in
1190 912 1495 983 baptismo:
1531 919 1757 966 sanctus
1802 930 1930 966 vero
1961 914 2081 966 efﬁ-

483 1002 629 1055 citur
654 1001 843 1055 labore
872 1008 929 1056 et
955 1002 1157 1068 studio,
1193 1002 1464 1056 tradendo
1491 1019 1691 1073 corpus
1721 1019 1882 1056 suum
1913 1003 2082 1057 variis

484 1092 782 1145 tormentis
812 1109 912 1163 pro
936 1092 1142 1146 Christi
1173 1092 1417 1157 nomine,
1452 1092 1594 1145 sicut
1650 1092 1829 1145 sancti
1875 1098 2083 1164 marty-

485 1196 575 1233 res
604 1180 873 1241 fecerunt,
906 1182 1018 1234 sive
1044 1182 1432 1234 mortificando
1460 1184 1567 1235 sire
1597 1184 1748 1235 vitiis
1777 1190 1826 1235 et
1883 1199 2080 1235 concu-

476 1271 780 1337 piscentiis.
814 1270 914 1323 Vel
943 1270 1067 1323 ideo
1099 1286 1201 1323 nos
1228 1270 1416 1338 elegit,
1460 1275 1525 1323 ut
1551 1270 1727 1323 sancti
1772 1276 1829 1323 et
1876 1270 2079 1324 imma-

480 1358 653 1412 culati
683 1375 933 1412 essemus
963 1359 1112 1428 quod
1161 1360 1408 1412 nondum
1440 1375 1682 1424 eramus,
1717 1376 1845 1413 cum
1887 1360 2025 1413 dixit
2061 1380 2072 1414 :

484 1443 640 1497 Sicut
680 1444 848 1513 elegit
873 1460 991 1497 nos.
1023 1444 1080 1497 id
1102 1450 1184 1497 est
1214 1444 1607 1513 praeordinavit
1625 1461 1728 1497 sua
1757 1444 2078 1516 dispositio-

480 1547 570 1597 ne,
606 1532 739 1602 quia
763 1532 1016 1586 futurum
1048 1539 1168 1586 erat
1197 1540 1261 1586 ut
1286 1533 1343 1585 in
1375 1533 1660 1587 Christum
1699 1535 2074 1602 crederemus,

487 1624 585 1689 qui
606 1623 1015 1689 pm'destinarit
1047 1640 1141 1675 nos
1174 1626 1235 1674 in
1256 1624 1594 1689 adoptionem
1616 1626 1865 1690 ﬁliorum
1884 1627 2081 1690 perle-

2164 468 2249 522 bis
2269 470 2450 530 daret.
2484 471 2578 524 sed
2603 472 2770 525 etiam
2804 472 3073 541 mysteria
3096 472 3423 540 cognitionis
3442 487 3546 526 sua:
3572 472 3704 529 nobis

2163 559 2455 623 revclaret,
2483 577 2605 630 quae
2638 560 2694 614 in
2728 562 2879 613 Novo
2906 566 2964 613 et
2993 560 3182 613 Veteri
3226 561 3562 614 Testamento
3602 579 3707 617 con-

2163 647 2433 711 tinentur,
2464 648 2520 701 in
2549 649 2700 702 omni
2727 648 3003 719 sapientia
3032 648 3219 701 divina
3249 654 3304 702 et
3332 649 3562 703 humana
3599 651 3706 705 visi-

2163 735 2800 791 biliumetinvisibilium
2824 754 3034 803 rerum,
3051 738 3175 791 etin
3198 738 3346 790 omni
3366 739 3638 808 prudentia
3650 740 3710 793 vi-

2163 823 2410 879 sibilium
2430 827 2863 897 mortaliumque
2885 844 3072 881 rerum
3086 827 3248 880 .Nam
3268 827 3533 896 sapientia
3550 833 3639 889 est,
3659 833 3710 881 ut

2167 914 2394 983 quidam
2425 915 2635 977 dicunt,
2673 915 2913 984 cognitio
2934 916 3247 969 divinarum
3267 915 3711 986 humanarumque

2165 1019 2375 1068 rerum,
2408 1003 2706 1057 visibilium
2738 1010 2795 1058 et
2825 1004 3203 1065 invisibilium,
3239 1004 3546 1058 mortalium
3567 1010 3613 1058 et
3630 1006 3712 1058 im-

2164 1092 2521 1146 mortalium:
2555 1093 2853 1163 prudentia
2884 1110 3012 1147 vero
3061 1093 3362 1147 visibilium
3391 1098 3445 1146 et
3474 1093 3712 1148 humana-

2163 1196 2289 1234 rum
2329 1188 2497 1251 atque
2517 1182 2990 1237 transitoriarum.
3017 1183 3192 1236 Aliter
3216 1201 3227 1236 :
3256 1182 3535 1253 Sapientia
3562 1187 3714 1236 estco-

2160 1270 2339 1340 gnitio
2372 1277 2575 1325 sancta:
2612 1272 2918 1339 trinitatis;
2958 1272 3255 1343 prudentia
3280 1288 3407 1325 vero
3451 1271 3713 1325 visibilium

2160 1375 2369 1423 rerum,
2412 1361 2931 1431 elementorumque
2959 1361 3222 1430 cognitio,
3254 1365 3319 1414 ut
3344 1366 3621 1429 cognoscat
3638 1361 3715 1414 ho-

2161 1464 2254 1501 mo
2284 1448 2557 1502 mundum
2586 1466 2621 1503 a
2648 1450 2765 1505 Deo
2798 1467 2918 1503 esse
2938 1450 3165 1513 factum,
3198 1450 3421 1520 quando
3441 1449 3489 1502 ei
3516 1449 3711 1519 placuit,

2162 1541 2219 1590 et
2241 1538 2519 1607 quomodo
2550 1538 2602 1592 ei
2632 1538 2810 1592 visum
2846 1543 2956 1603 est;
2987 1546 3050 1593 ut
3079 1545 3378 1609 cognoscat
3406 1537 3565 1591 etiam
3607 1554 3713 1590 cur-

2163 1643 2287 1679 sum
2310 1626 2577 1686 siderum,
2613 1634 2884 1697 quantum
2916 1628 3173 1682 humanae
3212 1626 3497 1697 fragilitati
3524 1625 3714 1696 permit-

483 1725 605 1762 sum
629 1709 911 1763 Christum
940 1712 1002 1762 in
1036 1712 1235 1776 ipsum,
1259 1712 1560 1763 secundum
1602 1714 1942 1779 propositum
1990 1699 2323 1779 ro-Btitur,
2377 1715 2742 1786 ordinemque
2796 1722 3135 1787 temporum.
3191 1722 3247 1768 et
3284 1714 3553 1786 quomodo
3595 1714 3715 1767 facta

485 1799 719 1850 laniatis
750 1816 875 1852 sum.
900 1798 1308 1852 Priedestinare
1342 1803 1428 1852 est
1454 1800 1832 1869 pracordinare
1862 1807 1917 1854 et
1946 1819 2081 1872 prte-

482 1886 661 1950 tinire,
692 1888 915 1957 quando
948 1888 1081 1941 illud
1114 1888 1259 1957 quod
1293 1888 1492 1941 tacturi
1525 1906 1739 1953 sumus,
1761 1890 1925 1959 longe
1947 1897 2078 1944 ante

480 1976 825 2045 prwﬁnimus
845 1976 902 2029 in
926 1977 1112 2033 corde.
1139 1978 1361 2047 quando
1392 1983 1448 2030 et
1474 1979 1752 2048 quomodo
1784 1979 1919 2032 illud
1952 1972 2078 2050 ope?

2162 1809 2299 1857 sunt
2321 1804 2446 1869 ista,
2482 1810 2538 1857 et
2566 1806 2634 1859 ad
2667 1822 2833 1876 quem
2862 1807 3030 1859 tinem
3064 1805 3321 1859 tendant.

2236 1894 2295 1945 Ut
2328 1898 2519 1946 notum
2539 1896 2740 1960 faceret
2759 1895 2930 1958 nobis,
2961 1894 3103 1948 Deus
3129 1894 3319 1959 Pater,
3343 1898 3717 1947 sacramentum

2160 1983 2459 2035 voluntatis
2482 1998 2610 2043 suae,
2658 1986 2958 2036 secundum
3006 1986 3405 2050 beneplaeitum
3453 1987 3561 2049 ejus
3598 1981 3717 2050 quod

480 2079 542 2118 re
573 2064 929 2135 impleamus.
978 2066 1217 2136 Adoptio
1272 2072 1461 2120 autem
1518 2067 1632 2120 sive
1670 2068 1821 2136 optio
1870 2068 2077 2122 dicitur
2152 2074 2435 2138 proposuit
2462 2074 2523 2124 in
2556 2088 2630 2135 eo,
2667 2071 2718 2124 id
2743 2076 2829 2125 est
2858 2071 2914 2124 in
2943 2071 3186 2125 Christo.
3218 2072 3629 2125 Sacramentum
3649 2074 3719 2121 est

480 2154 695 2208 electio.
729 2154 889 2208 Unde
926 2155 1159 2209 dicimus
1192 2156 1487 2225 optimum,
1522 2156 1627 2209 hoc
1671 2164 1756 2209 est
1812 2158 2070 2211 electum.
2158 2176 2248 2213 res
2277 2166 2511 2223 secreta,
2557 2160 2610 2213 id
2642 2166 2728 2214 est
2758 2160 3105 2230 mysterium,
3151 2160 3253 2213 hoc
3292 2165 3382 2212 est
3408 2157 3606 2229 aliquid
3641 2173 3717 2209 oc-

483 2242 573 2297 Sic
598 2260 730 2314 ergo
759 2245 909 2298 Deus
939 2246 1107 2298 Pater
1135 2245 1449 2315 praeﬁnivit,
1484 2250 1539 2298 et
1560 2246 1759 2299 statuit
1787 2246 1843 2298 in
1879 2248 2072 2300 volun-
2155 2249 2389 2302 cultum.
2424 2250 2582 2313 Quod
2610 2249 2714 2302 fuit
2745 2249 2892 2302 istud
2932 2256 3347 2302 sacramentum
3393 2246 3535 2317 quod
3579 2244 3711 2299 nobis

480 2334 595 2386 tate
616 2339 672 2387 et
690 2333 1054 2403 diSpositione
1074 2350 1196 2397 sua,
1224 2339 1287 2387 ut
1324 2350 1425 2386 nos
1456 2334 1514 2387 in
1554 2334 1881 2388 electionem
1920 2337 2074 2389 ﬁlio-
2154 2338 2531 2393 manifestavit
2586 2339 2732 2392 Deus
2779 2339 2981 2391 Pater?
3031 2337 3365 2408 Mysterium
3446 2332 3718 2389 nativitatis

479 2436 606 2475 rum
636 2424 758 2493 ejus
788 2424 1165 2493 reciperemur
1196 2440 1295 2493 per
1322 2424 1513 2476 Jesum
1556 2423 1840 2477 Christum
1888 2424 1947 2479 in
1993 2426 2073 2495 ip-
2158 2427 2384 2490 Christi,
2416 2428 2697 2497 passionis
2736 2433 2904 2497 atque
2931 2426 3362 2480 resurrectionis
3383 2426 3500 2495 ejus
3524 2430 3720 2476 nostra)-

479 2527 625 2577 sum,
657 2512 762 2565 hoc
791 2518 894 2573 est,
926 2518 989 2566 ut
1016 2512 1075 2566 in
1104 2512 1288 2583 ipsum
1319 2513 1509 2565 Jesum
1541 2512 1826 2567 Christum
1844 2515 2072 2569 creden-
2158 2532 2265 2586 que
2312 2516 2730 2586 redemptionis.
2766 2516 3041 2570 Voluntas
3078 2516 3228 2569 enim
3274 2515 3376 2569 Dei
3425 2513 3596 2568 Patris
3632 2509 3721 2563 fuit

478 2601 699 2666 tes,ﬁ|ii
726 2602 826 2655 Dei
851 2602 1203 2655 efficeremur
1231 2619 1331 2672 per
1356 2602 1620 2671 gratiam,
1660 2603 1756 2672 qui
1788 2620 1900 2657 non
1943 2621 2069 2657 era-
2156 2621 2323 2675 quam
2354 2606 2661 2675 proposuit,
2698 2605 2811 2659 sive
2832 2605 3107 2675 disposuit
3130 2606 3214 2657 vel
3235 2603 3485 2657 decrevit
3509 2602 3561 2655 in
3584 2598 3718 2654 Chri-

478 2706 604 2744 mus
626 2707 725 2762 per
741 2696 1019 2744 naturam.
1045 2691 1360 2745 Secundum
1386 2691 1735 2761 propositum
1760 2692 2064 2748 voluntatis
2156 2700 2242 2747 sto
2268 2694 2380 2748 sive
2411 2711 2511 2764 per
2534 2694 2820 2748 Christum
2847 2694 3101 2764 implere,
3124 2699 3185 2747 ut
3213 2710 3314 2747 nos
3327 2709 3432 2763 per
3452 2692 3718 2745 adventum

477 2795 611 2845 sum,
645 2779 700 2833 id
741 2784 826 2833 est
853 2780 1159 2833 secundum
1187 2780 1335 2849 quod
1364 2779 1641 2850 disposuit
1680 2781 1740 2834 in
1790 2782 2072 2835 voluntate
2155 2782 2280 2836 Filii
2310 2783 2395 2837 sui
2429 2784 3008 2837 redimeremurllzec
3030 2799 3163 2852 ergo
3184 2787 3536 2836 sacramenta
3554 2779 3718 2831 volun-

477 2884 597 2932 sua,
636 2872 699 2922 in
732 2869 947 2921 laudem
978 2870 1169 2934 gloria
1192 2872 1386 2935 gratia:
1414 2885 1542 2933 suae,
1576 2872 1639 2922 in
1660 2886 1769 2936 qua
1794 2874 2075 2938 gratiﬁca—
2154 2872 2287 2925 tatis
2308 2889 2422 2926 suae
2452 2872 2612 2926 nobis
2643 2871 3021 2926 manifestavit
3058 2872 3205 2925 Deus
3237 2870 3413 2925 Pater
3441 2887 3536 2941 per
3563 2869 3719 2922 incar-

476 2960 556 3011 υἰι
583 2974 678 3010 nos
708 2960 771 3010 in
803 2956 1099 3010 dilectione
1128 2957 1253 3010 Filii
1285 2957 1399 3010 sui:
1439 2958 1552 3011 Deo
1574 2958 1712 3012 dicit
1739 2959 1976 3029 gloriam
2014 2964 2071 3013 et
2096 3020 2130 3030 η
2154 2961 2437 3014 nationem
2466 2960 2592 3014 Filii
2621 2962 2728 3025 sui,
2762 2960 3067 3015 secundum
3101 2960 3246 3030 quod
3278 2960 3328 3012 ei
3372 2954 3713 3029 beneplacuit.

476 3046 741 3116 gratiam.
764 3046 955 3100 Gloria
985 3051 1173 3100 autem
1197 3047 1487 3100 referenda
1520 3053 1604 3100 est
1629 3048 1698 3101 ad
1724 3020 2067 3119 redemptio-
2090 3020 2132 3078 Ο
2152 3055 2207 3102 et
2229 3049 2531 3103 secundum
2546 3050 2692 3120 quod
2716 3020 2835 3119 ipse
2865 3049 2923 3102 in
2940 3066 3004 3103 eo
3026 3020 3288 3117 decrevit,
3316 3054 3373 3102 et
3396 3020 3611 3119 quando
3633 3045 3719 3097 hoc

473 3151 604 3189 nem
641 3140 910 3201 nostram,
943 3152 1053 3206 qua
1073 3152 1174 3189 nos
1194 3135 1458 3202 redemit;
1490 3136 1670 3205 gratia
1693 3143 1879 3191 autem
1896 3139 1967 3191 ad
1988 3156 2071 3192 re-
2151 3137 2358 3191 factum
2374 3138 2445 3191 sit
2468 3138 2844 3192 manifestavit
2864 3138 3055 3191 dicens
3079 3141 3169 3190 :in
3194 3140 3608 3204 dispensatione,
3635 3132 3719 3185 hoc

474 3225 854 3296 demptionem
878 3231 1427 3296 peccatorum,quam
1460 3224 1619 3277 nobis
1633 3226 1808 3294 gratis
1830 3225 1984 3279 dedit
2011 3226 2069 3280 in
2153 3226 2323 3289 est,in
2344 3227 2708 3298 dispositione
2726 3229 2809 3280 vel
2832 3226 3183 3280 ordinatione
3212 3226 3579 3295 plenitudinis
3603 3226 3719 3275 tem-

472 3313 748 3385 baptismo
773 3332 871 3386 per
889 3315 1055 3368 ﬁdem
1102 3312 1376 3384 passionis
1406 3330 1539 3378 suae,
1574 3319 1631 3366 et
1676 3330 1775 3383 per
1818 3314 2064 3382 gratiam
2150 3330 2354 3383 porum
2378 3316 2674 3386 przeﬁnivit
2696 3316 2815 3386 ipse
2830 3316 2978 3368 Deus
3009 3316 3178 3368 Pater
3208 3318 3529 3368 instaurare
3555 3312 3717 3365 omnia

474 3404 652 3458 sancti
679 3403 1127 3475 Spiritus.Elegit
1146 3403 1333 3472 itaque
1360 3418 1460 3454 nos
1486 3402 1542 3454 in
1572 3402 1899 3455 electionem
1931 3404 2071 3457 ﬁlio-
2152 3407 2213 3457 in
2236 3406 2471 3471 Christo,
2502 3406 2617 3458 sive
2635 3405 3048 3475 perChristum.
3073 3403 3222 3457 Dicit
3250 3403 3451 3457 beatus
3482 3401 3719 3468 Hierony-

476 3509 604 3547 rum
630 3510 730 3564 per
747 3495 775 3548 ,Ι
781 3510 941 3547 esum
964 3491 1247 3547 Christum
1268 3490 1324 3543 in
1339 3490 1560 3543 laudem
1583 3491 1775 3560 gloriae
1798 3497 1855 3545 et
1872 3493 2069 3561 gratiae
2151 3509 2276 3547 mus
2298 3493 2430 3563 quia
2448 3511 2559 3564 prae
2580 3493 2753 3547 nimio
2774 3509 2966 3547 amore
2987 3509 3096 3562 quo
3131 3492 3435 3562 Apostolus
3466 3489 3718 3545 Christum

473 3599 606 3647 suae,
639 3589 704 3637 ut
732 3584 851 3653 ipse
879 3582 1141 3636 laudetur
1170 3585 1227 3634 et
1243 3580 1593 3649 gratiﬁcetur
1620 3579 1690 3633 ab
1728 3581 1880 3635 omni
1913 3598 2069 3635 crea-
2151 3581 2439 3652 diligebat,
2472 3600 2616 3653 szepe
2635 3582 3076 3637 extraordinarie
3090 3580 3335 3634 nominis
3359 3581 3485 3649 ejus
3502 3575 3716 3632 mentio-

471 3676 602 3725 tura
615 3670 952 3726 rationabili.
979 3669 1046 3722 In
1078 3685 1189 3739 qua
1215 3668 1481 3722 subaudis
1509 3670 1712 3739 gratia.
1732 3671 2069 3740 gratificavit
2152 3687 2300 3736 nem,
2324 3672 2585 3742 ponebat,
2606 3670 2748 3723 sicut
2763 3670 2947 3740 etipse
2960 3669 3261 3739 Apostolus
3276 3668 3346 3721 de
3362 3668 3547 3738 seipse
3568 3663 3717 3718 dicit:

471 3776 595 3827 nos,
618 3760 722 3813 hoc
752 3764 837 3812 est
881 3758 1058 3828 gratis
1087 3758 1325 3811 redemit
1353 3762 1409 3811 et
1464 3757 1619 3811 dedit
1679 3759 2066 3813 remissionem
2155 3761 2447 3827 [inperitus
2471 3759 2549 3812 fui
2568 3775 2832 3821 sermone,
2868 3760 2958 3811 sed
2998 3773 3107 3810 non
3144 3759 3373 3809 scientia
3394 3756 3482 3825 (ll
3502 3755 3613 3808 Cor.
3639 3762 3716 3815 xi).

472 3854 827 3919 peccatorum
854 3866 865 3900 :
901 3853 958 3901 et
983 3847 1063 3902 sic
1091 3848 1447 3918 postmodum
1477 3853 1671 3917 gratos
1712 3855 1768 3902 et
1810 3856 2066 3920 acceptos
2150 3848 2488 3901 Restaurare
2527 3853 2613 3901 est
2631 3847 2698 3901 ad
2722 3848 2903 3901 instar
2922 3846 3123 3916 prioris
3152 3850 3333 3898 status
3354 3844 3595 3914 aliquam
3622 3851 3720 3892 rem

472 3953 574 3991 nos
604 3937 732 3990 fecit
747 3936 874 3998 sibi,
910 3942 967 3991 et
995 3937 1098 3990 hoc
1118 3954 1218 4008 per
1241 3940 1558 4007 passionem
1589 3937 1777 3990 dilecti
1807 3937 1931 3991 Filii
1953 3939 2061 3994 sui.
2148 3954 2270 4007 qua:
2293 3938 2448 4007 lapsa
2465 3937 2647 3991 fuerat
2667 3953 2943 3990 revocare.
2963 3934 3317 3989 Restauravit
3329 3950 3463 4003 ergo
3487 3934 3623 3987 Deus
3637 3928 3721 3982 Pa-

469 4025 614 4080 Dicit
642 4025 839 4081 beatus
865 4026 1258 4094 Hieronymus,
1303 4026 1434 4096 quia
1460 4026 1518 4079 in
1567 4026 1759 4079 Graeco
1806 4043 2065 4081 sermone
2147 4032 2235 4079 ter
2247 4042 2346 4096 per
2363 4026 2563 4080 Filium
2581 4042 2745 4079 suum
2759 4025 2947 4078 omnia
2963 4041 3080 4091 qua:
3094 4026 3157 4076 in
3168 4026 3292 4077 caelo
3313 4028 3361 4076 et
3377 4025 3440 4075 in
3456 4028 3599 4075 terra
3610 4024 3721 4073 sunt

468 4131 581 4170 non
601 4115 856 4179 babetur,
886 4117 1023 4169 Filio
1052 4132 1168 4180 suo,
1202 4115 1296 4168 sed
1339 4114 1732 4168 tantummodo
1761 4113 2015 4168 absolute
2048 4134 2061 4169 :
2149 4114 2372 4184 quando
2394 4113 2706 4184 angelicam
2727 4120 2987 4167 naturam
3022 4118 3077 4164 et
3102 4112 3416 4165 humanam
3447 4106 3719 4180 reparavit.

468 4205 659 4258 dilecto
681 4210 743 4257 ut
772 4205 1103 4258 ostendatur
1139 4203 1377 4256 dilectus
1425 4219 1545 4255 esse
1595 4202 1748 4255 omni
1794 4210 2064 4259 creatura;
2149 4203 2352 4267 Quaein
2368 4204 2505 4257 calo
2523 4199 3723 4273 suntreparavitquandoangelorumnume—

468 4291 808 4345 rationabili.
839 4293 921 4346 Ita
953 4298 1141 4345 autem
1168 4291 1373 4343 dicitur
1392 4308 1425 4344 a
1444 4289 1631 4360 gratia
1646 4290 2065 4359 gratiﬁcarc,si-
2084 4336 2130 4393 D
2149 4292 2399 4362 rum,qui
2414 4292 2696 4362 quondam
2718 4290 3053 4344 imminutus
3070 4288 3240 4342 fuerit
3259 4304 3323 4341 ex
3345 4287 3510 4357 lapsu
3539 4282 3720 4380 angeli,

468 4386 563 4434 ειη
590 4396 623 4433 ³
646 4380 873 4450 ἱυείίίίθ
894 4380 1224 4450 ,ῖυεῒίίῖοθνθο
2084 4370 2130 4393 ³³
2148 4398 2248 4452 per
2295 4381 2707 4451 reparationem
2737 4378 2960 4449 generis
2980 4377 3213 4430 humani
3241 4375 3560 4446 complevit,
3588 4379 3639 4426 et
3654 4370 3723 4425 eis

539 4472 607 4524 In
635 4485 757 4537 quo,
790 4468 845 4522 id
875 4476 961 4522 est
981 4469 1222 4532 Christo,
1250 4468 1337 4521 vel
1367 4483 1465 4536 per
1478 4468 1783 4534 Christum,
1805 4471 2065 4524 habemus
2147 4470 2401 4523 lietitiam
2418 4469 2676 4531 reddidit,
2699 4484 2866 4539 quam
2885 4467 3198 4519 amiserunt
3216 4471 3481 4535 peccante
3499 4460 3718 4517 homine.

464 4573 659 4612 omnes
680 4558 1104 4626 redemptionem
1155 4557 1269 4611 sive
1320 4556 1711 4612 liberationem
1760 4559 1828 4613 de
1880 4566 2062 4613 morte
2149 4560 2227 4612 Ea
2265 4576 2387 4629 quae
2409 4560 2465 4612 in
2492 4566 2643 4612 terra
2670 4565 2803 4611 sunt
2831 4555 3128 4627 reparavit,
3172 4554 3397 4624 quando
3426 4568 3601 4625 genus
3628 4550 3720 4603 hu-

463 4647 534 4702 ad
553 4647 746 4705 vitam.
775 4664 876 4717 per
895 4650 1227 4715 sanguinem
1248 4645 1522 4717 passionis
1551 4651 2061 4715 ejus,etremissio-
2145 4664 2394 4712 manum,
2429 4647 2579 4718 quod
2624 4646 2680 4699 in
2732 4652 2974 4699 mortem
3020 4650 3215 4697 ruerat
3265 4642 3561 4712 peccando,
3609 4639 3714 4708 ipse

394 4749 401 4757 '
465 4752 591 4791 nem
618 4742 985 4805 peccatorum,
1018 4736 1077 4789 in
1107 4734 1568 4807 baptismate.per
1598 4736 1762 4790 ﬁdem
1786 4736 2059 4807 passionis

462 4826 602 4895 ejus,
634 4826 781 4880 sicut
808 4827 1052 4879 Joannes
1080 4824 1249 4878 dicit:
1280 4826 1386 4891 Qui
1414 4826 1609 4878 dilexit
1637 4842 1757 4885 nos.
1776 4825 2054 4895 inquiens,

463 4919 510 4967 et
543 4917 675 4967 lavit
707 4931 802 4967 nos
833 4930 867 4967 a
892 4917 1126 4981 peccatis
1146 4916 1349 4967 nostris
1374 4915 1434 4966 in
1455 4916 1727 4980 sanguine
1756 4931 1853 4967 suo
1876 4914 2056 4982 (Apoc.

462 5002 523 5069 ι),
552 5001 656 5054 hoc
672 5007 758 5055 est
786 5018 886 5071 per
906 5001 1220 5071 passionem
1238 5017 1396 5055 suam
1431 5006 1487 5054 et
1517 5017 1616 5070 per
1645 5001 1813 5054 ﬁdem
1833 5020 1846 5067 ;
1866 5018 2060 5055 secun-

466 5088 602 5142 dum
632 5091 856 5142 divitias
884 5093 1078 5157 gratiae
1106 5088 1527 5154 suansubaudis,
1559 5087 1829 5143 habemus
1856 5106 1956 5143 nos
1971 5107 2060 5144 re-

469 5176 848 5247 demptionem
875 5177 1346 5232 et.remissionem
1379 5184 1754 5249 peccatorum.
1786 5194 1922 5246 quas,
1964 5195 2060 5232 su-

466 5264 668 5320 baudis
695 5266 899 5336 gratia,
933 5268 1422 5334 superabundavit.
1450 5267 1505 5321 id
1555 5276 1641 5321 est
1695 5268 2055 5338 supercrevit,

468 5360 532 5410 in
578 5357 730 5409 nobis
767 5357 830 5409 in
886 5358 1042 5410 omni
1087 5359 1358 5424 sapientia
1388 5363 1436 5409 et
1460 5358 1783 5424 prudentia.
1839 5356 2058 5412 Divitias

466 5445 666 5516 gratiae
694 5444 814 5515 ejus
837 5450 969 5498 sunt
998 5444 1381 5500 misericordia
1396 5450 1451 5499 et
1481 5446 1681 5515 pietas,
1712 5444 1902 5516 qumin
1929 5450 2057 5500 tan-

472 5539 594 5590 tum
629 5532 804 5590 crevit
824 5532 884 5589 in
912 5533 1097 5605 nobis,
1124 5538 1189 5590 ut
1238 5551 1352 5590 non
1408 5533 1593 5590 solum
1647 5534 1951 5590 redimeret
2003 5540 2060 5590 et

2143 4753 2244 4790 sua
2266 4737 2524 4807 passione
2553 4751 2656 4789 sua
2681 4733 3026 4795 redimendo,
3061 4732 3133 4785 de
3165 4737 3347 4785 morte
3370 4728 3637 4784 revocavit
3661 4723 3719 4778 ad

2142 4825 2333 4879 vitam.
2373 4825 2582 4879 Aliter:
2617 4823 2725 4877 Per
2745 4823 2945 4876 cmlum
2978 4836 3275 4891 possumus
3306 4819 3616 4889 intelligere
3635 4816 3721 4869 Ju-

2143 4913 2309 4978 daeos,
2351 4912 2446 4983 qui
2487 4911 2733 4965 coelestia
2772 4910 3037 4963 mandata
3076 4913 3446 4978 acceperant;
3478 4922 3577 4977 per
3617 4910 3719 4956 ter-

2142 4988 2264 5054 ram
2286 5017 2413 5055 vero
2432 5001 2670 5070 gentiles
2693 4998 2785 5068 qui
2806 4998 3158 5053 solummodo
3171 5002 3398 5050 terrena
3418 4992 3719 5064 cogitabant

2145 5096 2313 5161 atque
2340 5088 2684 5160 quaerebant,
2718 5093 2775 5141 et
2802 5103 2903 5157 pro
2933 5088 3047 5140 Deo
3078 5086 3229 5139 idola
3258 5084 3531 5139 colebant.
3559 5083 3721 5151 Repa-

2144 5178 2287 5231 ravit
2307 5194 2439 5247 ergo
2464 5177 2613 5230 Deus
2640 5177 2807 5229 Pater
2836 5175 3025 5227 omnia
3050 5191 3172 5244 quae
3194 5174 3250 5226 in
3279 5173 3418 5227 ccelo
3442 5178 3495 5225 et
3523 5186 3641 5240 qua:
3668 5166 3722 5219 in

2142 5272 2293 5321 terra
2321 5274 2454 5319 sunt
2474 5282 2574 5336 per
2603 5266 2919 5336 passionem
2941 5262 3063 5316 Filii
3086 5262 3193 5326 sui,
3222 5261 3447 5332 quando
3473 5261 3572 5315 hoc
3587 5253 3720 5327 quod

2140 5356 2309 5427 periit
2330 5355 2386 5408 in
2407 5353 2618 5408 Judaeis
2658 5354 2715 5407 in
2742 5352 3076 5406 infidelitate
3108 5350 3486 5414 manentibus,
3510 5364 3574 5401 ex
3595 5342 3722 5398 mul-

2138 5444 2381 5499 titudine
2403 5444 2657 5515 gentium
2689 5440 3030 5495 venientium
3052 5440 3122 5494 ad
3152 5439 3320 5495 ﬁdem
3357 5435 3721 5508 complevit,et

2139 5534 2244 5589 hoc
2272 5534 2332 5589 in
2355 5532 2769 5607 dispensatione
2790 5530 3156 5602 plenitudinis
3182 5535 3497 5600 temporum
3520 5518 3721 5588 fecit,id
