3966 6156
249 275 339 335 705
889 268 1269 327 EXPOSITIO
1300 270 1376 325 IN
1412 268 1565 325 EPP.
1600 268 1656 325 S.
1689 265 1926 322 PAULI.
1962 296 2026 307 —
2056 265 2135 322 IN
2164 264 2387 324 EPIST.
2423 264 2519 321 AD
2549 262 2798 321 EPHES.
3378 268 3479 324 706

240 406 314 455 est
342 400 396 453 in
425 402 579 453 aetate
621 397 805 452 saeculi
848 402 1024 456 sexta,
1057 412 1226 466 quam
1271 396 1419 450 Deus
1457 394 1577 465 ipse
1601 392 1949 454 decre-Aex
1977 392 2157 463 pretio
2188 394 2559 464 compleatur.
2583 393 2742 449 Unde
2767 392 2972 448 dicitur
2989 390 3161 448 arrha
3186 408 3222 447 a
3250 409 3311 448 re
3331 410 3482 450 com-

238 495 376 544 verat
406 493 457 541 et
486 491 769 541 statuerat.
808 487 888 539 De
930 486 1035 539 hac
1083 485 1429 555 plenitudine
1479 488 1805 554 temporum
1888 482 2114 551 plenda,
2139 499 2239 552 pro
2270 500 2380 553 qua
2410 484 2594 538 datur.
2646 482 2775 553 Ipse
2817 500 2950 554 ergo
2980 484 3220 554 Spiritus
3253 490 3477 539 sanctus

238 577 357 631 dicit
394 575 517 629 alibi
548 575 691 628 idem
723 575 1027 644 Apostolus
1059 592 1069 603 ·
1104 575 1408 644 Postquam
1438 576 1585 626 venit
1629 574 1804 638 pleni-
1884 571 2240 625 credentibus
2273 578 2358 625 est
2386 573 2573 636 arrha,
2597 572 2728 642 quia
2758 572 2827 626 ab
2850 573 2944 625 illo
2971 573 3356 643 operationem
3374 573 3472 626 mi-

240 667 352 719 tudo
380 671 693 732 temporum,
714 663 769 715 id
792 669 877 717 est
896 668 1052 715 sexta
1077 668 1230 723 aetas,
1264 666 1413 714 misit
1439 663 1577 715 Deus
1596 661 1802 714 Filium
1886 660 2204 713 raculorum
2236 661 2535 731 accipiunt,
2573 662 2823 732 aliasque
2851 662 3106 722 virtutes,
3138 678 3292 732 spem
3322 662 3478 715 vide-

239 770 383 809 suum
414 753 545 817 (Gal.
580 758 667 815 iv).
699 752 768 804 Et
794 752 940 821 quod
972 750 1109 804 dicit
1147 750 1235 803 hic
1263 750 1555 820 pluraliter
1586 756 1802 819 tempo-
1884 748 2032 811 licet,
2065 749 2229 802 ﬁdem
2263 756 2319 803 et
2340 751 2697 819 charitatem,
2732 750 3249 821 interpretationem
3273 767 3482 805 sermo-

238 847 438 903 rum,et
457 839 977 909 alibisingulariter,
997 844 1403 909 tempusunum
1418 839 1677 908 idemque
1696 843 1798 891 est.
1885 852 2020 890 num
2052 844 2366 908 czeteraque
2399 838 2740 908 hujusrnodi.
2778 840 2845 893 Et
2872 840 2919 892 si
2960 840 3017 893 in
3063 840 3323 909 praesenti
3350 845 3477 894 tan-

301 932 360 983 In
384 945 501 996 quo,
526 927 579 980 id
602 934 686 980 est
715 927 770 980 in
793 927 1015 981 Christo
1056 927 1169 979 sive
1195 943 1293 996 per
1323 926 1629 987 Christum,
1662 930 1803 979 sorte
1884 931 1998 979 tam
2029 927 2266 996 gloriam
2298 927 2604 982 habeamus
2636 928 2705 981 ab
2732 928 2848 985 illo.
2881 945 3009 982 cum
3040 929 3222 981 adhuc
3251 929 3478 982 arrham

241 1018 340 1071 sive
355 1016 613 1070 electione
634 1020 808 1070 vocati
826 1031 1038 1076 sumus,
1074 1015 1340 1070 subaudis
1356 1016 1427 1069 ad
1448 1018 1615 1069 vitam
1648 1019 1803 1069 eeter-
1887 1017 2199 1078 teneamus,
2227 1032 2339 1069 non
2370 1015 2524 1069 aliud
2554 1016 2685 1086 quid
2714 1017 3025 1086 putandum
3054 1023 3139 1070 est
3158 1022 3379 1086 quantae
3400 1016 3482 1070 di-

240 1107 769 1175 nam,przdestinati,
795 1105 909 1159 sive
929 1104 1285 1175 praeordinati
1302 1107 1601 1157 secundum
1609 1119 1803 1171 propo-
1883 1102 2118 1171 gnitatis
2148 1104 2375 1168 erimus,
2410 1121 2537 1158 cum
2559 1104 2720 1158 nobis
2741 1105 2796 1159 in
2826 1112 3035 1159 aeterna
3052 1105 3316 1158 felicitate
3335 1121 3482 1159 com-

240 1199 388 1249 situm
406 1198 538 1262 ejus,
567 1194 626 1247 id
651 1199 736 1247 est
766 1194 1070 1248 secundum
1102 1192 1524 1267 dispositionem
1574 1192 1673 1246 Dei
1702 1193 1803 1246 Pa-
1884 1190 2129 1261 plebitur
2157 1192 2306 1262 quod
2334 1192 2499 1245 modo
2522 1193 2681 1246 deest
2731 1193 2786 1247 in
2818 1210 2930 1264 qua
2956 1194 3076 1247 sine
3098 1195 3207 1247 ﬁne
3238 1209 3478 1264 praesen-

236 1284 341 1345 tris,
371 1282 459 1353 qui
485 1282 674 1337 omnia
720 1288 984 1353 operatus
1032 1286 1116 1335 est
1164 1282 1471 1335 secundum
1505 1280 1803 1335 consilium
1887 1278 1968 1331 tia
1996 1279 2095 1333 Dei
2114 1279 2340 1333 fruituri
2364 1298 2559 1334 sumus
2573 1281 2595 1334 ‘?
2609 1282 2676 1334 Et
2695 1282 3004 1335 notandum
3028 1282 3161 1352 quia
3180 1282 3239 1335 in
3260 1282 3477 1336 redem-

237 1371 511 1426 voluntatis
556 1387 691 1436 suae,
748 1371 854 1424 hoc
898 1374 982 1424 est
1025 1370 1332 1424 secundum
1364 1370 1511 1440 quod
1540 1370 1659 1440 ipse
1687 1370 1805 1423 vult
1886 1367 2133 1437 ptionem
2182 1368 2566 1439 acquisitionis
2622 1376 2843 1432 nostra,
2900 1374 2958 1422 et
3014 1370 3233 1423 laudem
3283 1374 3473 1438 glorias

237 1465 286 1514 et
310 1461 536 1514 ordinat.
570 1460 814 1530 Ideoque
836 1475 1031 1513 sumus
1060 1458 1438 1529 praedestinati
1468 1458 1582 1511 sive
1602 1475 1804 1527 praeor-
1887 1456 2095 1510 Christi
2121 1456 2389 1511 habemus
2422 1474 2523 1511 nos
2569 1459 2795 1511 arrham
2840 1458 3084 1528 Spiritus
3124 1458 3322 1523 sancti,
3351 1458 3484 1529 quia

238 1549 391 1602 dinati
413 1549 479 1602 ad
498 1548 670 1601 vitam
693 1554 981 1611 aeternam,
999 1553 1063 1601 ut
1083 1547 1257 1601 simus
1284 1548 1342 1600 in
1370 1546 1591 1600 laudem
1613 1547 1805 1616 gloriae
1886 1561 1987 1615 per
2012 1545 2171 1598 illum
2198 1545 2542 1616 acquirimur
2554 1547 2972 1618 Deo,redempti
2989 1546 3261 1617 sanguine
3281 1546 3476 1618 ipsius,

239 1639 361 1708 ejus.
391 1636 653 1691 subaudis
700 1653 803 1690 nos
843 1635 1018 1690 Judaei
1064 1635 1159 1705 qui
1199 1641 1330 1689 ante
1372 1634 1718 1704 speravimus
1747 1635 1805 1688 in
1886 1632 1942 1686 id
1975 1639 2059 1687 est
2087 1633 2315 1694 Christi,
2348 1640 2405 1688 et
2433 1633 2698 1704 baptizati
2723 1635 2782 1688 in
2806 1636 2914 1688 ﬁde
2939 1635 3081 1705 ejus,
3100 1640 3165 1689 ut
3193 1635 3311 1706 ipse
3332 1635 3481 1690 Deus

241 1726 456 1790 Christo,
487 1727 590 1779 hoc
619 1731 723 1791 est,
755 1730 818 1779 ut
848 1724 1109 1778 laudetur
1136 1730 1193 1776 et
1213 1724 1558 1793 gloriﬁcatur
1584 1723 1703 1793 ipse
1733 1722 1803 1776 ab
1824 1746 1870 1804 B
1888 1722 2534 1792 omnipotenslaudetur
2556 1728 2613 1776 et
2640 1722 3001 1793 gloriﬁcetur.

241 1814 488 1868 omnibus.
524 1814 592 1867 Et
615 1814 880 1867 laudetur
896 1828 1009 1866 non
1031 1813 1210 1866 solum
1234 1829 1300 1865 ex
1321 1812 1499 1865 salute
1522 1812 1798 1881 gentium,
1956 1812 2265 1878 Propterea,
2281 1811 2549 1865 subaudis
2568 1811 2701 1881 quia
2717 1828 2809 1864 vos
2838 1812 3065 1865 arrham
3091 1811 3335 1881 Spiritus
3356 1826 3481 1866 san-

238 1903 321 1956 sed
346 1902 504 1956 etiam
533 1918 598 1954 ex
628 1907 842 1966 nostra,
892 1918 1018 1955 cum
1064 1900 1336 1954 fuerimus
1369 1900 1661 1969 justiﬁcati
1706 1917 1805 1971 per
1886 1899 1960 1952 cti
1988 1898 2224 1965 habetis,
2258 1900 2515 1970 acquisiti
2538 1900 2672 1953 estis
2700 1901 2832 1965 Deo,
2868 1907 2920 1956 et
2944 1917 3036 1967 ego
3063 1903 3295 1954 aud-iens
3315 1902 3479 1966 ﬁdem

239 1990 548 2060 baptismum
584 1996 642 2044 et
691 2007 792 2060 per
840 1990 1003 2044 ﬁdem
1055 1989 1330 2060 passionis
1377 1990 1517 2058 ejus,
1553 1989 1648 2059 qui
1690 2006 1799 2043 non
1883 1999 2138 2052 vestram,
2160 2004 2277 2055 qua:
2305 1992 2365 2041 in
2392 1990 2621 2042 Domino
2643 1992 2788 2053 Jesu,
2809 1989 2863 2041 id
2881 1994 2967 2042 est
2993 2005 3161 2059 quam
3180 1988 3396 2042 habetis
3421 1989 3480 2043 in

238 2085 531 2150 poteramus
554 2079 854 2149 justiﬁcari
883 2095 983 2149 per
1020 2079 1217 2148 legem,
1249 2095 1370 2147 quae
1410 2078 1690 2131 neminem
1732 2077 1802 2131 ad
1883 2076 2410 2130 ﬁdeetdilectionem
2426 2077 2828 2146 Christi,quam
2848 2076 3478 2132 habetisinomnessan-

238 2169 515 2238 perfectum
545 2168 796 2221 adduxit.
824 2167 1121 2221 Sciendum
1146 2166 1415 2237 quiaipse
1430 2172 1619 2219 nostra
1639 2165 1801 2219 laude
1884 2170 2009 2229 ctos,
2041 2166 2143 2219 hoc
2172 2170 2258 2218 est
2291 2165 2346 2218 in
2378 2182 2573 2219 omnes
2612 2167 2987 2220 sanctiﬁcatos
3017 2166 3075 2219 in
3108 2166 3469 2235 baptismate.

238 2272 335 2311 non
359 2263 492 2327 eget,
525 2256 623 2310 sed
654 2272 756 2310 nos
783 2272 1012 2326 egemus
1031 2261 1096 2310 ut
1122 2255 1280 2308 illum
1308 2255 1586 2308 laudando
1607 2271 1801 2324 perve-

237 2345 431 2399 niamus
473 2346 542 2399 ad
588 2345 831 2415 gratiam
876 2344 1043 2398 illius.
1084 2343 1251 2397 Verbi
1278 2344 1465 2413 gratia
1498 2360 1509 2395 :
1546 2343 1691 2397 sicut
1719 2343 1803 2397 sol

235 2449 331 2488 non
355 2440 474 2504 eget
500 2440 697 2487 nostro
718 2437 967 2502 aspectu,
995 2436 1059 2485 ut
1087 2447 1189 2484 nos
1224 2432 1537 2485 claritatem
1569 2432 1690 2501 ejus
1719 2431 1801 2484 vi-

235 2522 438 2575 deamus
467 2527 523 2575 et
542 2521 922 2592 splendorem,
954 2520 1034 2573 sic
1062 2536 1165 2573 nos
1192 2519 1508 2588 indigemus
1538 2520 1689 2573 illius
1708 2536 1801 2573 ca-

234 2608 334 2664 lore
358 2617 410 2665 et
437 2609 868 2677 illuminatione,
898 2614 963 2663 ut
991 2607 1060 2661 ab
1090 2607 1185 2661 illo
1213 2607 1598 2662 illuminemur
1622 2613 1679 2661 et
1706 2624 1801 2662 ca-

235 2697 443 2753 leamus.

298 2788 355 2840 In
376 2804 495 2855 quo,
524 2787 581 2840 id
611 2790 705 2841 est
729 2786 787 2839 in
813 2785 1036 2840 Christo
1061 2784 1176 2839 sive
1197 2801 1297 2855 per
1318 2784 1604 2839 Christum
1620 2790 1667 2838 et
1690 2802 1798 2852 vos,

240 2874 488 2929 subaudis’
504 2876 750 2947 Ephesii,
784 2891 911 2928 cum
942 2876 1231 2928 audissetis
1270 2876 1495 2926 verbum
1532 2876 1799 2940 veritatis,

240 2961 328 3017 hoc
347 2971 442 3029 est,
470 2966 833 3032 Evangelium
855 2967 1052 3017 salutis
1068 2968 1270 3030 vestrae,
1290 2961 1575 3024 subaudis,
1592 2962 1804 3032 recepi-

237 3052 322 3105 stis
340 3054 497 3107 tinem
527 3055 673 3123 ejus,
704 3056 768 3105 in
796 3068 919 3120 quo,
964 3052 1020 3104 id
1059 3056 1145 3105 est
1181 3051 1239 3104 in
1278 3050 1499 3104 Christo
1532 3052 1802 3104 credentes

236 3142 433 3208 signati,
457 3141 512 3194 id
545 3148 634 3194 est
658 3140 888 3210 sigillati
904 3139 988 3194 vel
1009 3137 1278 3208 assignati
1297 3141 1422 3191 estis
1442 3137 1658 3207 Spiritu
1676 3154 1804 3206 pro-

236 3232 486 3284 missionis
513 3236 724 3295 sancto,
755 3230 811 3284 id
842 3235 928 3283 est
956 3245 1056 3299 per
1079 3229 1351 3298 Spiritum
1393 3233 1670 3293 sanctum,
1707 3228 1802 3299 qui

233 3318 509 3386 promissus
537 3323 625 3372 est
656 3335 691 3370 a
722 3317 959 3371 Domino
991 3316 1275 3386 apostolis,
1301 3322 1355 3369 et
1382 3332 1483 3386 per
1511 3333 1677 3385 quem
1701 3332 1801 3370 nos

232 3402 474 3461 habemus
504 3406 937 3477 promissionem
962 3406 1087 3458 vitae
1112 3403 1498 3475 in‘baptismo.
1515 3406 1801 3475 Assignati

233 3508 345 3562 ergo
370 3511 558 3549 sumus
577 3496 697 3549 Deo
729 3510 826 3564 per
852 3492 1121 3563 Spiritum
1155 3500 1430 3559 sanctum,
1464 3510 1631 3563 quem
1670 3510 1801 3564 per-

228 3581 450 3652 cepimus
470 3583 527 3637 in
546 3582 847 3653 baptismo,
876 3580 1009 3651 quia
1036 3581 1387 3649 signaculum
1410 3581 1798 3634 similitudinis

228 3669 475 3741 Dei,quod
495 3670 843 3741 perdidimus
854 3673 1118 3740 peccante
1137 3669 1316 3738 primo
1330 3675 1565 3739 parente
1583 3676 1794 3737 nostro,

228 3757 347 3813 illud
373 3761 673 3831 recipimus
704 3759 762 3812 in
783 3758 1079 3829 baptismo,
1112 3758 1216 3811 hoc
1237 3764 1324 3811 est
1342 3757 1719 3813 innocentiam
1741 3765 1798 3813 et

231 3850 555 3904 sanctitatem
579 3849 808 3913 animae,
831 3848 888 3901 in
903 3848 1187 3917 quahomo
1202 3847 1379 3900 iactus
1391 3853 1477 3900 est
1495 3848 1565 3901 ad
1595 3848 1796 3918 imagi-

232 3951 342 3991 nem
357 3944 416 4004 et
435 3938 862 3993 similitudinem
886 3936 983 3989 Dei
1006 3956 1017 3989 :
1044 3953 1156 3990 non
1180 3936 1328 3988 enim
1362 3936 1419 3988 in
1439 3952 1669 4006 corpore
1698 3936 1802 3991 fuit

232 4025 316 4078 illa
342 4027 645 4081 similitudo
672 4031 729 4079 et
756 4026 960 4094 imago,
992 4024 1085 4078 sed
1110 4025 1167 4077 in
1195 4024 1386 4077 anima
1426 4024 1709 4077 Habemus
1735 4023 1807 4077 si-

235 4114 430 4183 quidem
481 4114 862 4170 innocentiam
906 4113 1109 4166 anima:
1144 4118 1447 4183 receptam,
1480 4112 1703 4183 purgati
1730 4112 1799 4165 ab

234 4204 364 4256 omni
386 4204 505 4258 labe
532 4203 843 4275 peccati,et
858 4202 1340 4255 immortalitatem
1359 4200 1413 4254 in
1427 4200 1657 4271 corpore
1680 4202 1800 4272 jam

1954 2255 2078 2307 Non
2107 2270 2244 2307 cesso
2270 2258 2483 2321 gratias
2513 2270 2678 2322 agens
2696 2270 2797 2322 pro
2822 2258 2989 2319 vobis,
3035 2254 3303 2309 subaudis
3340 2257 3475 2324 Deo,

1884 2344 2210 2395 memoriam
2225 2344 2434 2408 faciens
2452 2345 2619 2395 vestri
2630 2345 2691 2395 in
2710 2344 3056 2396 orationibus
3072 2343 3479 2414 meis,primum

1885 2446 1986 2500 pro
2004 2430 2319 2490 me,deinde
2345 2447 2445 2500 pro
2462 2429 2635 2489 vobis,
2652 2437 2711 2483 ut
2728 2433 2867 2484 Deus
2895 2433 3125 2484 Domini
3155 2435 3332 2485 nostri
3350 2435 3477 2487 Jesu

1885 2520 2108 2581 Christi,
2144 2518 2199 2571 id
2232 2525 2318 2572 est
2346 2520 2493 2573 Deus
2529 2518 2696 2572 Pater
2723 2522 2816 2589 qui
2859 2525 2943 2573 est
2988 2520 3154 2584 Deus,
3188 2527 3477 2591 assumpto

1882 2606 2111 2660 homine
2139 2624 2172 2659 a
2201 2606 2466 2673 Verbo,et
2489 2609 2651 2661 Pater
2678 2610 2886 2674 gloria},
2915 2608 2972 2661 id
3002 2614 3087 2661 est
3109 2608 3274 2661 Pater
3288 2600 3474 2675 Verbi,

1884 2697 1969 2748 det
1999 2689 2143 2748 vbbis
2164 2695 2441 2762 Spiritum
2471 2699 2752 2763 sapientia
2770 2702 2819 2749 et
2846 2698 3193 2749 revelationis
3222 2696 3335 2749 sive
3357 2713 3477 2750 ma-

1884 2783 2276 2847 nifestationis,
2311 2787 2373 2837 in
2397 2787 2680 2851 agnitione
2704 2788 2841 2851 ejus,
2860 2785 2964 2838 hoc
2984 2789 3088 2849 est,
3121 2784 3180 2837 in
3210 2784 3480 2854 cognitio-

1884 2889 2013 2927 nem
2049 2871 2153 2925 Dei
2182 2872 2383 2925 Patris.
2432 2873 2617 2936 Quare
2653 2872 2809 2932 dixit,
2864 2889 2973 2925 non
3023 2889 3162 2926 cesso
3196 2889 3299 2941 pro
3329 2876 3477 2927 vobis

1885 2963 2100 3028 gratias
2130 2961 2337 3014 referre
2378 2961 2540 3014 Deo?
2587 2960 2850 3031 Nunquid
2880 2977 3102 3031 semper
3132 2967 3355 3031 poterat
3384 2962 3505 3015 in--

1888 3050 2086 3103 sistere
2137 3049 2396 3103 laudibus
2426 3054 2483 3103 et
2511 3049 2895 3103 orationibus?
2924 3050 3071 3116 Non,
3122 3051 3215 3103 sed
3250 3056 3478 3121 propter

1885 3139 2187 3191 maximam
2217 3138 2605 3192 assiduitatem
2630 3138 2768 3192 dixit
2790 3137 2927 3192 talia
2969 3138 3100 3192 Ideo
3130 3144 3317 3193 autem
3336 3140 3478 3195 dixi-

1884 3243 2012 3280 mus
2043 3228 2218 3280 Deum
2250 3226 2474 3280 Patrem
2503 3228 2681 3282 Deum
2711 3244 2830 3280 esse
2861 3227 3104 3280 hominis
3133 3230 3407 3299 assumpti
3442 3245 3477 3284 a

1885 3314 2066 3369 Verbo
2098 3316 2230 3385 quia
2258 3315 2315 3368 in
2352 3315 2586 3369 veritate
2629 3315 2710 3369 ita
2752 3315 3010 3380 habetur,
3059 3316 3203 3370 sicut
3246 3317 3366 3388 ipse
3410 3335 3477 3373 ex

1882 3410 2042 3474 parte
2071 3404 2440 3457 humanitatis
2472 3405 2723 3474 loquitur
2748 3405 2809 3457 in
2841 3404 3118 3474 passione,
3146 3407 3302 3471 Deus,
3337 3409 3476 3462 Deus

1882 3508 2232 3559 meus,quare
2252 3509 2335 3545 me
2354 3494 2701 3559 dereliquisti
2729 3493 2941 3556 (Matth.
2974 3502 3144 3555 xxvn)
3165 3511 3177 3559 ;
3202 3498 3259 3546 et
3286 3510 3478 3548 resur-

1878 3597 2018 3651 gens
2065 3597 2098 3633 a
2144 3580 2402 3645 mortuis,
2452 3580 2591 3633 dixit
2632 3580 2819 3634 Mariae
2850 3599 2861 3634 :
2893 3582 3131 3634 Ascendo
3155 3582 3229 3634 ad
3255 3583 3477 3636 Patrem

1880 3685 2061 3722 meum
2093 3675 2142 3722 et
2165 3672 2382 3722 Patrem
2407 3673 2665 3726 vestrum.
2693 3670 2864 3721 Deum
2904 3685 3087 3721 meum
3116 3672 3166 3721 et
3191 3670 3364 3723 Deum
3386 3686 3476 3724 ve-

1878 3758 2252 3819 strum(Joan.
2285 3760 2395 3816 xx).
2430 3756 2597 3809 Pater
2624 3761 2811 3809 autem
2840 3756 3031 3826 gloriae
3062 3756 3237 3821 est,id
3261 3764 3346 3811 est
3374 3758 3476 3812 Pa-

1877 3850 1965 3898 ter
1991 3843 2179 3909 Verbi,
2200 3844 2329 3914 quia
2349 3844 2467 3914 ipse
2498 3844 2670 3897 Filius
2692 3844 2873 3913 gloria
2894 3845 3233 3914 appellatur,
3254 3845 3476 3901 dicente

1879 3934 2045 3987 Patre
2074 3933 2144 3985 ad
2176 3949 2304 3986 eum
2337 3951 2347 3985 :
2381 3933 2644 3999 Exsurge,
2667 3935 2850 3998 gloria
2872 3948 3007 3993 mea,
3040 3949 3243 4000 exurge
3268 3938 3473 4001 psalte-

1880 4026 2033 4075 rium
2060 4023 2224 4087 (Psat.
2271 4035 2402 4083 Lv1~,
2436 4019 2488 4073 id
2519 4026 2605 4073 est
2635 4020 2838 4074 chorus
2886 4020 3137 4074 omnium
3179 4021 3473 4080 virtutum.

1879 4111 1987 4164 Per
2014 4110 2173 4162 illum
2204 4108 2352 4162 enim
2373 4108 2718 4177 gloriﬁcalus
2747 4115 2831 4163 est
2859 4110 3008 4163 Deus
3040 4110 3224 4164 Pater.

1953 4201 2307 4253 ltluminatos
2336 4200 2518 4251 oculos
2556 4199 2733 4252 cordis
2764 4202 2948 4265 vestri,
2986 4198 3256 4253 subaudis
3285 4205 3342 4255 et
3378 4202 3473 4258 det

232 4292 462 4347 tenemus
487 4293 546 4346 in
574 4309 695 4363 spe.
726 4293 851 4358 Qui,
879 4290 1145 4344 subaudis
1175 4290 1415 4360 Spiritus
1448 4295 1692 4356 sanctus,
1726 4296 1801 4344 est
1882 4287 2054 4354 vobis,
2074 4293 2134 4340 ut
2167 4290 2354 4341 sciatis
2383 4303 2501 4355 qua:
2523 4289 2595 4340 sit
2620 4303 2734 4355 spes
2763 4292 3112 4341 vocationisa
3133 4290 3478 4361 subsequen-

228 4381 406 4446 pignus
431 4382 764 4435 hereditatis
795 4386 991 4434 nostra:
1020 4383 1084 4433 in
1110 4381 1535 4448 redemptionem
1564 4383 1800 4448 acquisi-
1816 4370 1865 4428 D
1886 4376 2033 4430 tibus
2052 4377 2109 4429 in
2136 4378 2363 4437 sanctis,
2381 4377 2485 4430 hoc
2497 4382 2582 4429 est
2604 4382 2668 4430 ut
2687 4376 2940 4431 habeatis
2965 4394 3121 4449 spem
3137 4380 3481 4450 percipiendi

237 4468 398 4521 tionis.
445 4470 596 4525 Dicit
643 4468 839 4523 beatus
885 4469 1261 4537 Hieronymus
1306 4468 1368 4521 in
1412 4468 1802 4538 explanatione
1883 4466 2056 4519 vitam
2080 4472 2366 4520 aeternam.
2390 4466 2673 4537 Sequitur,
2696 4473 2743 4521 et
2772 4470 2960 4522 omn-ia
2985 4469 3084 4522 sub
3112 4470 3338 4537 pedibus
3362 4474 3480 4540 ejus

237 4552 380 4624 hujus
405 4557 689 4628 Epistolas,
724 4556 856 4627 quia
883 4556 1082 4611 melius
1098 4562 1183 4610 est
1197 4557 1400 4622 dicere,
1419 4556 1515 4627 qui
1535 4565 1622 4611 est
1635 4557 1804 4611 arrha
1883 4556 2127 4623 subjecit.
2172 4556 2304 4619 Quae
2336 4556 2526 4610 omnia
2555 4556 2579 4609 ’ἶ
2606 4556 2818 4611 scilicet
2850 4574 3060 4627 genera
3086 4557 3398 4625 hominum,
3423 4564 3480 4614 et

236 4641 553 4701 hereditatis
581 4651 787 4700 nostrae
818 4662 987 4716 quam
1017 4646 1220 4715 pignus
1249 4665 1260 4699 :
1297 4645 1429 4716 quia
1457 4644 1536 4699 ita
1564 4645 1804 4700 habetur
1885 4644 2077 4698 omnia
2098 4661 2220 4715 quae
2240 4645 2298 4698 in
2310 4649 2603 4699 terrasunt
2617 4645 2738 4699 etin
2752 4646 2889 4705 caelo
2905 4645 3285 4700 continentur.
3308 4648 3472 4710 Quae.

238 4730 286 4785 in
312 4733 505 4790 Graeco.
541 4736 832 4806 Interpres
846 4735 995 4788 enim
1017 4734 1113 4804 qui
1131 4735 1272 4787 hanc
1295 4733 1601 4804 Epistolam
1617 4740 1802 4788 trans-
1884 4734 1993 4788 stio
2020 4734 2199 4788 oritur
2219 4734 2277 4787 in
2306 4734 2411 4787 hoc
2442 4734 2557 4786 loco
2592 4749 2718 4786 cum
2756 4732 3058 4786 Psalmista
3086 4732 3254 4799 dicat,
3288 4735 3477 4791 omnia

237 4822 352 4876 tulit
374 4824 439 4878 dc
465 4825 657 4879 Graeco
681 4839 939 4878 sermone
967 4823 1026 4876 in
1057 4822 1462 4886 Latinum,non
1482 4823 1802 4893 intelligens
1883 4821 2133 4892 subjecta
2158 4839 2278 4875 esse
2306 4821 2567 4892 potestati
2591 4820 2712 4873 Filii
2750 4820 2871 4887 Dei,
2893 4820 3037 4874 sicut
3057 4828 3115 4876 et
3142 4823 3201 4877 in
3222 4822 3324 4878 hoc
3352 4825 3472 4879 loco

238 4912 612 4982 proprietatem
660 4912 831 4976 verbi,
885 4928 984 4982 pro
1028 4912 1194 4965 arrha
1242 4912 1531 4966 transtulit
1573 4912 1796 4982 pignus.
1883 4911 2106 4975 dicitur,
2132 4927 2305 4981 quare
2330 4910 2629 4981 Apostolus
2658 4909 2714 4961 in
2742 4908 2993 4977 Epistola
3015 4911 3086 4964 ad
3114 4911 3476 4969 Hebraeosdi-

234 4998 378 5075 Aliud
399 5003 674 5073 siquidem
697 5008 783 5054 est
809 5000 1031 5071 pignus,
1063 5000 1215 5054 aliud
1244 5001 1415 5054 arrha
1447 5019 1458 5054 :
1492 5002 1695 5071 pignus
1718 5008 1803 5057 est
1883 5005 1991 5061 cat,
2026 5001 2253 5053 necdum
2299 5001 2543 5052 videmus
2580 4998 2819 5063 subjecta
2857 5000 3048 5052 omnia
3086 5003 3183 5054 ei?
3214 5003 3360 5070 (Heb.
3388 5007 3478 5074 II.)

235 5086 434 5143 vadium
461 5091 576 5145 sive
608 5090 1012 5152 vadimonium,
1040 5090 1188 5159 quod
1216 5089 1341 5142 ideo
1379 5090 1546 5143 datur
1568 5096 1631 5143 ut
1660 5090 1801 5144 reci-
1884 5089 2018 5152 Quae
2040 5086 2270 5158 quaestio
2297 5087 2401 5141 hoc
2426 5084 2589 5139 modo
2615 5085 2867 5148 solvitur,
2894 5086 3029 5156 quia
3043 5087 3168 5145 duae
3189 5096 3319 5145 sunt
3338 5092 3474 5146 sub-

236 5174 419 5244 piatur,
450 5187 504 5233 et
523 5180 705 5234 solent
731 5180 836 5232 hoc
866 5179 1000 5232 dare
1030 5178 1301 5238 homines,
1333 5195 1568 5248 quorum
1600 5195 1803 5249 pecora
1878 5176 2173 5246 jectiones,
2209 5174 2519 5228 voluntaria
2539 5173 2654 5226 sive
2674 5180 3002 5243 spontanea,
3029 5183 3084 5231 et
3097 5179 3342 5234 coactiva
3363 5181 3478 5235 sive

237 5260 572 5323 inveniuntur
602 5270 660 5323 in
689 5269 925 5322 aliorum
955 5266 1371 5337 segetibus,aut
1399 5267 1695 5332 vineis,aut
1712 5269 1802 5322 cui
1885 5265 2236 5338 potestativa.
2266 5265 2344 5316 De
2383 5262 2697 5315 voluntaria
2740 5263 2911 5332 igitur
2962 5266 3303 5336 sulijectione
3341 5270 3477 5324 dicit

238 5351 442 5422 aliquod
456 5357 719 5412 damnum
733 5357 1118 5423 committunt;
1140 5357 1309 5409 arrha
1328 5362 1514 5409 autem
1538 5362 1801 5425 estquam
1884 5354 2182 5424 Apostolus
2207 5351 2277 5405 ad
2304 5350 2569 5406 Hebraaos
2598 5352 2834 5406 necdum
2861 5370 2983 5408 esse
3010 5356 3257 5426 subjecta
3285 5358 3476 5413 omnia

239 5441 404 5496 solent
421 5446 792 5516 negotiatores
808 5447 941 5500 dare
970 5446 1051 5499 illi
1078 5463 1111 5499 a
1138 5446 1341 5517 quibus
1359 5444 1570 5516 aliquid
1585 5450 1799 5510 emunt,
1885 5444 1955 5508 ei,
2001 5460 2101 5514 per
2148 5441 2316 5495 fidem
2360 5446 2415 5494 et
2443 5441 2785 5496 voluntatem
2812 5468 2822 5501 :
2857 5443 2989 5514 quia
3017 5444 3253 5498 necdum
3279 5462 3471 5500 omnes

239 5543 347 5604 quae
372 5531 493 5591 ideo
512 5534 678 5594 datur
695 5551 808 5595 non
823 5540 889 5598 ut
906 5534 1229 5611 recipiatur,
1251 5535 1352 5593 sed
1377 5538 1441 5593 ut
1460 5534 1606 5613 quod
1630 5534 1699 5592 de
1719 5538 1803 5599 est
1881 5536 2079 5609 gentes
2095 5530 2526 5590 credideruntin
2545 5546 2695 5599 eum.
2718 5531 2801 5591 De
2820 5533 3068 5601 coactiva
3089 5549 3219 5593 vero
3237 5533 3351 5589 sive
3362 5549 3470 5611 p09
