3966 6156
506 248 611 307 707
950 226 1337 305 HAYMONIS
1361 247 1848 307 HALBERSTAT.
1882 246 2102 304 EPISC.
2139 246 2296 304 OPP.
2328 249 2587 311 PARS'I,
2623 270 2687 294 -ί
2718 247 3098 309 COMMENT.
3129 249 3302 308 BIBL.
3610 250 3700 311 708

500 375 765 431 testativa
790 375 1139 446 subjectione
1158 374 1292 429 dicit
1312 374 1629 441 Psalmista,
1643 375 1835 451 omnia
1849 372 2165 443 subjectaA
2183 373 2373 430 diendi
2413 393 2588 432 causa
2618 377 2727 432 hoc
2768 376 2925 440 dixit,
2970 380 3030 431 et
3068 375 3180 431 tale
3208 381 3291 431 est
3307 377 3462 448 quale
3484 383 3535 434 et
3554 378 3668 434 illud
3691 397 3702 433 :

505 482 627 520 esse
657 466 728 531 ei,
758 465 889 537 quia
913 481 1011 536 per
1034 465 1359 535 potentiam,
1398 465 1572 519 velint
1600 465 1799 527 nolint,
1825 463 2002 519 Judaei
2021 468 2103 516 at-
2185 465 2389 519 Iv'uistis
2418 467 2721 534 aliquando
2754 467 3000 531 tenebrae,
3035 481 3186 520 nunc
3208 473 3382 520 autem
3413 470 3500 522 lus:
3539 470 3593 520 in
3630 469 3707 522 Do-

505 571 614 625 que
633 555 839 626 pagani
860 561 914 609 et
933 554 1212 608 daemones
1233 554 1467 623 subjecti
1485 562 1617 608 sunt
1636 555 1688 607 ei
1713 573 1725 607 :
1751 553 1883 624 quia
1902 552 2105 606 daemo—
2186 554 2338 605 mino
2359 554 2575 621 (Ep/tes.
2607 559 2678 622 v).
2709 552 2974 623 Sequitur
3004 568 3014 601 :
3047 554 3113 606 In
3143 555 3355 621 quibus,
3384 555 3622 609 subaudis
3636 555 3710 609 de-

503 660 603 698 nes
629 661 729 714 per
758 644 1163 698 invocationem
1193 643 1435 696 nominis
1467 644 1588 713 ejus
1614 644 1884 713 fngantur
1900 641 1970 695 ab
2001 641 2102 694 ob-
2184 639 2333 694 lictis
2362 646 2419 694 et
2449 642 2711 711 peccatis,
2743 648 2792 695 et
2826 658 2922 695 nos
2951 657 3156 698 omnes.
3174 641 3428 697 subaudis
3441 642 3618 704 Judaei,
3635 643 3711 696 ali-

505 732 673 786 sessis
702 731 1045 802 corporibus,
1064 738 1120 785 et
1138 731 1339 801 pagani
1358 731 1456 784 illo
1476 732 1837 801 permittente
1856 731 2099 784 aliorum
2187 729 2411 798 quando
2440 730 2753 784 conversati
2786 745 2980 784 sumus
3007 729 3066 783 in
3111 729 3397 784 desideriis
3423 732 3591 785 carnis
3615 748 3713 786 nos-

503 835 676 890 regna
697 825 752 873 et
783 825 963 874 terras
992 821 1281 874 invadunt.
1301 820 1369 873 Et
1389 823 1589 888 ipsum,
1620 820 1676 874 id
1702 826 1788 874 est
1812 819 2099 874 Christum
2181 822 2301 882 εποδε,
2338 818 2393 871 id
2420 824 2509 872 est
2533 819 2591 872 in
2615 818 2934 873 carnalibus
2959 818 3418 889 concupiscentiis
3445 826 3498 874 et
3515 819 3713 874 terrenis

502 909 647 961 dedit
676 909 822 962 Deus
861 909 1046 971 Pater,
1082 913 1269 976 caput,
1304 908 1409 962 hoc
1445 915 1532 963 est
1575 909 1903 981 principem,
1934 922 2098 975 super
2182 906 2585 976 voluptatibus,
2613 909 2873 974 facientes
2901 909 3237 961 voluntatem
3261 912 3446 962 carnis
3471 914 3519 963 et
3554 910 3717 976 cogita-

501 1006 715 1049 omnem
733 997 1237 1065 Ecclesiamquaeest
1254 1000 1660 1069 corpus'ipsius,
1689 996 1956 1051 subaudis
1976 1012 2098 1066 quae
2185 996 2421 1059 tionum,
2448 995 2552 1050 hoc
2581 1001 2686 1061 est,
2720 995 2867 1066 quod
2891 995 3277 1065 cogitabamus
3313 996 3469 1051 corde
3497 995 3717 1067 impleba-

501 1089 721 1138 constat
739 1101 804 1138 ex
832 1085 1047 1155 angelis
1063 1085 1452 1139 ethominibus
1469 1085 1662 1154 justis;
1690 1085 1945 1139 Christus
1966 1099 2099 1154 ergo
2183 1099 2309 1136 mus
2338 1099 2524 1154 opere,
2554 1083 2895 1138 adulterium
2914 1082 3187 1147 videlicet,
3204 1083 3719 1149 fornicationemJuro

501 1178 673 1243 caput
699 1173 816 1227 sive
846 1174 1105 1244 printeps
1138 1178 1224 1228 est
1244 1174 1521 1236 Ecclesiae,
1548 1175 1681 1244 quia
1701 1174 1844 1228 sicut
1860 1192 1899 1227 ra
1920 1174 2101 1244 capite
2182 1177 2325 1238 tum,
2364 1178 2494 1238 etc.,
2529 1179 2578 1227 et
2597 1190 2820 1227 eramus
2853 1179 3064 1227 natura
3092 1174 3313 1239 ﬁtiiirae
3334 1173 3532 1244 filiique
3555 1172 3720 1228 vindic-

500 1268 776 1331 reguntur
805 1262 1076 1325 membra,
1098 1266 1154 1316 et
1184 1279 1218 1315 a
1248 1262 1449 1332 spiritu
1472 1262 1779 1317 viviﬁcatur
1797 1263 2104 1333 corpus,ita
2184 1266 2272 1317 tae.
2301 1265 2443 1315 sicut
2465 1268 2514 1316 et
2543 1266 2722 1316 cateri
2746 1260 3015 1316 subaudis
3042 1261 3316 1316 homines.
3349 1262 3468 1316 Non
3496 1260 3721 1316 debemus

503 1355 562 1405 et
590 1368 623 1405 a
654 1351 876 1405 Christo
906 1356 1181 1421 reguntur
1206 1368 1401 1406 omnes
1430 1352 1593 1406 electi
1623 1355 1679 1406 et
1708 1352 2057 1405 vivificantur
2087 1370 2099 1405 :
2185 1356 2386 1421 putare
2415 1351 2563 1422 quod
2594 1356 2800 1405 natura
2822 1352 3071 1405 humana
3089 1367 3123 1404 a
3154 1350 3267 1405 Deo
3299 1351 3441 1405 mala
3476 1349 3544 1405 sit
3569 1358 3723 1406 creata

505 1442 562 1492 et
587 1438 733 1492 sicut
756 1455 957 1509 corpus
990 1444 1211 1493 constat
1256 1455 1321 1493 ex
1359 1440 1578 1494 ossibus
1617 1446 1674 1495 et
1698 1441 2014 1495 carnalibus
2046 1445 2102 1494 et
2186 1444 2243 1493 et
2279 1440 2521 1506 condita,
2571 1441 2703 1510 quia
2749 1440 2914 1506 bona,
2945 1445 3139 1494 sancta
3182 1445 3240 1494 et
3268 1439 3581 1493 immortalis
3606 1440 3723 1494 facta

504 1526 741 1582 fortibus
771 1534 942 1599 atque
974 1528 1212 1599 infirmis
1235 1528 1523 1594 membris,
1557 1535 1613 1583 et
1640 1534 1832 1584 tamen
1862 1529 2103 1583 omniaa
2183 1533 2290 1594 est,
2338 1529 2436 1582 sed
2482 1529 2615 1582 vitio
2660 1544 2763 1583 suo
2805 1533 3069 1599 corrupta
3123 1533 3181 1582 et
3221 1528 3514 1599 depravata
3536 1534 3625 1582 est.
3651 1528 3720 1582 Ad

504 1615 705 1686 spiritu
724 1617 1089 1683 viviﬁcantur,
1114 1618 1194 1671 ita
1220 1616 1461 1670 Ecclesia
1490 1620 1739 1672 continet
1767 1619 1825 1672 in
1851 1635 1909 1672 se
1932 1618 2102 1672 fortes
2122 1685 2151 1687 _
2183 1615 2485 1687 imaginem
2531 1622 2589 1671 et
2617 1617 3045 1672 similitudinem
3074 1616 3176 1671 Dei
3206 1617 3383 1671 factus
3409 1623 3491 1671 est
3513 1617 3655 1671 homo
3676 1616 3743 1687 in.

388 1706 403 1712 ’
505 1685 565 1757 in
593 1704 702 1757 ﬁde
731 1709 788 1757 et
807 1704 864 1757 in
888 1704 1033 1758 bono
1057 1720 1241 1775 opere,
1265 1710 1585 1775 peccatores
1607 1720 1831 1776 quoque
1853 1707 1951 1777 qui
1970 1712 2103 1761 sunt
2121 1685 2164 1743 Β
2184 1685 2391 1767 anima,
2420 1722 2531 1759 non
2562 1706 2619 1759 in
2648 1722 2880 1776 corpore
2909 1724 2921 1772 ;
2954 1706 3051 1759 sed
3082 1706 3362 1776 peccando
3378 1705 3723 1776 perdiditima-

504 1791 716 1844 infirmi
747 1792 803 1845 in
834 1792 944 1845 ﬁde
974 1797 1030 1846 et
1055 1794 1111 1846 in
1143 1793 1442 1847 virtutibus
1467 1812 1477 1846 :
1518 1811 1656 1864 quos
1684 1801 1875 1848 tamen
1905 1812 2101 1849 omnes
2182 1795 2373 1864 ginem
2397 1811 2564 1865 quam
2595 1793 2909 1848 habebatin
2938 1793 3235 1848 sanctitate
3259 1801 3319 1848 et
3346 1794 3403 1848 in
3429 1794 3722 1848 innocentia.

503 1879 798 1933 viviﬁcavit
827 1881 1102 1944 Christus,
1138 1883 1234 1953 qui
1264 1887 1350 1936 est
1380 1890 1549 1953 caput
1576 1884 1820 1947 illorum,
1852 1884 1986 1938 dum
2008 1900 2100 1938 eos
2183 1888 2242 1937 et
2289 1883 2712 1937 similitudinem
2758 1899 2928 1952 quam
2967 1881 3212 1937 habebat
3238 1882 3297 1937 iu
3328 1882 3723 1949 immortalitate,

505 1967 574 2022 ad
604 1968 769 2022 fidem
793 1974 966 2023 vocat.
989 1971 1055 2023 Et
1080 1973 1369 2036 plenitudo
1397 1975 1532 2039 ejus,
1563 1976 1662 2039 qui
1686 1976 1877 2026 omnia
1899 1976 1961 2026 in
1989 1990 2103 2026 om-
2184 1970 2313 2042 Ipse
2341 1977 2533 2026 autem
2562 1972 2729 2025 homo
2755 1987 2866 2025 non
2893 1970 3090 2041 genuit
3117 1971 3323 2025 Filium
3345 1971 3414 2025 ad
3439 1971 3578 2024 illam
3604 1970 3727 2024 simi-

504 2058 668 2111 nibus
687 2060 1045 2125 adimpletur.
1071 2058 1504 2113 Subauditiones
1522 2061 1951 2130 hujusmodihic
1971 2066 2104 2115 sunt
2182 2061 2500 2125 litudinem,
2534 2076 2645 2131 qua
2673 2060 2792 2130 ipse
2820 2060 3001 2114 factus
3016 2064 3119 2125 est,
3148 2060 3248 2114 sed
3278 2060 3352 2114 ad
3392 2059 3663 2130 imaginem
3685 2064 3730 2114 et

503 2145 870 2201 necessariae:
904 2146 1037 2209 Quae
1070 2147 1314 2201 Ecclesia
1349 2165 1471 2217 quae
1515 2153 1601 2202 est
1639 2165 1839 2219 corpus
1870 2149 2098 2217 Christi,
2184 2149 2615 2203 similitudinem
2644 2164 2802 2202 suam
2835 2164 3002 2217 quam
3051 2149 3173 2218 ipse
3200 2150 3322 2218 jam
3374 2148 3612 2213 habebat,
3647 2148 3730 2202 hoc

505 2234 794 2305 plenitudo
828 2236 968 2304 ejus,
1014 2235 1283 2289 subaudis
1321 2242 1423 2295 est,
1459 2237 1514 2290 id
1546 2242 1632 2290 est
1660 2238 1948 2307 plenitudo
1978 2254 2100 2292 cor-
2184 2243 2270 2291 est
2298 2244 2647 2308 peccatorem
2678 2242 2737 2291 et
2764 2238 3058 2292 mortalem
3101 2237 3247 2291 sicut
3292 2238 3413 2309 ipse
3449 2243 3579 2293 erat.
3611 2237 3729 2291 Dum

504 2322 658 2394 poris
689 2322 915 2383 Christi,
950 2340 1072 2394 quae
1110 2340 1209 2394 per
1247 2324 1435 2377 omnia
1481 2340 1688 2393 genera
1721 2325 2012 2380 hominum
2041 2326 2100 2381 in
2184 2341 2316 2395 ergo
2345 2331 2663 2395 peccatores
2691 2330 2748 2379 et
2778 2325 3047 2380 mortales
3088 2326 3206 2379 nati
3248 2343 3445 2381 sumus
3486 2343 3546 2380 ex
3570 2324 3729 2397 primis

505 2411 763 2465 omnibus
788 2412 1049 2478 gentibus
1067 2412 1357 2467 hominum
1383 2413 1740 2484 adimpletur,
1774 2414 1878 2468 hoc
1908 2423 1996 2469 est
2009 2432 2104 2471 au~
2187 2413 2512 2484 parentibus
2541 2412 2767 2475 nostris,
2803 2413 2897 2483 qui
2928 2413 3141 2467 similes
3171 2413 3337 2469 nobis
3359 2415 3473 2485 jam
3501 2419 3645 2468 erant
3664 2411 3728 2466 ef-

504 2505 687 2571 getur.
736 2501 879 2554 Dum
921 2501 1068 2555 enim
1103 2501 1351 2571 quotidie
1382 2519 1446 2556 ex
1476 2502 1712 2572 singulis
1740 2503 2000 2572 gentibus
2030 2504 2102 2558 ad
2183 2501 2332 2568 fecti,
2367 2502 2527 2572 quasi
2556 2507 2761 2556 natura
2787 2502 2901 2555 sive
2927 2502 3263 2556 naturaliter
3291 2518 3512 2557 eramus
3538 2501 3733 2556 tiliivin-

504 2589 672 2644 ﬁdem
707 2589 916 2644 Christi
965 2605 1065 2660 per
1104 2590 1447 2661 baptismum
1503 2592 1807 2658 concurrit,
1850 2593 2101 2662 quotidie
2184 2590 2366 2656 dictae,
2401 2590 2534 2660 quia
2575 2595 2803 2661 propter
2839 2590 3357 2661 praevaricationem
3386 2589 3731 2645 mandatorum

504 2694 705 2749 corpus
730 2679 882 2733 illius
914 2685 1171 2749 augetur.
1202 2680 1370 2734 Verbi
1396 2681 1579 2750 gratia
1611 2700 1622 2735 :
1647 2681 1793 2735 sicut
1821 2681 1890 2734 de
1919 2681 2101 2751 quoli-
2183 2678 2305 2743 Dei,
2342 2695 2453 2748 qua
2499 2678 2846 2749 praevaricati
2875 2694 3070 2733 sumus
3098 2679 3156 2733 in
3186 2680 3513 2750 parentibus
3541 2677 3729 2743 nostris,

503 2767 600 2822 bet
645 2784 777 2838 rege
822 2768 1046 2835 dicitur,
1097 2770 1228 2839 quia
1273 2769 1408 2823 dum
1437 2770 1507 2823 ad
1537 2770 1713 2824 Deum
1746 2769 2021 2824 exercitus
2046 2774 2103 2826 et
2184 2766 2486 2821 vindictam
2515 2766 2874 2821 merebamur
2900 2766 3201 2838 accipere.‘

505 2856 698 2928 pepuli
726 2857 1073 2912 diversarum
1102 2857 1358 2928 gentium
1387 2858 1696 2927 confluunt,
1729 2864 1989 2929 augetur.
2255 2858 2391 2910 Deus
2419 2861 2606 2909 autem
2652 2859 2753 2924 qui
2795 2858 2939 2910 dives
2971 2866 3064 2923 est,
3113 2857 3218 2910 hoc
3267 2862 3358 2911 est
3400 2855 3664 2910 abundans
3688 2859 3732 2908 et

2177 2944 2487 3015 multiplex,
2501 2961 2614 2999 non
2633 2944 2814 2999 solum
2841 2945 3093 3016 potentia
3116 2950 3171 3000 et
3198 2946 3429 3012 virtute,
3461 2946 3551 3000 sed
3579 2947 3633 2997 in
3650 2943 3732 2996 mi-

1130 2999 1363 3054 CAPUT
1393 3001 1464 3055 ῙῙ·
2112 3036 2156 3100 C
2176 2999 2486 3088 serico-retia.
2500 3039 2725 3102 propter
2753 2999 3015 3101 nimiam,
3040 2999 3162 3089 sive
3186 2999 3731 3088 maximamcharita-

578 3122 644 3178 Et
678 3138 788 3191 vos,
819 3119 1086 3177 subaudis
1114 3123 1359 3193 Ephesii,
1382 3141 1505 3178 cum
1527 3126 1706 3179 essetis
1735 3127 1948 3179 mortui
1969 3126 2101 3179 deli-
2183 3135 2288 3177 tem
2318 3128 2375 3177 et
2401 3122 2759 3177 dilectionem
2789 3139 2949 3177 suam
2981 3138 3091 3192 qua
3119 3139 3217 3178 nos
3243 3124 3458 3186 dilexit,
3490 3135 3732 3176 cum-esse-

505 3215 605 3266 ctis
635 3216 685 3265 et
706 3215 938 3279 peccatis
963 3214 1174 3277 vestris,
1210 3214 1271 3265 in
1291 3213 1489 3279 quibus
1518 3214 1820 3280 aliquando
1847 3215 2100 3268 ambula-
2180 3229 2305 3266 mus
2341 3215 2553 3265 mortui
2576 3214 2898 3279 peccatis,eo
2915 3212 3081 3273 modo
3094 3229 3204 3283 quo
3226 3211 3489 3282 superius
3507 3205 3758 3265 diximusﬂ

506 3303 606 3355 stis
632 3302 933 3355 secundum
962 3302 1223 3353 szeculum
1243 3302 1447 3353 mundi
1466 3302 1653 3368 hujus,
1688 3301 1744 3354 id
1783 3307 1870 3355 est
1906 3318 2099 3356 secun-
2181 3300 2644 3365 Communicavit,
2677 3300 2734 3354 id
2763 3306 2848 3355 est
2876 3300 3041 3354 simul
3082 3304 3381 3369 viviﬁcavit
3427 3317 3519 3354 nos
3559 3299 3734 3353 Christo

507 3388 642 3442 dum
673 3388 950 3443 desideria
978 3394 1291 3443 amatorum
1332 3388 1502 3458 hujus
1539 3390 1751 3454 mundi,
1796 3393 2098 3444 secundum
2180 3390 2239 3444 in
2265 3391 2601 3461 baptismate
2621 3407 2722 3461 per
2741 3391 2906 3445 fidem
2935 3391 3211 3461 passionis
3229 3391 3362 3445 Filii
3394 3391 3480 3445 sui
3511 3408 3522 3443 :
3550 3387 3737 3443 utsicut

500 3480 811 3546 principem
842 3480 1120 3545 potestatis
1147 3479 1291 3531 aeris
1320 3478 1506 3545 hujus,
1525 3478 1630 3531 hoc
1651 3484 1737 3531 est
1754 3479 2096 3534 voluntatem
2180 3478 2274 3532 ille
2304 3494 2593 3546 resurgens
2614 3496 2649 3532 a
2678 3481 3057 3545 mortuisjam
3074 3495 3186 3533 non
3205 3484 3455 3534 moritur
3474 3480 3637 3549 (Rom.
3654 3475 3733 3543 vi).

504 3566 712 3621 diaboli
740 3579 752 3615 :
780 3564 912 3637 quia
955 3566 1012 3619 in
1050 3566 1287 3636 caligine
1319 3567 1487 3636 hujus
1515 3567 1661 3620 aeris
1692 3572 1946 3621 servatur
1974 3585 2096 3623 cru—
2179 3567 2259 3621 sic
2286 3582 2387 3621 nos
2419 3584 2452 3620 a
2494 3572 2721 3637 peccato
2763 3573 3120 3637 resurgentes
3158 3567 3412 3622 vivamus
3454 3563 3731 3621 virtutibus.

499 3654 753 3720 ciandus,
778 3658 1029 3722 spiritus,
1063 3655 1121 3709 id
1140 3661 1226 3709 est
1245 3654 1499 3709 diabolus
1524 3672 1689 3725 quem
1721 3655 1978 3726 superius
2000 3673 2095 3728 ap—
2177 3656 2347 3724 Cujus
2377 3654 2642 3710 subaudis
2672 3656 2900 3721 Christi,
2930 3659 3118 3724 gratia
3140 3659 3349 3710 saluati
3373 3660 3517 3721 estis,
3539 3673 3569 3710 ο
3588 3653 3735 3724 Ephe-

501 3743 730 3815 pellavit
749 3743 1075 3814 principem,
1108 3747 1207 3811 qui
1233 3760 1384 3798 nunc
1399 3750 1659 3812 operatur
1687 3747 1752 3798 in
1776 3748 1919 3812 ﬁlios
1940 3746 2093 3813 difﬁ-
2174 3744 2261 3812 sii,
2292 3761 2404 3799 non
2434 3743 2628 3799 vestris
2660 3744 2898 3811 meritis,
2932 3750 2983 3799 et
3013 3749 3471 3801 conresuscitavit
3498 3750 3544 3799 et
3581 3755 3734 3797 conse-

500 3834 716 3897 dentiai,
746 3832 803 3884 id
835 3836 938 3896 est,
970 3831 1064 3902 qui
1092 3848 1250 3886 suam
1278 3833 1621 3887 voluntatem
1652 3837 1917 3904 operatur
1946 3834 2004 3888 in
2035 3835 2097 3888 ἢ·
2177 3835 2301 3888 dere
2328 3835 2455 3900 fecit
2484 3836 2546 3887 in
2572 3834 2867 3888 calestibus
2895 3836 2958 3887 in
2984 3834 3220 3900 Christo,
3252 3833 3309 3888 id
3344 3840 3433 3889 est
3460 3850 3557 3905 per
3572 3833 3733 3886 Iesum

500 3920 590 3975 liis
619 3919 965 3984 difﬁdentiae,
999 3921 1102 3975 hoc
1131 3927 1216 3975 est
1234 3922 1293 3975 in
1324 3922 1553 3992 paganis
1567 3927 1623 3976 et
1638 3922 1912 3976 haereticis
1927 3928 2096 3994 atque
2179 3922 2485 3977 Christum.
2520 3923 2637 3976 Hoc
2656 3922 2953 3993 dupliciter
2971 3927 3158 3993 potest
3183 3922 3445 3994 intelligi.
3474 3923 3735 4002 Congesus'

500 4010 729 4076 Iudaeis,
762 4010 857 4080 qui
884 4010 1050 4063 tidem
1074 4016 1284 4064 rectam
1316 4016 1373 4063 et
1402 4011 1704 4081 perfectam
1733 4028 1846 4065 non
1866 4011 2094 4066 habent.
2178 4010 2387 4077 citavit,
2404 4011 2459 4064 id
2487 4015 2573 4064 est
2598 4010 2765 4064 simul
2791 4010 3145 4065 resuscitavit
3175 4026 3302 4065 cum
3335 4007 3737 4077 Christoinbap

502 4099 621 4153 Hoc
649 4099 823 4152 distat
850 4098 1000 4152 inter
1025 4099 1291 4153 delictum
1332 4104 1389 4152 et
1430 4106 1740 4168 peccatum,
1776 4100 1910 4170 quia
1954 4100 2097 4155 deli-
2178 4098 2366 4162 tismo,
2389 4099 2632 4169 quando,
2652 4098 2806 4153 verbi
2819 4099 3427 4168 gratia,descendimus
3454 4101 3509 4154 in
3536 4099 3733 4158 fontem,

501 4192 652 4241 ctum
683 4191 1072 4257 perpetramus
1102 4187 1326 4256 quando
1347 4203 1414 4240 ea
1438 4188 1749 4241 omittimus
1779 4202 1904 4259 quae
1933 4189 2095 4243 nobis
2177 4193 2235 4241 et
2266 4187 2474 4241 mortui
2503 4203 2697 4242 sumus
2718 4192 2946 4257 peccato
2961 4186 3059 4251 ibi,
3075 4186 3221 4242 sicut
3239 4188 3500 4243 Christus
3515 4191 3736 4241 mortuus

499 4291 535 4329 a
559 4274 676 4327 Deo
710 4272 1110 4343 praecipiuntur
1149 4273 1402 4343 implere,
1436 4279 1500 4328 ut
1538 4280 1623 4328 est
1650 4274 1791 4329 illud
1822 4293 1834 4328 :
1867 4278 2090 4344 Diliges,
2111 4282 2264 4375 Dest
2288 4276 2348 4330 in
2377 4293 2558 4341 cruce,
2588 4281 2645 4331 et
2671 4276 2960 4348 depositus
2997 4280 3085 4330 est
3112 4276 3171 4331 in
3200 4276 3544 4347 sepulcrum,
3571 4280 3623 4330 et
3652 4287 3735 4375 nos

496 4364 820 4431 promimum
853 4366 1012 4413 tuum
1042 4363 1183 4413 sicut
1209 4363 1439 4427 teipsum
1471 4362 1681 4429 (Matth.
1710 4364 1839 4432 xu).
1860 4362 2093 4426 Quando
2111 4358 2159 4375 ”
2176 4366 2586 4421 resurreximus
2600 4365 2668 4419 de
2698 4369 2879 4419 morte
2909 4364 2980 4419 ad
3007 4364 3196 4430 vitam,
3220 4364 3291 4419 de
3318 4362 3665 4421 immunditia
3679 4358 3738 4415 ad

498 4450 669 4505 illum
686 4462 803 4503 non
824 4447 1130 4517 diligimus,
1175 4453 1232 4502 et
1275 4464 1387 4502 non
1428 4450 1770 4505 honoramus
1808 4457 2088 4523 parentes,
2175 4453 3039 4525 innocentiam,procedentesde
3061 4453 3737 4525 fontepuriﬁcatietmun-

496 4544 633 4594 tunc
647 4536 1216 4607 delinquimus.Unde
1232 4537 1437 4591 dicitur
1451 4538 1735 4604 delictum,
1763 4540 2092 4611 quasidere-
2174 4544 2292 4598 dati
2335 4544 2405 4598 ab
2434 4543 2694 4598 omnibus
2720 4542 2960 4612 peccatis
2988 4541 3132 4596 sicut
3168 4541 3423 4597 thristus
3465 4536 3739 4597 resurrexit

498 4629 717 4686 lictum.
749 4629 1046 4683 Peccatum
1079 4645 1206 4683 vero
1232 4632 1336 4694 est,
1370 4629 1593 4700 quando
1617 4629 1756 4684 illud
1783 4630 2090 4700 perficitur,
2175 4634 2244 4687 de
2270 4634 2545 4704 sepulcro,
2590 4636 2649 4685 et
2676 4630 3042 4685 consedemus
3065 4631 3185 4699 jam
3223 4630 3282 4684 in
3310 4630 3624 4686 ccelestibus
3655 4640 3739 4698 per

496 4737 532 4777 a
560 4737 671 4793 quo
703 4719 857 4775 Deus
886 4719 1150 4790 praecepit
1178 4717 1459 4772 observari
1484 4738 1497 4783 ;
1537 4718 1687 4773 verbi
1715 4719 1918 4790 gratia,
1951 4720 2096 4775 sieut
2176 4722 2343 4777 ﬁdem
2376 4726 2435 4775 et
2461 4734 2638 4791 spem,
2684 4720 2845 4789 juxta
2889 4719 3046 4789 quod
3074 4718 3333 4789 promisit
3358 4718 3641 4790 apostolis,
3665 4713 3739 4768 di-

497 4816 586 4866 est
629 4825 639 4858 :
688 4810 810 4865 Non
857 4810 1077 4875 occides,
1135 4824 1248 4861 non
1285 4808 1625 4862 adulterabis
1669 4809 1847 4876 (Deut.
1879 4811 1952 4876 v),
1986 4810 2088 4872 etc,
2176 4826 2348 4864 cens:
2398 4810 2505 4873 Vos,
2548 4807 2750 4878 inquit,
2793 4808 3039 4860 sedebitis
3084 4821 3249 4875 super
3297 4808 3439 4860 sedes
3480 4805 3739 4860 duodecim

498 4899 680 4955 Aliter
720 4915 732 4951 :
776 4898 1053 4952 Delictum
1086 4903 1172 4952 est
1213 4897 1269 4950 in
1303 4896 1658 4967 cogitatione,
1709 4902 1995 4968 peccatum
2035 4897 2093 4952 in
2178 4898 2387 4964 (Matth.
2423 4901 2556 4963 XIX).
2588 4895 2730 4950 Nam
2763 4895 2985 4966 quando
3015 4895 3315 4966 Apostolus
3345 4895 3456 4949 ista
3494 4890 3737 4964 loqueba-

496 4988 840 5058 operatione.
865 4986 1041 5040 Judaei
1066 5003 1198 5057 ergo
1228 4991 1286 5040 et
1314 4986 1553 5056 gentiles
1578 4986 1785 5040 mortui
1811 4992 1974 5041 erant
2000 4987 2092 5041 de.
2172 4993 2284 5051 tur,
2324 4986 2383 5040 in
2425 5001 2647 5040 carcere
2674 4993 2797 5038 erat
2824 4984 3061 5054 positus,
3091 4989 3149 5037 et
3175 4988 3369 5038 tamen
3394 5000 3525 5037 cum
3557 4978 3739 5036 ﬁducia

497 5074 644 5129 lictis
675 5081 732 5128 et
760 5074 1018 5145 peccatis,
1052 5075 1183 5145 quia
1224 5075 1413 5129 anima
1454 5091 1576 5146 quae
1605 5076 1931 5146 peccaverit,
1968 5075 2089 5146 ipsa
2169 5075 2305 5129 talia
2332 5073 2550 5128 dicebat
2578 5084 2594 5119 ε
2624 5088 2923 5144 possumus
2966 5076 3023 5126 et
3068 5072 3234 5126 aliter
3260 5072 3593 5142 intelligere,
3618 5066 3739 5122 acci-

496 5164 788 5223 morietur,
817 5178 927 5215 non
958 5178 1058 5231 per
1086 5162 1476 5235 substantiam,
1512 5164 1606 5218 sed
1637 5169 1883 5235 peccato,
1917 5180 2088 5235 prop-
2168 5165 2386 5234 pientes
2411 5161 2759 5233 praeteritum
2784 5167 3008 5232 tempus
3036 5176 3138 5232 pro
3160 5160 3370 5225 futuro,
3409 5161 3517 5215 hoc
3546 5156 3698 5214 modo
3722 5171 3735 5235 ξ

496 5260 587 5309 ter
617 5251 765 5323 quod
791 5226 1002 5305 recedit
1019 5266 1053 5303 a
1083 5251 1196 5303 Deo
1214 5251 1307 5321 qui
1330 5234 1548 5307 estvita
1567 5226 1788 5310 animae.
1820 5226 1963 5307 Nam
1986 5226 2089 5307 sic-
2169 5226 2643 5306 Conresuscitavit
2666 5266 2768 5304 nos
2792 5226 2939 5303 Deus
2964 5226 3128 5303 Pater
3151 5264 3251 5319 per
3267 5248 3575 5319 potentiam
3603 5226 3738 5299 verbi

497 5341 1023 5410 utmoriturcorpus
1038 5339 2089 5407 recedenteanima,itamorituranima
2169 5341 2287 5407 sui,
2308 5340 2367 5394 in
2398 5338 2721 5409 diejudicii,
2755 5343 2815 5393 et
2840 5337 3140 5392 consedere
3167 5336 3335 5392 faciet
3351 5338 3408 5391 in
3438 5332 3737 5391 caelestibus

491 5431 789 5491 recedente
811 5430 944 5484 Deo.
969 5429 1128 5493 Quod
1156 5435 1348 5485 autem
1378 5431 1513 5487 dicit
1537 5435 1600 5487 in
1629 5434 1847 5502 quibus,
1878 5430 2087 5487 subau—
2169 5446 2270 5502 per
2314 5430 2601 5485 Christum
2647 5430 2858 5484 Jesum.
2891 5426 3197 5482 Inetl‘abilis
3235 5433 3323 5482 est
3365 5427 3477 5482 ista
3505 5422 3732 5486 dilectio,

486 5524 579 5594 [iis
606 5520 824 5581 delictis
845 5524 904 5577 et
925 5519 1191 5596 peccatis,
1216 5520 1516 5596 aliquando
1544 5520 1873 5580 ambulastis
1903 5519 2086 5595 ,blan-
2168 5519 2311 5599 quia
2330 5520 2481 5580 Deus
2509 5518 2679 5579 Pater
2721 5533 2837 5582 non
2873 5517 3057 5577 solum
3082 5532 3188 5595 pro
3215 5515 3407 5594 justis,
3436 5513 3555 5576 sed“
3581 5512 3737 5577 etiam
