3966 6156
235 327 323 386 709

856 310 1237 372 EXPOSI’I‘IO
1267 312 1348 369 IN
1381 311 1534 367 EPP.
1569 311 1626 367 s.
1660 292 1896 368 PAuLI.
1930 338 1995 353 -
2027 311 2106 371 IN
2136 312 2356 370 EPIST.
2388 313 2486 369 AD
2517 295 2766 373 EPHES.

3348 319 3450 378 710

227 466 311 524 pro
332 441 699 521 peccatoribus,
750 445 809 496 et
838 442 986 512 quod
1016 441 1197 510 majus
1228 441 1313 494 est
1341 455 1443 511 pro
1471 436 1773 493 rebellibus
1792 439 1837 498 A
1858 436 2064 492 Iudaeis
2087 439 2518 508 appellabantur
2540 440 2896 511 praeputium,
2921 440 3017 512 qui
3040 444 3174 495 sunt
3191 448 3449 512 peccato-

225 541 453 610 dignatus
479 539 558 590 est
577 532 797 585 mittere
819 530 1019 585 Filium
1044 547 1230 595 suum,
1252 535 1311 582 ut
1333 530 1647 591 ostenderet,
1672 545 1772 598 pro

226 645 279 683 eo
312 626 440 697 quod
469 629 548 677 est
574 626 636 675 ut
654 620 913 674 ostendat
947 624 1005 673 in
1036 622 1247 672 seculis
1267 618 1772 687 supervenientibus

224 715 528 769 abundantes
550 711 774 762 divitias
796 712 991 775 gratia:
1011 724 1121 759 suae
1136 723 1300 774 super
1318 722 1433 765 nos,
1455 705 1550 775 qui
1569 704 1624 757 in
1642 720 1771 757 eum

223 802 482 865 credimus,
503 804 561 851 in
584 799 820 850 bonitate
848 797 962 849 sive
984 796 1040 848 in
1064 795 1292 865 pietate,
1314 798 1373 847 in
1389 794 1602 847 Christo
1620 796 1765 858 Jesu,

223 892 309 945 hoc
334 896 411 943 est
437 904 531 958 per
557 885 857 940 Christum.
897 885 1107 939 Saecula
1139 883 1401 937 dicuntur
1417 899 1483 936 eo
1511 881 1659 952 quod
1682 898 1769 934 se-

222 983 432 1049 quantur
458 982 512 1029 et
546 975 603 1028 in
629 991 688 1028 8e
720 974 1092 1028 revolvantur.
1126 972 1259 1026 Ideo
1302 978 1489 1026 autem
1522 971 1674 1025 dicit.
1709 972 1770 1024 in

221 1068 399 1121 saeculis
441 1064 938 1132 supervenientibus
988 1063 1103 1115 sive
1158 1061 1382 1123 futuris,
1418 1060 1549 1131 quia
1594 1060 1772 1113 multa

218 1152 389 1209 saecula
429 1156 482 1205 et
512 1150 688 1204 multa
729 1157 986 1221 tempora
1016 1154 1184 1204 erunt
1230 1156 1356 1219 post
1393 1149 1538 1201 diem
1574 1147 1771 1217 judicii

219 1247 359 1310 atque
386 1236 825 1305 innumerabilia,
866 1238 997 1291 licet
1024 1238 1350 1291 continuata
1374 1236 1447 1289 sit
1475 1236 1612 1290 dies.
1646 1236 1771 1289 Non

216 1329 340 1383 enim
367 1329 444 1382 sol
476 1343 731 1381 occasum
752 1327 1015 1397 patietur,
1031 1328 1191 1397 juxta
1212 1326 1349 1380 illud
1378 1344 1388 1378 :
1411 1326 1538 1379 Non
1559 1325 1770 1379 occidet

215 1416 299 1471 tibi
322 1417 458 1470 ultra
478 1416 558 1470 sol
587 1414 871 1470 tuus.Istae
902 1421 1032 1470 sunt
1052 1432 1185 1485 ergo
1204 1414 1410 1469 divitiae
1431 1432 1569 1485 quas
1591 1427 1773 1469 osten-

214 1506 291 1560 det
316 1521 604 1577 supernos,
630 1521 771 1576 quas
806 1505 998 1559 oculus
1033 1520 1143 1558 non
1176 1504 1330 1569 vidit,
1364 1520 1467 1557 nec
1499 1504 1652 1557 auris
1668 1519 1773 1557 au-

214 1593 343 1657 divit,
369 1610 463 1648 nec
480 1594 536 1648 in
565 1610 661 1648 cor
679 1593 922 1648 hominis
943 1594 1314 1647 ascenderunt
1340 1593 1395 1663 (Ι
1412 1594 1531 1647 Cor.
1564 1594 1646 1661 Ii),
1668 1592 1773 1647 hoc

214 1670 480 1752 estgaudia
512 1687 733 1737 aeternae
758 1683 883 1737 vita:
904 1682 1024 1737 sine
1048 1683 1155 1737 ﬁne
1180 1697 1465 1747 mansura,
1487 1698 1609 1753 quae
1639 1686 1774 1735 tunc

1855 544 1944 581 res
1971 533 2027 581 et
2054 529 2220 583 alieni
2253 547 2286 582 a
2313 531 2441 583 Deo.
2465 534 2609 585 Bene
2635 538 2821 584 autem
2854 536 2910 585 et
2935 532 3285 585 circumcisio
3310 531 3451 585 dici-

1856 622 1952 670 tur
1984 633 2103 669 esse
2134 624 2191 670 et
2219 618 2557 677 manufacta.
2585 618 2712 688 quia
2735 618 2790 671 in
2820 636 2932 672 uno
2962 620 3316 673 solummodo
3337 635 3453 673 cor-

1856 706 2006 776 poris
2042 706 2292 759 membro
2318 708 2410 760 illa
2443 708 2790 761 circumcisio
2819 708 2988 761 ﬁebat
3018 725 3284 763 manuum
3316 726 3451 780 Ope-

1855 793 2072 846 ratione
2107 811 2117 845 :
2155 800 2349 847 nostra
2393 811 2522 847 vero
2570 794 2913 848 circumcisio
2944 813 3054 849 non
3084 798 3146 849 ﬁt
3177 797 3232 849 in
3260 813 3453 866 exspo-

1854 880 2083 934 liatione
2112 881 2278 935 unius
2308 883 2545 935 membri
2576 883 2945 940 solummodo.
2977 884 3070 937 sed
3106 884 3162 939 in
3194 890 3311 937 toto
3333 901 3453 938 cor-

1855 985 1989 1040 pore
2021 976 2076 1023 et
2131 970 2185 1023 in
2232 971 2491 1025 omnibus
2546 972 2794 1042 corporis
2839 973 3115 1035 sensibus,
3183 974 3450 1043 quoniam

1855 1058 2308 1113 circumcidimus
2344 1061 2476 1114 vitia
2507 1060 2563 1113 in
2596 1060 2755 1114 nobis
2778 1068 2833 1115 et
2852 1062 3250 1116 delectationes
3266 1063 3449 1117 carnis

1856 1153 1912 1201 et
1941 1148 2418 1217 concupiscentias
2449 1164 2665 1219 pravas,
2702 1150 3072 1220 exspoliantes
3103 1167 3203 1205 nos
3231 1151 3299 1204 ab
3325 1168 3450 1206 om-

1854 1237 2019 1292 nibus
2058 1239 2302 1309 peccatis
2341 1239 2774 1293 delectationum
2822 1244 2989 1309 atque
3034 1241 3444 1311 operationum.

1856 1326 2141 1397 Sequitur,
2164 1331 2264 1395 qui
2282 1331 2451 1380 eratis
2478 1331 2574 1381 illo
2597 1334 2849 1396 tempore,
2877 1335 3178 1400 antequam
3201 1332 3452 1386 credere-

1852 1415 1946 1479 tis,
1982 1419 2100 1469 sine
2130 1417 2364 1480 Christo,
2400 1417 2504 1470 hoc
2536 1422 2622 1470 est
2650 1416 2768 1470 sine
2816 1418 2925 1471 fide
2955 1419 3181 1484 Christi,
3213 1422 3294 1474 vel
3329 1421 3451 1475 sine

1853 1504 2225 1575 promissione
2250 1506 2318 1559 de
2344 1505 2587 1567 Christo,
2618 1508 2855 1559 alienati
2877 1523 2912 1560 a
2933 1510 3340 1563 conversatione
3369 1512 3451 1564 Is-

1855 1596 1992 1659 rael,
2018 1594 2076 1647 id
2100 1600 2184 1649 est
2209 1596 2459 1649 extranei
2482 1600 2539 1648 et
2563 1593 2729 1648 alieni
2750 1612 2781 1648 a
2800 1597 3218 1651 conversatione
3241 1597 3457 1652 Judan-

1855 1699 2003 1747 rum,
2039 1685 2172 1753 quia
2215 1700 2327 1738 non
2364 1681 2674 1737 servabatis
2714 1684 3216 1751 circumcisionem,
3269 1702 3454 1757 neque

214 1770 543 1825 ostendantur
569 1770 731 1825 nobis
752 1787 852 1842 per
871 1771 1158 1825 Christum
1186 1771 1241 1825 in
1265 1771 1479 1825 saeculis
1501 1769 1768 1835 venturis,
1787 1756 1833 1815 Β
1858 1771 2171 1837 sabbatum,
2198 1789 2380 1844 neque
2400 1772 2673 1825 sacriﬁcia
2689 1773 2891 1842 legalia
2913 1774 3251 1837 otl‘erabatis,
3275 1782 3323 1828 et
3352 1756 3450 1828 ho-

214 1859 323 1928 quia
348 1858 399 1913 in
430 1860 690 1931 praesenti
718 1861 920 1914 saeculo
949 1876 1060 1914 non
1085 1866 1319 1931 possunt
1346 1860 1543 1914 videri.

269 1948 441 2003 Gratia
461 1952 630 2013 enim,
664 1948 934 2003 subaudis
962 1949 1086 2015 Dei,
1120 1951 1323 2003 saluati
1350 1951 1475 2001 estis
1506 1949 1573 2002 de
1591 1952 1771 2002 morte

213 2036 269 2090 ad
294 2037 448 2091 vitam
471 2054 569 2107 per
587 2040 754 2105 fidem
778 2039 837 2093 in
858 2038 1213 2110 baptismate,
1246 2054 1359 2092 non
1385 2038 1583 2092 vestris
1609 2038 1772 2091 meri-

211 2124 286 2188 tis,
321 2130 365 2179 et
392 2127 499 2189 hoc,
542 2127 817 2182 subaudis
855 2128 1003 2199 quod
1032 2128 1229 2181 salvati
1258 2127 1392 2181 estis
1416 2134 1472 2181 et
1495 2112 1659 2181 ﬁdem
1678 2127 1772 2181 ha-

210 2212 330 2267 betis
358 2230 461 2268 non
487 2222 559 2268 est
588 2233 656 2270 ea:
677 2218 841 2278 vobis,
878 2218 975 2271 Dei
1001 2219 1151 2271 enim
1181 2219 1387 2270 donum
1420 2221 1514 2278 est,
1548 2222 1613 2270 ut
1634 2215 1772 2269 salvi

212 2300 312 2354 sitis
334 2308 385 2356 et
411 2304 573 2357 ﬁdem
603 2304 880 2359 habeatis.
910 2306 1070 2360 Unde
1091 2305 1361 2359 Dominus
1388 2305 1520 2358 dicit
1543 2324 1553 2357 :
1573 2307 1677 2358 Iloe
1696 2310 1771 2357 est

207 2405 317 2457 opus
344 2393 452 2457 Dei,
485 2398 546 2445 ut
574 2395 818 2447 credatis
849 2397 911 2448 in
933 2411 1054 2447 eum
1078 2396 1260 2459 (Joan.
1296 2402 1393 2461 vi).
1413 2394 1468 2448 Si
1501 2411 1641 2464 opus
1676 2392 1772 2446 Dei

207 2481 292 2541 est,
310 2494 411 2532 non
432 2486 599 2534 estex
630 2480 864 2535 nobis.A
889 2482 1049 2536 nobis
1069 2482 1345 2551 siquidem
1374 2498 1557 2552 neque
1580 2482 1769 2547 ﬁdem,

205 2581 359 2636 neque
378 2568 608 2622 salutem
632 2569 1111 2641 habemusneque
1126 2570 1334 2641 aliquid
1361 2569 1770 2640 bonizquaDeus

204 2660 431 2721 operatur
454 2658 515 2709 in
547 2660 708 2711 nobis
736 2663 783 2711 et
808 2661 940 2711 velle
968 2663 1017 2712 et
1038 2662 1293 2726 perﬁcere
1317 2660 1482 2723 (Phil.
1508 2665 1593 2724 II).
1627 2657 1771 2721 Quia

204 2742 357 2797 solent
373 2745 621 2815 plerique
650 2746 835 2800 dicere
860 2765 871 2799 :
896 2752 1125 2817 propter
1140 2746 1285 2800 bona
1306 2762 1475 2816 opera
1499 2763 1624 2800 mea
1644 2747 1770 2801 veni

203 2830 260 2883 ad
278 2831 446 2894 ﬁdem,
477 2833 603 2888 ideo
629 2835 921 2905 subjungit
940 2836 1379 2906 Apostolus,non
1403 2852 1468 2888 ea:
1496 2838 1765 2902 operibus.

206 2917 438 2974 subaudis
462 2923 761 2994 accepistis
790 2924 979 2989 ﬁdem,
1014 2930 1076 2977 ut
1106 2939 1172 2977 ne
1197 2927 1322 2991 quis
1350 2918 1643 2990 glorietur,
1669 2924 1768 2977 sed

1854 1867 2015 1931 spites
2038 1860 2785 1927 testamentorum,subaudis
2806 1863 2996 1915 eratis.
3016 1861 3235 1933 Hospes
3247 1862 3453 1918 dicitur

1855 1952 2015 2023 quasi
2064 1951 2192 2005 ostii
2247 1967 2363 2021 pes,
2418 1966 2482 2003 eo
2523 1950 2668 2020 quod
2724 1951 2947 2020 quando
3004 1951 3455 2021 suscipiebantur

1853 2039 1911 2093 in
1941 2039 2190 2095 domum.
2218 2036 2462 2108 ponebat
2481 2038 2741 2091 dominus
2762 2038 2980 2101 domus,
3006 2039 3170 2109 etqui
3193 2040 3462 2110 suscipie-

1852 2127 2245 2198 batur,pedem
2270 2143 2439 2197 supra
2460 2128 2664 2181 ostium
2691 2140 2702 2175 :
2729 2133 2786 2180 et
2805 2128 2952 2181 datis
2972 2128 3205 2191 dextris,
3222 2129 3455 2198 jurabat

1855 2217 2001 2287 quod
2017 2216 2284 2283 pacificus
2299 2222 2446 2269 esset
2457 2218 2579 2285 ejus
2592 2215 3140 2285 ingressus:g’entiles
3154 2233 3286 2286 ergo
3301 2223 3455 2272 tran-

1854 2313 2079 2359 seuntes
2092 2304 2157 2357 ad
2178 2305 2809 2374 judaismum,quamvis
2833 2304 3456 2369 circumciderentur,et

1857 2394 2058 2462 legalia
2074 2394 2331 2447 otl‘errenl
2349 2393 2836 2451 sacriﬁcia.tamen
2852 2410 2961 2447 non
2978 2394 3103 2448 ideo
3117 2394 3454 2465 reputaban-

1853 2487 1949 2535 tur
1978 2485 2043 2534 ut
2066 2481 2230 2544 cives,
2258 2483 2355 2534 sect
2395 2480 2659 2551 proselyti
2678 2481 3107 2552 appellabantur
3127 2487 3185 2536 et
3203 2483 3447 2548 advenae,

1855 2575 1911 2623 et
1933 2570 2092 2640 quasi
2117 2569 2365 2639 hospites
2396 2568 2778 2622 habebantur:
2808 2569 3043 2640 ideoque
3064 2570 3201 2623 dicit
3220 2573 3455 2642 Aposto-

1852 2658 1940 2711 lus
1972 2659 2103 2728 quia
2122 2658 2370 2727 hospites
2401 2662 2456 2711 et
2476 2658 2700 2711 advenae
2721 2664 2778 2711 et
2806 2658 3073 2728 proselyti
3095 2664 3258 2712 erant
3284 2666 3455 2714 testa-

1852 2753 2170 2800 mentorum
2190 2747 2308 2810 Dei,
2343 2763 2453 2799 non
2482 2747 2732 2799 habentes
2753 2761 2900 2813 spem
2916 2749 3306 2813 promissionis
3325 2747 3451 2801 vita;

1852 2841 2091 2898 aeternae,
2116 2835 2198 2888 vel
2221 2834 2372 2888 illius
2408 2834 2794 2904 promissionis
2825 2851 2947 2905 quae
2966 2835 3109 2888 facta
3132 2840 3218 2889 est
3244 2836 3314 2890 ad
3344 2835 3455 2891 Ab-

1853 2924 2071 2984 raham,
2090 2923 2235 2993 quod
2253 2923 2306 2976 in
2335 2923 2549 2977 semine
2580 2922 2785 2992 ejus,id
2806 2929 2891 2976 ost
2911 2923 2969 2976 in
2986 2923 3208 2977 Christo
3227 2923 3455 2978 benedi-

204 3021 289 3076 per
309 3010 537 3078 gratiam
562 3012 859 3066 Dei.Piius
888 3008 1151 3083 priecedit
1181 3012 1546 3077 fides,deinde
1574 3011 1771 3066 subse-
1795 3069 1832 3083 η
1856 3013 2042 3066 cendm
2099 3017 2286 3065 essent
2332 3028 2526 3064 omnes
2563 3016 2759 3081 gentes
2797 3013 2947 3074 (Gen.
2993 3013 3144 3081 xxu).
3188 3012 3453 3077 Quamvis

206 3097 369 3164 quitur
412 3101 686 3170 operatio.
732 3101 926 3155 Solent
973 3102 1144 3155 etiam
1181 3102 1260 3155 illi
1292 3102 1386 3172 qui
1416 3118 1481 3155 ex
1510 3100 1771 3172 operibus
1791 3069 1833 3128 δ
1856 3101 2004 3154 enim
2028 3100 2122 3153 illa
2150 3099 2446 3171 promissio
2478 3099 2619 3153 facta
2642 3105 2792 3153 esset
2817 3100 2886 3153 de
2907 3100 3008 3167 eis,
3030 3106 3221 3155 tamen
3240 3101 3319 3154 illi
3343 3118 3457 3157 non

206 3183 965 3268 suisgloriantur,Cornelium
984 3190 1368 3243 centurionem
1388 3190 1443 3243 in
1458 3190 1774 3259 exemplum
1856 3188 2139 3243 habebant
2153 3206 2308 3259 spem
2332 3188 2479 3259 quod
2496 3195 2721 3259 possent
2737 3190 3026 3259 pervenire
3038 3190 3107 3243 ad
3130 3190 3457 3247 societatem

203 3274 418 3339 trahere,
449 3277 703 3332 dicentes
753 3278 887 3349 quia
942 3284 1172 3349 propter
1224 3277 1369 3331 bona
1424 3294 1595 3346 opera
1653 3293 1774 3347 quae

206 3359 436 3427 habebat,
468 3368 684 3421 meruit
713 3367 964 3437 accipere
994 3368 1159 3421 tidem
1190 3367 1497 3421 instructus
1526 3384 1559 3420 a
1586 3367 1771 3420 Petro.

206 3446 389 3510 Quibus
420 3455 879 3526 respondendum
911 3462 997 3509 est
1018 3455 1165 3525 quod
1198 3455 1488 3509 Cornelius
1518 3454 1772 3508 centurio

206 3544 310 3591 erat
350 3541 691 3608 Judaeorum,
733 3543 946 3597 habens
995 3543 1372 3613 cognitionem
1419 3548 1476 3597 et
1516 3542 1774 3597 notitiam

203 3624 345 3681 unius
372 3630 469 3684 Dei
511 3654 524 3689 :
581 3648 618 3685 a
669 3648 779 3703 quo
823 3632 1087 3703 sperabat
1116 3632 1235 3702 ipse
1275 3637 1331 3686 et
1378 3632 1639 3687 credebat
1675 3648 1776 3703 pro

205 3715 303 3768 suis
329 3716 483 3774 bonis
511 3720 780 3792 operibus
795 3738 856 3775 se
876 3738 998 3775 esse
1026 3721 1533 3775 remunerandum:
1568 3727 1624 3775 et
1645 3721 1778 3792 quia

203 3802 387 3875 aliquid
408 3809 535 3864 lidei
556 3810 804 3865 habebat
818 3812 937 3880 jam
952 3817 1278 3882 perceptum
1293 3827 1460 3881 quam
1474 3810 1780 3865 exornabat

203 3889 341 3948 bonis
384 3899 672 3969 operibus,
715 3900 924 3954 meruit
966 3900 1171 3954 instrui
1221 3917 1254 3953 a
1282 3900 1467 3965 Petro,
1501 3900 1570 3953 de
1597 3899 1781 3970 cogni-

203 3979 334 4037 tione
356 3987 525 4042 totius
553 3988 873 4054 Trinitatis,
916 3995 974 4043 et
999 3988 1275 4059 baptizari
1309 3988 1574 4059 baptismi
1594 4005 1781 4042 sacra-

204 4078 387 4140 mento,
420 4076 542 4131 sine
574 4094 689 4149 quo
718 4094 883 4131 nemo
932 4083 1117 4148 potest
1160 4077 1425 4131 mundari
1455 4095 1486 4132 a
1514 4077 1775 4149 peccatis.

202 4159 359 4227 Ipsius
386 4169 534 4219 enim
555 4184 758 4221 sumus
788 4168 1031 4235 factura,
1059 4166 1163 4221 hoc
1184 4174 1269 4220 est
1290 4167 1410 4236 ipso
1442 4167 1665 4220 Christo
1683 4168 1779 4221 ad-

1856 3278 2198 3341 Judeeorum,
2225 3277 2357 3348 quia
2387 3293 2498 3331 non
2528 3276 2809 3331 habebant
2838 3278 3017 3347 legem
3046 3285 3102 3332 et
3130 3282 3454 3351 prophetas,

1856 3367 1913 3420 in
1948 3366 2151 3437 quibus
2174 3366 2295 3437 ipsa
2326 3366 2622 3437 promissio
2651 3366 3077 3434 continebatur;
3110 3374 3157 3422 et
3179 3372 3298 3423 sine
3330 3384 3458 3424 vero

1856 3456 2255 3522 Deo,subaudis
2277 3456 2466 3515 eratis,
2493 3472 2603 3510 non
2622 3455 2891 3509 habentes
2916 3457 3290 3526 cognitionem
3312 3460 3454 3529 ejus,

1859 3546 1992 3617 quia
2017 3546 2095 3599 dii
2135 3561 2273 3617 quos
2300 3544 2558 3599 colebant
2582 3562 2693 3598 non
2725 3552 2887 3598 erant
2924 3545 3021 3610 dii,
3054 3546 3151 3600 sed
3172 3547 3456 3602 daemones

1860 3641 1907 3690 et
1939 3651 2103 3704 opera
2136 3651 2413 3689 manuum
2443 3636 2743 3687 hominum
2775 3636 2940 3699 (Psal.
2970 3638 3136 3693 CXIII).

1931 3726 2093 3777 Nunc
2125 3730 2310 3777 autem
2340 3726 2402 3777 in
2426 3725 2641 3776 Christo
2677 3723 2823 3787 Jesu,
2854 3721 2908 3775 id
2939 3727 3026 3777 est
3054 3739 3154 3793 per
3169 3724 3457 3781 Christum

1860 3813 2073 3879 Jesum,
2117 3812 2229 3865 sive
2276 3812 2334 3865 in
2383 3810 2492 3864 fide
2523 3811 2654 3865 Jesu
2686 3810 2893 3865 Christi
2924 3828 3020 3865 vos
3064 3814 3324 3882 gentiles,
3359 3818 3460 3883 qui

1862 3905 2033 3957 eratis
2057 3902 2362 3969 aliquando
2390 3904 2565 3967 longe,
2589 3897 2856 3953 subaudis
2878 3901 3038 3955 aDeo
3059 3918 3170 3956 non
3197 3903 3337 3969 loco,
3362 3903 3461 3960 sed

1864 3990 2084 4054 merito,
2117 3992 2258 4056 facti
2276 3992 2400 4042 estis
2424 4004 2590 4057 prope
2611 3991 2673 4043 in
2694 3992 2967 4057 sanguine
2997 3990 3221 4058 Christi,
3246 3991 3352 4046 hoc
3375 3998 3460 4047 est

1864 4080 1921 4133 in
1951 4080 2060 4133 fide
2091 4077 2367 4149 passionis
2406 4076 2634 4130 Christi.

1933 4171 2047 4237 Ipse
2089 4170 2237 4220 enim
2282 4165 2537 4220 Christus
2589 4170 2663 4219 est
2699 4181 2830 4235 par,
2859 4167 2915 4221 id
2942 4172 3045 4233 est,
3073 4168 3454 4227 reconciliatio

198 4247 404 4316 juvante
431 4255 618 4311 cﬂ'ecti
650 4273 849 4310 sumus
876 4256 1007 4310 boni
1030 4262 1087 4310 et
1105 4256 1233 4310 facti
1257 4256 1780 4321 innocentes,creati
1862 4263 2072 4323 nostra,
2100 4256 2228 4328 quia
2268 4271 2371 4309 nos
2413 4254 2792 4309 reconciliavit
2826 4257 2941 4311 Deo
2984 4274 3083 4329 per
3123 4260 3459 4329 sanguinem

202 4336 301 4393 sive
338 4346 588 4399 renovati
638 4346 699 4399 in
729 4345 890 4399 bonis
947 4345 1229 4416 operibus,
1274 4348 1334 4398 in
1384 4346 1599 4400 Christo
1626 4348 1773 4413 Jesu,
1860 4345 2136 4417 passionis
2165 4345 2387 4400 suaeEt
2414 4347 2547 4413 quia
2569 4348 2805 4413 utraque
2837 4345 3104 4400 subaudis
3127 4364 3337 4418 genera
3358 4350 3461 4404 ho-

202 4427 250 4481 id
275 4436 355 4485 est
379 4450 480 4504 per
500 4436 792 4490 Christum
827 4436 1037 4499 Jesum,
1072 4435 1186 4489 sive
1234 4451 1335 4507 per
1372 4433 1538 4489 ﬁdem
1569 4427 2427 4502 ChristiDminum,Judaeorum
2457 4433 2672 4488 scilicet
2687 4449 2752 4488 ac
2771 4434 3223 4505 gentiliumjecit
3254 4454 3458 4507 unum,

202 4515 453 4589 Jesu,qu.z
474 4524 751 4579 subaudis
770 4525 1456 4596 bonaoperaqira'paravit
1478 4526 1619 4578 Deus
1640 4530 1697 4579 ut
1717 4527 1779 4579 in
1862 4524 2127 4579 subaudis
2148 4524 2308 4587 ovile,
2342 4530 2399 4577 et
2419 4539 2595 4577 unum
2626 4539 2829 4591 corpus
2861 4524 2918 4578 in
2950 4525 3165 4582 unitate
3199 4526 3459 4584 Ecclesia:

200 4607 301 4661 illis
323 4613 691 4669 ambulemus.
727 4615 1068 4685 proﬁciendo
1092 4615 1162 4668 de
1181 4614 1389 4668 virtute
1411 4614 1467 4667 in
1489 4614 1775 4667 virtutem.
1862 4619 1919 4669 et
1946 4613 2075 4667 fidei
2102 4613 2247 4667 sicut
2271 4613 2391 4683 ipse
2421 4613 2751 4684 promisitin
2776 4613 3073 4683 Evangelio
3097 4632 3108 4667 :
3148 4615 3216 4668 Et
3246 4619 3354 4682 ﬁet,
3379 4617 3463 4670 iu-

202 4692 310 4751 Non
333 4699 400 4753 de
426 4701 527 4755 illa
554 4703 780 4757 factura
805 4704 1053 4775 loquitur
1068 4704 1177 4768 hic,
1194 4720 1306 4775 qua
1324 4703 1381 4757 in
1408 4702 1682 4774 principio
1704 4702 1780 4756 ta-
1863 4705 2080 4775 quiens,
2112 4719 2294 4756 unum
2327 4705 2463 4755 ovile
2504 4706 2550 4755 et
2580 4718 2727 4755 unus
2756 4709 2943 4768 pastor
2964 4705 3144 4769 (Joan.
3178 4706 3258 4767 χ).
3286 4708 3333 4756 et
3360 4705 3463 4757 sot-

201 4784 266 4839 cti
306 4804 497 4845 sumus
542 4799 613 4847 ut
653 4809 923 4859 essemus,
971 4793 1066 4847 sed
1101 4793 1171 4847 de
1210 4793 1307 4846 illa
1336 4809 1447 4863 qua
1476 4809 1606 4847 cum
1639 4791 1775 4846 mali
1860 4793 2069 4850 uens.id
2101 4798 2187 4846 est
2214 4792 2507 4845 destruens
2539 4796 2598 4843 et
2625 4806 2921 4852 evacuans,
2956 4793 3017 4843 in
3039 4805 3205 4844 carne
3234 4806 3357 4856 sua,
3400 4791 3459 4845 id

203 4887 446 4941 essemus,
479 4881 620 4935 boni
649 4882 827 4936 etl‘ecti
868 4898 1063 4936 sumus
1088 4882 1208 4953 ipso
1238 4887 1525 4953 operante.
1863 4890 1948 4937 est
1975 4882 2031 4937 in
2049 4882 2304 4953 passione
2334 4897 2455 4943 sua,
2493 4881 2736 4933 medium
2762 4881 3032 4946 parietem
3062 4883 3329 4943 maceria,
3356 4880 3461 4935 hoc

260 4967 480 5038 Propter
500 4972 652 5039 quod
683 4971 973 5037 subaudis,
1007 4972 1138 5042 quia
1165 4971 1411 5025 renovati
1442 4971 1575 5025 estis
1605 4972 1661 5025 in
1688 4970 1781 5025 bo-
1864 4978 1946 5026 est
1976 4970 2318 5033 inimicitias,
2354 4968 2621 5023 subaudis
2661 4984 2784 5039 quae
2814 4972 2977 5021 erant
3014 4967 3164 5022 inter
3193 4968 3333 5023 duos
3356 4986 3460 5041 po-

201 5051 277 5108 nis
303 5059 579 5128 operibus.
614 5076 877 5115 memores
906 5066 1065 5114 estote
1104 5060 1218 5115 sive
1266 5067 1608 5115 mementote
1648 5063 1781 5128 quia
1870 5061 2048 5134 pulos.

201 5146 509 5215 aliquando,
544 5150 604 5204 id
637 5156 724 5204 est
742 5156 1045 5221 antequam
1076 5151 1146 5203 ad
1185 5150 1348 5203 {idem
1383 5148 1646 5204 veniretis
1676 5166 1781 5214 vos,
1939 5151 2125 5216 Legem
2150 5148 2545 5203 mandatorum
2574 5149 2636 5200 in
2660 5148 2885 5201 decretis
2907 5149 3268 5211 evacuans,id
3287 5154 3389 5220 est,
3408 5149 3467 5207 in

201 5241 362 5298 gentes
376 5239 549 5293 eratis
577 5242 641 5293 in
659 5239 904 5299 earne,id
919 5238 1080 5293 estin
1100 5239 1311 5293 carnali
1341 5239 1782 5297 conversatione.
1870 5240 2162 5310 praeceptis
2195 5245 2249 5292 et
2279 5236 2504 5291 statutis
2535 5236 2821 5307 Evangelii
2860 5253 3133 5291 evacuans
3170 5238 3373 5309 legem,
3404 5246 3472 5295 ut

203 5326 293 5391 qui
315 5327 999 5398 dicebaminiprxputium
1019 5328 1453 5386 abea.subaudis
1474 5335 1787 5398 gente,qu.e
1870 5331 2023 5392 duos,
2065 5327 2331 5382 subaudis
2374 5325 2626 5397 populos,
2680 5328 2893 5393 condat,
2927 5327 3041 5381 sive
3080 5329 3334 5398 perficiat
3382 5329 3469 5383 vel

201 5411 396 5468 dicitur
423 5434 459 5471 a
495 5417 656 5472 vobis
677 5422 1026 5473 circumcisio
1052 5420 1377 5485 manu/acta
1400 5420 1460 5470 in
1481 5434 1664 5471 carne.
1694 5418 1789 5471 Ju-
1872 5418 2111 5471 aediﬁcet
2137 5420 2193 5469 in
2219 5419 2514 5481 semetipso,
2548 5414 2602 5468 id
2628 5416 2784 5469 estin
2814 5416 3030 5471 unitate
3053 5418 3182 5471 ﬁdei
3206 5436 3338 5472 suae.
3356 5418 3468 5471 Me-

201 5496 293 5555 dazi
312 5512 546 5578 propter
573 5507 1059 5563 circumcisionem
1088 5523 1120 5561 a
1151 5505 1413 5577 gentibus
1436 5504 1791 5575 appellaban-
1873 5507 2029 5562 dium
2059 5504 2331 5577 parietem
2344 5505 2590 5576 appellat
2608 5504 2667 5558 in
2690 5505 2794 5560 hoc
2814 5505 2934 5560 loco
2955 5506 3155 5577 legalia
3166 5510 3459 5578 praecepta,

197 5593 648 5657 turcircumcisio
671 5618 684 5659 ;
711 5603 769 5657 et
786 5603 1006 5674 gentes,
1025 5599 1155 5675 quia
1172 5593 1549 5654 incircumcisi
1569 5598 1791 5666 erant,a
1872 5594 2373 5667 circumcisionem,
2397 5593 2612 5654 scilicet
2629 5593 3072 5653 observationem
3084 5594 3463 5673 sabbatorum)
