3966 6156
509 255 608 311 711

952 251 1330 308 HAYMONIS
1361 251 1850 310 HALBERSTAT.
1882 250 2118 310 EPISC.
2157 249 2317 309 OPP.
2349 251 2534 308 PARS
2561 251 2606 308 Ι.
2641 280 2709 294 -
2741 250 3109 309 COMMENT.
3147 253 3325 310 BIBL.

3635 255 3723 314 712

509 379 871 434 festivitatem
899 377 1321 432 neomeniarum
1348 381 1406 431 et
1426 377 1846 443 sacriﬁciorum,
1868 393 1990 448 quae
2019 377 2104 431 di-
2123 381 2172 438 A
2192 376 2345 431 illius
2359 381 2492 432 sunt
2517 377 2737 432 fundati
2757 382 2814 432 et
2829 377 3081 450 stabiliti,
3102 378 3244 434 sicut
3265 379 3377 451 ipse
3399 381 3560 436 dixit:
3578 383 3727 454 Super

510 468 773 523 videbant
799 468 941 522 duos
971 467 1228 538 populos,
1283 467 1504 520 Judaeos
1552 473 1606 520 et
1635 467 1892 536 gentiles,
1933 467 2105 522 veluti

509 557 697 628 paries
727 557 925 610 dividit
966 572 1030 609 ac
1069 559 1292 626 separat
1337 555 1478 608 duos
1515 555 1790 620 homines,
1823 555 1938 609 sive
1967 556 2106 609 duas

512 662 622 700 res.
648 645 718 699 Et
745 645 896 714 quod
929 644 1070 697 dixit
1084 649 1377 712 parietem,
1399 643 1505 697 hoc
1521 644 1796 714 exposuit,
1815 660 1940 698 cum
1969 643 2109 698 dixit

513 735 846 787 inimicitias
861 738 908 784 et
923 735 1088 798 legem
1102 731 1494 784 mandatorum
1505 731 1673 800 ,quod
1691 731 2105 801 pr0pterlegem

513 825 570 873 et
589 819 998 872 observantiam
1020 819 1141 888 ejus
1158 823 1321 871 erant
1336 818 1644 872 inimicitiae
1657 827 1712 872 et
1723 820 2107 874 contentiones

510 907 660 962 inter
677 908 817 961 duos
839 907 1072 976 populos
1093 924 1102 958 :
1129 906 1393 976 quoniam
1414 907 1590 960 Judaei
1611 907 1958 978 deputabant
1973 925 2108 979 gen-

511 997 638 1050 tiles
655 996 814 1067 quasi
835 995 1288 1049 immundos.Sed
1319 995 1477 1049 illum
1496 996 1764 1066 parietem
1778 998 1892 1052 sive
1912 997 2098 1051 inimi-

513 1085 703 1140 citiam
726 1085 811 1139 vel
833 1086 1014 1152 legem
1036 1085 1432 1138 mandatorum
1463 1085 1740 1139 destruxit
1759 1085 1876 1156 ipse
1891 1085 1948 1139 in
1970 1102 2102 1156 pas-

2189 465 2332 517 hanc
2349 470 2589 532 petram,
2624 465 2680 518 id
2711 471 2798 519 est
2823 482 2992 537 super
3025 482 3115 520 me
3169 468 3432 534 aediﬁcabo
3471 469 3725 523 Ecclesium

2188 569 2369 606 meam
2398 554 2618 623 (Matth.
2644 558 2780 620 κη),
2806 571 2928 625 quia
2953 560 3172 609 constat
3197 571 3264 608 ex
3284 557 3488 626 angelis
3513 563 3566 610 et
3583 557 3731 612 homi-

2188 640 2352 694 nibus
2365 641 2762 711 justis.0mnis
2785 643 2934 697 enim
2957 643 3048 713 qui
3073 643 3239 697 ﬁdem
3258 643 3458 698 Christi
3477 643 3644 710 habet,
3660 661 3732 700 su-

2189 745 2292 799 per
2309 729 2492 800 ipsum
2525 736 2611 784 est
2637 731 2922 795 fundatus,
2941 735 3057 799 ipso
3081 734 3566 798 summoangulari
3586 734 3733 800 lapids

2189 817 2404 871 Christo
2419 821 2569 873 Jesu.
2595 819 2885 882 Quomodo
2907 827 2991 872 est
3012 819 3268 873 Christus
3287 825 3342 873 et
3352 819 3732 875 fundamentum

2188 911 2246 960 et
2273 923 2528 960 summus
2558 907 2735 978 lapis?
2790 907 2899 961 Per
2939 907 3044 961 hoc
3083 907 3232 978 quod
3278 905 3348 960 ab
3391 907 3482 962 illo
3509 907 3736 980 incipitur

2187 995 2344 1060 ﬁdes,
2371 1000 2429 1049 et
2453 995 2511 1048 in
2525 995 2668 1066 ipso,
2692 1001 2749 1050 et
2768 995 2838 1050 ab
2858 995 2954 1050 illo
2974 995 3262 1067 perﬁcitur
3283 1002 3450 1067 atque
3467 997 3740 1067 completur

2184 1083 2309 1154 ipsa
2337 1083 2476 1137 ﬁdes
2505 1083 2743 1155 ideoque
2774 1101 2968 1139 omnes
2985 1085 3145 1138 electi
3171 1085 3230 1138 in
3251 1085 3372 1156 ipso
3391 1091 3520 1140 sunt
3534 1085 3737 1140 fundati.

513 1175 670 1229 sione
695 1191 817 1240 sua,
859 1174 1084 1244 quando
1111 1190 1211 1244 pro
1250 1173 1510 1226 omnibus
1539 1173 1864 1228 immolatus
1896 1180 1999 1236 est,
2027 1174 2106 1228 sic
2188 1174 2312 1243 Ipse
2341 1175 2491 1226 enim
2523 1173 2680 1239 dixit,
2707 1189 2806 1244 pro
2839 1189 2904 1227 eo
2935 1173 3084 1244 quod
3107 1179 3193 1227 est
3224 1173 3283 1226 in
3311 1173 3450 1244 ipso.
3475 1175 3739 1244 Angularis

511 1281 714 1318 vocans
761 1263 1000 1334 gentiles
1037 1262 1106 1315 ad
1159 1261 1326 1315 ﬁdem
1365 1269 1422 1315 et
1466 1261 1749 1316 redimens
1791 1263 1960 1316 veluti
2007 1264 2108 1316 Ju-
2190 1261 2358 1314 etiam
2381 1261 2741 1332 dicitur,quia
2757 1260 2902 1315 sicut
2919 1261 3208 1331 angularis
3227 1261 3367 1332 lapis
3387 1261 3740 1332 duosparietes

513 1353 681 1420 dmos,
715 1358 774 1406 et
827 1352 1057 1421 insuper
1102 1350 1160 1404 in
1207 1349 1445 1404 decretis
1490 1351 1775 1419 Evangelii
1823 1350 2112 1405 evacuavit
2187 1350 2481 1420 jungit,ita
2497 1349 2754 1404 Christus
2779 1350 2919 1404 duos
2942 1351 3177 1421 populos
3197 1351 3254 1404 in
3274 1349 3490 1405 unitate
3509 1350 3628 1405 ﬁdei
3646 1368 3740 1406 suae

515 1440 696 1510 legem
719 1441 778 1493 in
802 1439 1086 1510 mysteriis
1108 1456 1119 1491 :
1139 1439 1270 1509 quia
1300 1455 1410 1492 non
1439 1439 1689 1508 praecipit
1708 1455 1888 1509 neque
1918 1440 2110 1494 Judazo
2192 1439 2581 1509 conjungendo
2611 1440 2878 1494 continet.

516 1545 700 1600 neque
729 1528 927 1598 gentili
957 1528 1156 1582 offerre
1173 1527 1508 1581 sacrificium
1531 1533 1586 1580 et
1615 1527 1934 1582 circumcidi
1964 1534 2112 1600 post-
2266 1531 2450 1596 lnquo
2477 1528 2698 1582 Christo
2727 1532 2908 1582 omnis
2935 1530 3222 1596 a'di'ﬁcatio
3250 1528 3503 1583 Ecclesiae
3525 1533 3743 1583 constru-

517 1633 683 1688 quam
717 1617 834 1686 ipse
878 1632 1076 1686 passus
1114 1620 1215 1678 est,
1271 1614 1366 1684 qui
1417 1615 1885 1685 przeﬁgurabatur
1912 1616 1970 1670 in
1999 1617 2112 1670 illis
2193 1621 2282 1669 cla
2313 1623 2368 1670 et
2397 1617 2671 1671 aediﬁcata
2709 1621 2896 1671 crescit
2920 1621 2981 1671 in
3013 1621 3273 1686 templum
3298 1623 3548 1671 sanctum
3571 1620 3625 1669 in
3657 1618 3744 1670 Do-

517 1704 824 1769 sacriﬁciis,
851 1708 910 1758 in
941 1721 1119 1757 unum
1135 1720 1336 1757 novum
1355 1703 1654 1768 hominem,
1678 1705 1732 1758 id
1751 1705 1906 1759 estin
1927 1706 2110 1776 seipso
2128 1722 2173 1781 Β
2193 1707 2365 1758 mino.
2400 1706 2463 1760 In
2477 1722 2587 1776 quo
2603 1705 2982 1776 Christo,quia
3002 1705 3251 1776 quotidie
3283 1723 3350 1760 ex
3379 1705 3624 1760 omnibus
3637 1720 3746 1774 gen-

515 1796 726 1863 faciens
741 1792 1250 1860 parem.Quomodo
1270 1793 1450 1849 factus
1465 1799 1550 1848 est
1572 1793 1690 1864 ipse
1712 1811 1886 1848 novus
1907 1795 2110 1848 homo?
2190 1793 2340 1848 tibus
2365 1795 2436 1848 ad
2468 1795 2636 1848 ﬁdem
2667 1794 2873 1848 Christi
2901 1795 3151 1856 veniunt,
3183 1795 3320 1848 ﬁdes
3349 1795 3545 1848 crescit
3573 1794 3626 1846 in
3648 1793 3747 1863 ipsa

515 1884 585 1938 In
603 1885 709 1938 hoc
741 1882 886 1953 quod
914 1882 1081 1935 homo
1102 1881 1280 1935 factus
1301 1889 1404 1949 est,
1435 1888 1604 1937 natus
1639 1899 1703 1936 ex
1724 1883 1958 1953 virgine,
1989 1883 2110 1938 sine
2193 1882 2454 1941 Ecclesia.
2511 1899 2634 1952 quae
2683 1888 2768 1936 est
2811 1883 3084 1953 templum
3115 1883 3345 1948 Christi,
3379 1882 3523 1936 sicut
3540 1879 3658 1935 alibi
3675 1879 3745 1934 di-

517 1971 734 2025 semine
779 1971 946 2030 virili.
981 1976 1038 2024 et
1087 1978 1448 2026 conversatus
1498 1978 1582 2026 est
1631 1973 1687 2027 in
1730 1973 1936 2026 mundo
1989 1973 2110 2026 sine
2193 1970 2384 2026 citur:
2431 1973 2716 2040 Templum
2754 1973 2851 2026 Dei
2891 1978 3147 2025 sanctum
3193 1981 3290 2034 est,
3341 1973 3486 2040 quod
3525 1973 3638 2024 estis
3675 1985 3746 2022 vos

516 2065 765 2132 peccato,
803 2061 948 2130 quod
979 2077 1144 2114 nemo
1167 2077 1269 2114 nec
1305 2067 1472 2115 antea
1502 2079 1606 2116 nec
1633 2067 1828 2132 postea
1869 2061 2016 2124 fecit,
2051 2065 2112 2115 ut
2196 2061 2246 2129 (1
2269 2060 2392 2115 Cor.
2417 2065 2512 2127 Ill).
2550 2060 2699 2114 Licet
2722 2060 2870 2114 enim
2899 2061 3256 2131 omnipotens
3277 2060 3429 2114 Deus
3459 2075 3552 2130 per
3577 2057 3747 2112 divini-

517 2151 899 2204 reconciliaret
936 2150 1039 2202 Deo
1069 2148 1228 2202 Patri
1257 2151 1441 2202 ambos
1471 2150 1704 2220 populos
1745 2166 1846 2219 per
1873 2166 2108 2218 crucem,
2193 2149 2326 2203 tatis
2355 2149 2664 2220 potentiam
2694 2149 2900 2220 ubique
2929 2149 3022 2216 sit,
3052 2155 3244 2204 tamen
3280 2150 3452 2202 aliter
3481 2147 3678 2202 habitat
3700 2146 3748 2198 in

516 2237 624 2292 hoc
639 2241 726 2291 est
754 2253 854 2307 per
871 2237 1184 2307 passionem
1211 2237 1391 2290 crucis
1413 2255 1545 2302 suae,
1571 2241 1634 2292 in
1655 2255 1766 2292 uno
1797 2255 2036 2308 corpore,
2055 2239 2112 2294 id
2195 2238 2404 2303 electis,
2435 2243 2604 2308 atque
2634 2239 2801 2293 aliter
2833 2239 2890 2292 in
2913 2237 3184 2309 reprobis.

519 2332 606 2381 est
636 2327 692 2380 in
721 2341 833 2380 una
859 2325 1122 2389 Ecclesia,
1157 2325 1214 2378 in
1245 2342 1357 2379 una
1389 2327 1517 2393 ﬁde,
1543 2327 1602 2380 in
1641 2343 1751 2380 una
1782 2327 2047 2382 societate
2094 2347 2105 2382 :
2268 2329 2336 2382 In
2361 2343 2466 2394 quo
2497 2327 2740 2390 Christo,
2775 2327 2831 2380 id
2861 2331 2947 2380 est
2984 2327 3042 2380 in
3071 2328 3232 2397 cujus
3262 2327 3374 2380 ﬁde
3399 2331 3447 2380 et
3474 2342 3559 2380 vos
3582 2325 3746 2378 caedi.-

520 2415 604 2468 vel
633 2415 692 2468 in
720 2431 832 2468 uno
865 2431 1116 2484 corpore,
1141 2419 1204 2468 ut
1229 2431 1422 2468 omnes
1447 2431 1512 2468 ex
1540 2416 1746 2471 Judwis
1767 2423 1823 2469 et
1849 2417 2110 2486 gentibus
2193 2417 2445 2484 ﬁcamini
2473 2419 2537 2469 in
2574 2415 2956 2470 habitaculum
2987 2417 3104 2480 Dei,
3140 2420 3201 2470 ut
3232 2415 3359 2470 sitis
3387 2414 3646 2484 templum
3666 2411 3750 2466 Dei

517 2503 826 2570 credentes,
881 2520 1056 2557 unum
1110 2520 1312 2574 corpus
1346 2505 1468 2574 ejus
1520 2504 1652 2568 sint,
1681 2507 2017 2573 interﬁciens
2055 2511 2112 2561 et
2192 2504 2301 2558 vivi
2333 2504 2632 2558 crescendo
2661 2504 2730 2558 de
2777 2503 2981 2558 virtute
3025 2504 3084 2558 in
3129 2504 3396 2559 virtutem
3431 2518 3441 2552 :
3484 2507 3540 2558 et
3577 2502 3669 2555 hoc
3699 2503 3749 2553 in

518 2593 815 2648 destructis
844 2593 929 2646 vel
961 2608 1254 2654 evacuans,
1289 2595 1650 2647 inimicitiam
1708 2596 1770 2648 in
1809 2599 2106 2663 semetipso.
2191 2593 2410 2662 Spiritu
2435 2599 2647 2660 sancto,
2682 2592 2740 2647 id
2764 2597 2851 2648 est
2879 2609 2978 2664 per
3003 2593 3247 2662 gratiam
3277 2593 3521 2665 Spiritus
3545 2588 3720 2645 sancti.

519 2682 699 2747 Quam
729 2681 1084 2736 inimicitiam
1117 2681 1435 2735 destruxit?
1457 2682 1616 2736 Illam
1647 2699 1769 2752 quas
1803 2689 1924 2737 erat
1963 2683 2112 2738 inter

516 2733 1083 2840 ῑιῖάᾷὸέέὲεεηιίιεέ
1104 2733 1923 2841 proptercircumcisionem—et
1937 2733 2110 2827 δέὲὲἓί
2794 2735 3027 2790 CAPUT
3062 2733 3166 2792 111.

521 2861 650 2915 ﬁcia
674 2859 898 2930 legalis,
931 2865 1064 2914 tunc
1097 2859 1153 2912 in
1193 2859 1498 2931 semetipso
1538 2861 1848 2927 evacuavit,
1889 2862 2111 2932 quando
2262 2862 2444 2930 Hujus
2473 2865 2557 2916 rei
2583 2863 2791 2930 gratia,
2825 2860 2880 2914 id
2911 2866 2995 2916 est
3023 2865 3326 2932 propterea
3353 2861 3488 2933 quia
3515 2877 3602 2916 vos
3641 2859 3751 2915 estis

517 2948 834 3020 passionem
865 2948 1212 3014 sustinendo,
1246 2966 1368 3019 quae
1397 2953 1558 3003 erant
1581 2949 1638 3004 in
1668 2951 1969 3020 mysteriis,
2003 2951 2169 3020 im-n
2194 2949 2340 3004 cives
2389 2955 2711 3004 sanctorum
2757 2954 2813 3003 et
2855 2965 3024 3020 super
3069 2949 3356 3004 Christum
3389 2949 3520 3004 estis
3547 2947 3749 3013 fundati,

517 2999 692 3109 plevit
716 3035 771 3091 in
799 3035 1050 3102 veritate,
1100 3042 1156 3090 et
1199 2999 1326 3107 pdst
1369 3053 1482 3090 non
1519 2999 1783 3110 praecepit
1813 2999 1998 3094 offerri
2026 2999 2170 3094 vela
2195 3055 2288 3106 ego
2317 3041 2524 3091 Paulus
2555 3040 2772 3092 vinctus
2804 2999 3168 3092 suerhristi
3193 3041 3322 3092 Jesu
3348 3054 3460 3107 pro
3484 3039 3616 3092 vobis
3639 2999 3748 3104 gen-1

518 3124 818 3182 observari.
2197 3129 2358 3181 tibus.
2393 3128 2610 3181 Vinctus
2634 3143 2758 3180 sum
2790 3127 2923 3181 dicit
2951 3126 3160 3181 catenis
3189 3132 3246 3181 et
3273 3127 3539 3181 astrictus
3559 3141 3648 3197 pro
3665 3125 3752 3178 ﬁde

589 3217 656 3269 Et
690 3219 908 3270 veniens
935 3215 994 3268 in
1039 3211 1314 3268 mundum
1340 3231 1440 3284 per
1467 3212 1870 3269 incarnationis
1900 3220 2112 3287 myste-
2195 3215 2402 3270 Christi
2423 3221 2475 3269 et
2499 3231 2598 3287 pro
2613 3215 2766 3270 vobis
2783 3215 3273 3287 gentibus,quibus
3301 3216 3540 3287 praedico
3561 3213 3753 3269 verbum

521 3301 1093 3372 rium,evangelizavit
1124 3319 1226 3373 per
1253 3305 1502 3372 angelos,
1532 3321 1632 3374 per
1659 3321 1718 3358 se
1748 3311 1804 3358 et
1831 3305 2112 3375 apostolos
2194 3305 2392 3360 salutis
2429 3305 2568 3371 :vel,
2604 3307 2820 3359 vinctus
2847 3321 3040 3360 amore
3081 3305 3313 3370 Christi,
3348 3321 3452 3376 pro
3483 3304 3625 3358 vobis
3647 3318 3754 3372 gen-

515 3409 706 3464 pacem
737 3395 884 3447 vobis
921 3391 1202 3464 gentibus,
1230 3395 1330 3460 qui
1356 3395 1508 3459 longe
1541 3394 1748 3458 fuistis,
1774 3410 1805 3447 a
1835 3395 1972 3462 Deo,
1998 3410 2111 3448 non
2192 3393 2340 3448 tibus
2367 3398 2563 3448 teneor
2591 3393 2649 3448 in
2671 3411 2924 3462 carcere;
2957 3399 3014 3448 et
3031 3399 3118 3448 est
3135 3410 3336 3448 sensus
3368 3408 3380 3442 :
3415 3394 3474 3448 Si
3493 3392 3754 3447 voluissem

521 3480 662 3548 loco,
683 3483 780 3536 sed
804 3481 1020 3543 merito,
1043 3487 1089 3534 et
1106 3497 1298 3550 pacem
1317 3481 1420 3549 his,
1445 3479 1500 3534 id
1515 3487 1601 3534 est
1619 3482 1825 3536 Judaeis
1837 3483 1932 3552 qui
1950 3489 2112 3538 erant
2192 3499 2524 3554 permanere
2548 3483 2608 3536 in
2628 3482 2932 3554 judaismo,
2960 3488 3016 3536 et
3047 3499 3080 3536 a
3110 3482 3512 3553 praedicatione
3543 3478 3753 3536 nominis

517 3588 692 3644 prope
713 3569 1197 3642 percognitionem
1221 3570 1340 3638 ejus
1352 3585 1520 3640 quam
1538 3569 2109 3650 habebant,quoniam
2191 3570 2398 3625 Christi
2417 3571 2725 3642 quiescere,
2753 3588 2975 3642 possem
2997 3587 3120 3625 esse
3145 3571 3316 3636 dives,
3338 3575 3398 3624 et
3423 3570 3671 3642 magister
3687 3583 3756 3638 sy-

513 3677 616 3730 per
637 3659 1114 3728 ipsumChristum
1130 3659 1388 3712 habemus
1423 3675 1524 3713 nos
1545 3661 1702 3713 ambo
1722 3660 1914 3731 populi
1933 3677 2110 3714 acces-
2191 3675 2537 3729 nagogarum
2565 3659 2856 3730 appellari.
2901 3659 3009 3714 Sed
3057 3658 3190 3730 quia
3229 3659 3522 3714 Christum
3551 3655 3754 3730 praedico

517 3766 641 3803 sum
664 3749 735 3801 ad
758 3747 984 3802 Patrem
1000 3750 1062 3800 in
1076 3764 1188 3801 uno
1203 3750 1428 3816 spiritu,
1460 3747 1727 3803 subaudis
1757 3751 2106 3805 conﬁtentes.
2195 3747 2365 3813 vobis,
2405 3765 2554 3802 nunc
2581 3748 2846 3802 astrictus
2878 3753 3074 3802 teneor
3102 3747 3166 3802 in
3199 3754 3456 3818 egestate
3483 3747 3695 3820 positus,
3717 3745 3757 3796 si

518 3836 620 3890 Vel
639 3835 820 3890 renati
841 3853 941 3906 per
956 3836 1239 3890 Christum
1260 3837 1578 3892 accedimus
1597 3838 1664 3892 ad
1679 3839 2082 3894 DeumPatrem
2093 3879 2106 3904 ,
2193 3843 2374 3892 tamen
2385 3840 2621 3892 audistis
2633 3840 3094 3907 dispensationem
3109 3837 3223 3892 sive
3239 3837 3757 3892 administrationem

520 3923 651 3997 quia
685 3924 803 3995 ipse
834 3931 920 3979 est
950 3925 1227 3979 mediator
1256 3942 1356 3996 per
1381 3927 1528 3996 quod
1568 3926 1734 3981 homo
1763 3932 1822 3982 et
1845 3928 1994 3982 Deus
2023 3933 2110 3982 est
2187 3929 2384 3994 gratiae
2412 3929 2510 3981 Dei
2545 3943 2663 3994 quae
2685 3929 2817 3980 data
2837 3933 2914 3980 est
2949 3927 3092 3980 mihi
3130 3930 3188 3980 in
3221 3928 3392 3994 vobis,
3423 3929 3480 3982 id
3510 3933 3592 3980 est
3611 3925 3664 3978 in
3689 3938 3758 3976 ve—

519 4017 571 4080 (Ῑ
601 4015 740 4068 Tim.
774 4019 854 4082 Ii).
898 4015 966 4068 Et
995 4032 1094 4086 per
1129 4015 1288 4068 illum
1322 4022 1544 4070 nostras
1582 4033 1774 4086 preces
1821 4017 1890 4070 ad
1929 4017 2108 4072 Deum
2190 4021 2365 4070 stram
2403 4016 2727 4070 utilitatem.
2761 4016 2819 4070 Si
2840 4020 3032 4070 tamen
3070 4015 3180 4070 isto
3229 4016 3287 4070 in
3327 4017 3456 4070 loco
3496 4015 3670 4088 potius
3689 4015 3758 4066 est

516 4105 744 4162 Patrem
777 4103 1158 4174 dirigimus,ct
1189 4121 1288 4173 per
1312 4104 1470 4157 illum
1487 4105 1965 4159 introducimurin
1981 4123 2107 4160 con-
2189 4104 2525 4158 afﬁrmativa
2549 4105 2864 4175 conjunctio
2885 4121 3052 4174 quam
3073 4103 3473 4169 dubitativa,et
3485 4103 3612 4158 nihil
3632 4097 3758 4155 aliud

517 4199 712 4264 spectu
737 4191 906 4255 illius,
927 4193 1072 4245 sicut
1095 4192 1188 4244 ille
1209 4192 1350 4245 dixit
1375 4211 1386 4244 :
1419 4195 1588 4246 Nemo
1609 4197 1756 4246 venit
1785 4195 1859 4246 ad
1886 4196 2106 4248 Patrem
2190 4198 2274 4246 est
2300 4193 2408 4246 nisi
2433 4193 2616 4246 dicere
2651 4193 2835 4246 :Certe
2863 4192 3100 4246 audistis
3117 4192 3362 4246 ofﬁcium
3381 4185 3758 4264 praedicationis

517 4283 634 4334 nisi
651 4296 752 4346 per
778 4281 1053 4345 mctJoaii.
1069 4280 1192 4341 xxv).
1225 4279 1468 4345 Fratres,
1490 4284 1616 4348 jam
1653 4298 1762 4335 non
1783 4285 1908 4336 estis
1928 4283 2106 4352 hospi-
2189 4282 2500 4352 meae,quod
2515 4282 2708 4336 datum
2723 4288 2808 4336 est
2824 4281 2958 4336 mihi
2977 4281 3327 4353 pergratiam
3341 4282 3444 4336 Dei
3463 4281 3532 4336 ad
3546 4286 3758 4334 vestram

519 4373 592 4423 tes
621 4372 668 4420 et
699 4369 935 4431 advenae,
968 4367 1054 4420 vel
1081 4367 1370 4438 proselyti,
1419 4367 1504 4422 vel
1533 4369 1704 4423 alieni
1747 4387 1781 4424 a
1826 4364 2170 4427 consortioD
2188 4371 2795 4438 utilitatem.0uoniam
2825 4373 3126 4425 secundum
3151 4374 3542 4426 reuelationem
3571 4367 3760 4424 Deinc-

517 4453 858 4523 Judaeorum,
889 4473 985 4510 vos
1013 4457 1272 4527 gentiles,
1317 4457 1468 4512 sicut
1504 4459 1786 4530 quondam
1815 4460 2016 4528 fuistis,
2045 4480 2112 4518 eo

514 4545 682 4600 modo
705 4561 814 4616 quo
839 4545 1098 4617 superius
1118 4545 1410 4617 paululum
1431 4547 1692 4614 diximus,
1716 4551 1808 4602 sed
1827 4553 1952 4604 estis
1973 4554 2110 4606 cives

513 4637 1736 4707 sanctorum,patriarcharum,prOphetarum
1758 4639 2110 4711 aliorumque

509 4721 818 4796 justorum,
845 4730 895 4778 et
923 4728 1208 4781 domestici
1255 4727 1370 4782 Dei.
1403 4725 1560 4781 Cives
1601 4727 1868 4782 dicuntur
1897 4728 1968 4782 ab
1997 4745 2112 4784 una

514 4812 737 4870 civitate
767 4820 824 4869 et
843 4816 1258 4881 communione,
1293 4815 1585 4870 domestici
1617 4833 1650 4870 a
1677 4817 1864 4883 domo,
1898 4819 2028 4888 quia
2051 4819 2111 4873 in

512 4916 628 4958 una
655 4901 820 4958 domo
845 4909 1266 4960 conversantur.
1292 4905 1436 4974 Ergo
1465 4904 1701 4974 gentiles
1731 4905 1865 4960 socii
1894 4911 2028 4960 sunt
2055 4912 2113 4962 et

515 4988 662 5046 cives
699 4996 1043 5055 sanctorum,
1082 4999 1140 5048 et
1166 4992 1459 5048 domestici
1489 4993 1590 5048 Dei
1632 5011 1643 5046 :
1679 4993 1812 5063 quia
1836 4994 1907 5048 ad
1938 5011 2109 5050 unam

515 5079 794 5134 civitatem
844 5081 1126 5134 caelestem
1183 5082 1532 5136 Hierusalem
1566 5081 1856 5153 pervenire
1885 5090 2110 5140 conten-

517 5167 676 5232 dunt,
711 5168 844 5222 etin
869 5185 983 5222 una
1010 5167 1178 5224 domo
1199 5187 1320 5241 quae
1347 5177 1432 5226 est
1451 5170 1699 5226 Ecclesia
1723 5171 1843 5239 Dei,
1868 5189 2110 5230 commo-

511 5262 730 5312 rantur.

584 5345 1020 5414 Supermdiﬁeati
1046 5363 1210 5417 super
1223 5347 1657 5416 fundamentum
1675 5355 2046 5420 apostolorum
2058 5357 2106 5407 et

506 5435 910 5512 prophetarum
937 5436 1386 5492 Fundamentum
1399 5440 1776 5511 apostolorum
1794 5452 1852 5496 et
1871 5442 2106 5514 prOphe-

2197 4465 2317 4514 tum
2340 4461 2483 4514 mihi
2504 4461 2717 4528 factum
2744 4465 2817 4514 est
2838 4465 3274 4526 sacramentum,
3298 4460 3415 4514 sive
3435 4456 3755 4532 mysterium,

2191 4551 2334 4604 sicut
2357 4565 2530 4618 supra
2576 4549 2636 4603 in
2683 4549 2787 4604 hac
2818 4548 3068 4620 Epistola
3112 4552 3312 4618 scripsi
3341 4549 3499 4604 vobis
3532 4552 3594 4602 in
3614 4545 3754 4609 brevi,

2185 4643 2353 4706 prout
2385 4640 2602 4707 possitis
2624 4640 2932 4708 intelligere
2965 4639 3327 4706 prudentiam
3361 4653 3542 4692 meam
3572 4639 3628 4689 in
3655 4647 3758 4698 my-

2191 4729 2357 4781 sterio
2383 4727 2592 4781 Christi
2625 4729 2853 4794 legentes
2877 4727 3026 4780 dicta
3057 4743 3202 4781 mea.
3250 4725 3466 4781 Idcirco
3507 4727 3618 4780 haec
3655 4717 3760 4792 Epi-

2191 4815 2338 4869 stola
2357 4814 2618 4870 omnibus
2639 4814 2900 4886 Epistolis
2923 4831 3063 4886 pene
3079 4814 3362 4870 difﬁcilior
3382 4814 3636 4879 habetur,
3649 4808 3758 4883 quia

2193 4903 2409 4959 obtinet
2435 4903 2496 4958 in
2523 4921 2583 4958 se
2609 4920 2816 4975 magna
2854 4909 2912 4958 et
2957 4904 3175 4959 occulta
3203 4905 3496 4976 mysteria,
3523 4901 3758 4970 brevique

2191 5009 2450 5048 sermone
2476 4993 2898 5064 comprehensa.
2924 4993 3002 5048 De
3024 5010 3133 5064 quo
3153 4998 3507 5048 sacramento
3535 4992 3643 5046 sive
3661 5003 3759 5058 my-

2191 5082 2364 5136 sterio
2394 5081 2562 5148 dicat,
2596 5083 2745 5153 quod
2777 5082 2829 5137 ei
2867 5098 2968 5152 per
2995 5082 3395 5137 revelationem
3427 5081 3529 5136 Dei
3557 5075 3760 5134 manife-

2190 5176 2400 5226 statum
2430 5176 2515 5225 est
2539 5171 2714 5242 Paulo
2751 5171 2810 5224 in
2843 5171 3205 5241 sequentibus
3252 5171 3542 5242 panditur,
3568 5170 3665 5224 hoc
3689 5169 3762 5220 est

2191 5261 2338 5332 quod
2362 5266 2560 5332 gentes
2577 5238 2971 5315 in'societatem
2993 5259 3319 5314 Judaeorum
3337 5265 3523 5314 essent
3535 5263 3758 5313 venturae

2188 5351 2308 5406 sine
2358 5350 2548 5421 aliqua
2587 5349 2920 5404 differentia.
2971 5349 3132 5404 Unde
3180 5355 3236 5404 et
3272 5349 3570 5420 sequitur:
3606 5342 3754 5414 Quod,

2185 5439 2456 5496 subaudis
2485 5445 2898 5494 sacramentum
2923 5438 3038 5494 sive
3067 5438 3398 5512 mysterium
3419 5437 3557 5492 mihi
3577 5436 3758 5490 revela-

499 5531 704 5598 tarum
722 5523 1085 5604 omniumque
1103 5525 1358 5586 ﬁdelium
1373 5527 1628 5588 Christus
1647 5529 1892 5607 est,quia
1905 5531 1965 5590 in
1989 5530 2104 5595 ﬁde
2182 5536 2305 5592 tum
2317 5529 2471 5590 esLN
2475 5529 2807 5609 unquidnon
2817 5527 3131 5590 revelatum
3141 5524 3570 5609 estpatriarchis
3584 5529 3640 5585 et
3643 5536 3757 5604 pro-
