3966 6156
207 351 303 409 713

875 351 1256 408 EXPOSITIO
1287 353 1366 406 ΙΝ
1396 351 1548 407 ΕΡΡ.
1582 353 1639 407 S.
1673 351 1909 408 PAULI.
1942 382 2012 436 -_--
2040 354 2118 409 IN
2147 354 2372 409 EPIST.
2403 355 2500 408 AD
2530 353 2782 412 EPHES.

3367 355 3473 414 714

200 475 379 548 phetis
391 475 420 528 ’ἶ
441 474 776 546 utique.lllis
785 477 934 531 enim
949 477 1302 531 solummodo
1317 482 1402 532 est
1414 478 1721 532 revelatum
1735 477 1790 531 in
1809 480 1859 538 A
1876 477 2084 533 stantia
2102 484 2190 533 est
2203 479 2354 533 inter
2370 478 2592 533 Judazos
2607 484 2664 533 et
2673 478 2911 549 gentiles
2932 478 2990 533 in
3000 478 3188 549 gratia
3203 479 3468 544 Dei.Quze

202 562 434 635 Spiritu,
461 563 564 616 hoc
586 569 670 618 est
697 580 799 636 per
828 562 1100 635 Spiritum
1131 570 1410 628 sanctum,
1437 564 1531 635 qui
1570 564 1670 618 ﬁlii
1698 564 1798 618 Dei

201 659 358 706 erant
387 669 490 723 per
510 653 890 723 adoptionem,
924 653 1070 708 sicut
1089 659 1147 707 et
1176 653 1402 719 Paulus,
1432 670 1545 707 non
1571 653 1681 706 illis
1703 652 1799 724 qui

201 741 295 796 ﬁlii
325 747 386 795 et
409 747 692 796 amatores
741 742 911 812 hujus
937 742 1133 796 mundi
1163 748 1342 796 erant.
1387 741 1573 796 Aliter
1604 760 1615 794 :
1659 741 1799 795 Aliis

199 830 654 902 generationibus
685 831 812 884 ﬁliis
836 831 1150 895 hominum,
1183 832 1239 885 id
1269 838 1354 886 est
1377 831 1713 903 patriarchis
1746 837 1800 884 et

200 919 490 991 prophetis
509 925 676 990 atque
692 920 817 973 aliis
839 920 1176 983 hominibus,
1201 937 1310 974 non
1335 929 1420 974 est
1435 922 1501 973 ad
1525 919 1801 991 liquidum

201 1009 277 1063 ita
296 1008 721 1062 manifestatum
745 1012 1076 1080 mysterium
1096 1009 1225 1062 ﬁdei
1238 1008 1806 1080 gentium,sicutapo-

201 1096 352 1151 stolis
374 1103 439 1150 et
458 1096 745 1168 prOphetis
765 1097 904 1150 Novi
928 1097 1295 1160 Testamenti,
1321 1103 1383 1152 ut
1405 1097 1509 1150 fuit
1527 1096 1755 1174 Agabps
1787 1112 1799 1148 :

202 1201 445 1257 quorum
465 1185 861 1256 prazdicatione
882 1185 950 1239 ad
965 1185 1132 1239 ﬁdem
1148 1191 1438 1239 venerunt.
1453 1185 1609 1248 Quod
1623 1189 1809 1255 potest

202 1271 428 1346 probari
461 1290 526 1328 ex
553 1273 658 1327 hoc
687 1273 838 1344 quod
868 1274 1141 1328 Dominus
1187 1275 1267 1328 ait
1309 1273 1608 1344 apostolis:
1642 1275 1808 1327 Multi

203 1378 345 1429 reges
367 1366 423 1414 et
451 1361 726 1430 propheta:
749 1364 1044 1415 voluerunt
1093 1363 1272 1415 videre
1318 1379 1436 1429 qua
1472 1378 1560 1415 vos
1590 1363 1804 1422 ridetis,

201 1457 244 1505 ct
275 1467 390 1504 non
424 1451 686 1517 viderunt
705 1451 919 1517 (Matth.
954 1453 1096 1516 xm).
1126 1450 1353 1520 Maioris
1399 1451 1548 1504 enim
1595 1449 1808 1520 sapien-

199 1539 286 1594 tiae
312 1540 558 1593 fuerunt
586 1538 828 1608 apostoli
857 1555 1024 1609 quam
1067 1539 1402 1610 patriarchae
1439 1557 1450 1592 :
1491 1539 1623 1610 quia
1662 1538 1812 1609 quod

201 1628 277 1682 illi
298 1627 622 1682 viderunta
645 1627 809 1698 longe
828 1627 886 1680 in
911 1627 1132 1698 spiritu,
1151 1628 1410 1681 viderunt
1439 1628 1529 1682 isti
1543 1634 1600 1682 et
1624 1633 1810 1682 mente

200 1724 252 1772 et
271 1717 466 1771 oculis
482 1716 762 1787 corporeis
805 1716 1094 1787 Siquidem
1123 1717 1299 1772 Judaei
1333 1716 1486 1772 nullo
1513 1717 1676 1771 modo
1709 1733 1811 1787 po-

1882 569 2073 622 omnia
2110 576 2526 622 sacramentum
2559 574 2709 622 recte
2756 568 3132 638 appellantur,
3173 568 3307 640 quia
3343 573 3476 623 ante

1883 654 2090 710 Christi
2120 657 2421 712 adventum
2452 657 2669 710 occulta
2712 663 2769 710 et
2786 663 3000 710 secreta
3024 656 3271 711 fuerunt.
3301 657 3409 712 Sed
3430 658 3478 711 si

1881 745 2297 816 investigabiles
2325 751 2460 800 sunt
2476 745 2610 816 ipsae
2630 745 2857 804 divitiae,
2879 745 3158 814 quomodo
3179 746 3480 816 Apostolus

1885 834 2093 888 missus
2107 840 2194 888 est
2209 851 2304 888 eas
2326 834 2745 904 evangelizare?
2782 833 2924 886 Nam
2947 833 3349 904 investigabilis
3389 851 3480 888 res

1886 928 1989 986 est,
2005 939 2128 993 qua:
2149 939 2258 976 non
2283 921 2798 993 potestinvestigari
2823 928 2879 974 et
2895 922 3319 992 comprehendi.
3345 922 3480 987 Quae

1887 1011 2186 1082 dupliciter
2204 1016 2388 1082 potest
2409 1011 2544 1064 solvi
2567 1029 2580 1063 :
2601 1009 3023 1078 Investigabiles
3041 1010 3319 1080 siquidem
3348 1016 3480 1066 ante

1887 1098 2110 1154 Domini
2139 1099 2438 1153 adventum
2469 1097 2714 1160 fuerunt,
2737 1097 2864 1167 quia
2879 1099 3067 1152 nullus
3088 1115 3181 1152 eas
3198 1099 3384 1170 potuit
3410 1100 3482 1154 ad

1889 1187 2165 1257 liquidum
2187 1202 2553 1256 cognoscere;
2586 1185 2680 1239 sed
2715 1202 2836 1254 quae
2853 1192 3014 1238 erant
3041 1192 3173 1240 ante
3189 1188 3486 1258 investiga-

1889 1273 2048 1339 biles,
2085 1275 2323 1328 Domino
2353 1274 2633 1334 veniente,
2655 1272 3007 1342 vestigabiles
3033 1280 3090 1328 et
3118 1277 3486 1346 comprehen-

1893 1363 2082 1418 sibiles
2098 1363 2254 1417 factse
2270 1362 2605 1416 sunt.Aliter
2624 1380 2635 1415 :
2661 1361 2718 1414 in
2739 1378 2838 1414 sua
2853 1367 3058 1415 natura
3077 1362 3490 1434 investigabiles

1893 1459 2044 1517 sunt,
2070 1468 2170 1522 per
2186 1451 2426 1522 gratiam
2460 1456 2718 1504 autemet
2749 1451 3146 1505 revelationem
3169 1454 3347 1506 sancti
3364 1453 3491 1524 Spi-

1895 1539 2037 1594 ritus
2066 1538 2388 1593 hominibus
2444 1537 2702 1592 ﬁdelibus
2730 1538 3084 1607 vestigabiles
3132 1547 3282 1594 sunt.
3325 1541 3494 1596 Verbi

1894 1627 2080 1699 gratia
2115 1647 2127 1681 ;
2160 1633 2350 1682 statua
2378 1643 2548 1697 quam
2596 1643 2708 1680 non
2743 1629 2925 1697 potuit
2980 1627 3496 1684 Nabuchodonosor

1893 1715 2204 1785 intelligere
2217 1714 2351 1786 quid
2373 1717 2779 1785 praeﬁguraret,
2789 1732 2886 1785 per
2901 1717 3298 1771 revelationem
3313 1735 3371 1770 sa
3381 1718 3493 1772 ncti

200 1813 388 1860 terant
409 1805 644 1860 credere
669 1811 866 1876 gentes
893 1812 1157 1860 venturas
1214 1823 1335 1860 esse
1383 1806 1438 1860 in
1485 1806 1809 1860 societatem
1830 1788 1875 1846 Β
1895 1805 2136 1876 Spiritus
2150 1803 2365 1858 Danieli
2383 1803 2722 1872 vestigabilis
2753 1811 2807 1856 et
2837 1805 3355 1874 comprehensibilis
3369 1806 3491 1876 fuit,

207 1910 386 1960 suam,
415 1894 521 1948 sed
537 1893 922 1948 dicebantillis
944 1896 1038 1965 qui
1074 1895 1342 1966 proselyti
1365 1895 1598 1948 ﬁebant:
1625 1895 1813 1948 Vitam

198 1988 480 2037 aeternam
513 1981 736 2052 quidem
769 1982 1109 2052 percipietis,
1149 1982 1246 2035 sed
1287 1998 1398 2035 non
1430 1988 1600 2035 tanta;
1629 1980 1818 2051 digni-

200 2071 331 2124 tatis
352 2070 525 2125 eritis
543 2070 599 2124 in
619 2070 798 2140 gloria
819 2079 1043 2139 quantze
1074 2087 1192 2125 nos.
1234 2070 1377 2134 Quid
1434 2087 1567 2139 ergo
1592 2068 1819 2123 manife-

201 2166 416 2214 statum
477 2163 565 2212 est
601 2157 907 2229 apostolis?
966 2176 1072 2213 esse
1099 2164 1278 2227 gentes
1298 2159 1589 2212 coheredes
1613 2156 1820 2212 Iudaeis

202 2248 257 2302 in
277 2249 476 2320 prima
490 2247 719 2311 caelesti,
742 2247 799 2300 in
813 2246 993 2316 gloria
1009 2252 1238 2304 aeterna.
1255 2252 1301 2300 et
1324 2249 1748 2315 concorporales,
1763 2245 1820 2299 id

203 2343 306 2401 est,
338 2335 524 2390 simul
551 2351 752 2406 corpus
785 2335 992 2389 Christi
1052 2351 1192 2399 esse,
1225 2335 1311 2388 vel
1356 2334 1410 2388 in
1445 2350 1556 2388 uno
1588 2349 1823 2404 corpore

213 2425 489 2480 Ecclesiae
517 2423 736 2488 sociari,
777 2429 824 2476 et
855 2426 1269 2491 comparticipes
1288 2426 1677 2492 promissionis
1707 2425 1824 2490 ejus

203 2519 263 2569 in
295 2515 548 2575 Christo,
582 2511 638 2566 id
667 2517 754 2566 est
805 2522 1092 2566 consortes
1135 2529 1257 2567 esse
1313 2510 1697 2582 promissionis
1726 2509 1826 2564 Dei

204 2602 418 2667 Patris,
436 2600 594 2672 quod
615 2601 674 2654 in
693 2600 908 2654 semine
925 2600 1163 2654 Abrahae
1205 2599 1605 2654 benedicentur
1633 2614 1828 2654 omnes

201 2696 430 2761 gentes.

269 2781 420 2834 Mihi
453 2781 716 2832 omnium
747 2783 1067 2832 sanctorum
1108 2779 1345 2831 minimo
1371 2777 1505 2830 data
1534 2780 1609 2829 est
1637 2777 1826 2843 gratia

206 2869 313 2922 haec
328 2869 745 2934 evangelisare,
773 2866 886 2920 sive
905 2865 1211 2936 praedicare
1242 2868 1302 2918 in
1330 2866 1580 2932 gentibus
1607 2864 1826 2916 investi-

213 2958 429 3022 gabiles
462 2957 696 3008 divitias
727 2955 954 3018 Christi,
986 2960 1034 3008 et
1056 2957 1388 3008 illuminare
1408 2968 1610 3005 omnes.
1641 2950 1827 3014 Quare

1898 1875 1994 1964 qui
2016 1892 2418 1962 interpretator
2436 1894 2558 1962 ejus
2582 1892 2811 1945 exstitit.
2834 1893 2976 1945 Data
3003 1899 3089 1946 est
3113 1895 3279 1947 etiam
3311 1875 3498 1964 gratia

1899 1981 2167 2052 Apostolo
2197 1981 2514 2034 illuminare
2546 1997 2646 2050 per
2670 1981 2835 2034 ﬁdem
2858 1997 3052 2035 omnes
3081 1982 3176 2052 qui
3194 1984 3501 2038 voluissent

1901 2069 2148 2132 credere,
2183 2068 2316 2139 quia
2344 2068 2509 2122 sicuti
2538 2069 2631 2122 ille
2681 2069 2775 2139 qui
2824 2068 3062 2123 inﬁdelis
3094 2075 3151 2124 et
3179 2071 3500 2126 incredulus

1903 2164 2006 2222 est,
2029 2159 2087 2212 in
2107 2157 2355 2212 tenebris
2380 2161 2654 2220 moratur,
2681 2157 2760 2210 ita
2793 2156 2888 2228 qui
2921 2157 3101 2212 ﬁdelis
3129 2165 3188 2213 et
3239 2161 3502 2216 credulus

1905 2245 2326 2300 exsistitinluce
2349 2245 2589 2316 quiescit
2603 2286 2616 2311 ,
2633 2249 2689 2299 et
2704 2261 2814 2298 non
2831 2246 3013 2299 solum
3036 2245 3375 2310 illuminare,
3405 2249 3505 2303 sed

1904 2340 1962 2388 et
1977 2335 2358 2404 evangelizare
2385 2350 2502 2401 qua!
2526 2336 2596 2386 sit
2625 2335 2975 2401 dispensatio,
2999 2333 3054 2387 id
3069 2341 3154 2388 est
3183 2335 3505 2393 distributio

1908 2423 1992 2476 vel
2029 2422 2394 2487 ministratio,
2449 2424 2785 2475 sacramenti
2831 2424 3139 2477 absconditi
3165 2427 3227 2478 in
3254 2427 3377 2487 Deo,
3412 2429 3512 2494 qui

1909 2515 2100 2566 omnia
2126 2514 2354 2565 creavit.
2387 2509 2540 2564 ldem
2590 2510 2754 2564 modo
2804 2511 3050 2581 appellat
3093 2519 3510 2568 sacramentum

1911 2599 2060 2670 quod
2081 2598 2342 2669 superius
2363 2596 2604 2664 divitias,
2624 2599 2953 2667 mysterium
2973 2598 3374 2654 incarnationis
3389 2600 3516 2656 Filii

1909 2686 2030 2751 Dei,
2055 2686 2221 2740 ﬁdem
2245 2692 2296 2739 et
2313 2685 2550 2740 salutem
2571 2686 2846 2756 gentium,
2864 2687 3137 2756 etgaudia
3150 2689 3511 2744 vitaiaaternze

1914 2775 2060 2846 quod
2093 2774 2380 2839 asaeculis,
2413 2775 2528 2828 sive
2558 2773 2627 2828 ab
2676 2774 2856 2835 initio,
2891 2775 3280 2831 absconditum
3313 2778 3418 2832 fuit
3445 2778 3505 2833 in

1909 2865 2024 2918 Deo
2045 2880 2174 2918 vero
2195 2863 2290 2932 qui
2314 2862 2522 2917 creavit
2537 2862 2744 2916 omnia.
2762 2864 3082 2918 Notandum
3097 2867 3230 2936 quia
3249 2883 3360 2920 non
3377 2867 3514 2923 dicit

1909 2953 2023 3007 Deo
2046 2952 2150 3006 fuit
2179 2951 2588 3016 absconditum,
2607 2951 2702 3005 sed
2719 2951 2775 3004 in
2801 2952 2912 3006 Deo
2935 2969 3226 3024 usquequo
3257 2955 3376 3026 ipso
3408 2973 3509 3027 per

204 3045 339 3099 dicit
363 3043 548 3099 modo
573 3061 585 3096 :
612 3043 745 3098 Mihi
761 3042 996 3096 minimo
1015 3042 1267 3096 omnium
1291 3040 1670 3110 apostolorum
1694 3039 1828 3093 data
1850 3091 1895 3114 η
1917 3039 2281 3110 semetipsum
2304 3039 2664 3093 manifestare
2683 3039 3010 3110 designatus
3030 3047 3134 3095 est.
3155 3042 3310 3097 Unde
3327 3045 3515 3114 appel-

201 3141 288 3190 est
307 3134 536 3204 gratia.
569 3149 696 3186 cum
732 3131 865 3185 alibi
907 3132 1086 3186 dicat:
1105 3132 1237 3183 Plus
1260 3091 1517 3183 oninibus
1540 3129 1787 3182 laboravi
1807 3133 1831 3180 Ρ
1848 3091 1896 3155 C
1917 3129 2067 3182 latur
2085 3091 2522 3192 sacramentum,
2543 3127 2692 3198 quod
2733 3091 2837 3181 esto
2839 3145 2927 3182 res
2953 3135 3167 3185 secreta
3191 3137 3248 3186 et
3275 3091 3512 3198 occiilta,

204 3224 548 3294 Utrumque
577 3237 769 3276 verum
789 3227 878 3294 est
910 3236 921 3271 :
956 3224 1014 3273 et
1040 3234 1217 3272 unum
1244 3216 1598 3272 referendum
1641 3222 1728 3270 est
1762 3215 1835 3270 ad

203 3312 500 3376 laborem,
529 3308 672 3380 quod
699 3307 860 3362 dicit:
889 3307 1023 3362 Plus
1053 3305 1313 3360 omnibus
1358 3305 1602 3359 laboravi
1628 3323 1640 3371 ;
1681 3304 1836 3360 aliud

204 3401 276 3454 ad
301 3406 552 3470 tempus
567 3395 876 3450 vocationis
895 3412 1032 3450 suae.
1079 3395 1214 3449 Plus
1244 3395 1392 3448 enim
1416 3393 1674 3448 omnibus
1697 3410 1834 3465 apo-

205 3488 375 3544 stolis
399 3485 707 3550 laboravit,
731 3485 866 3556 quia
898 3500 1026 3538 cum
1047 3482 1232 3538 ceteri
1263 3483 1322 3536 in
1350 3481 1486 3536 locis
1510 3481 1613 3536 sibi
1648 3482 1837 3537 distri-

199 3574 364 3630 butis
385 3572 787 3646 praedicarent,
811 3572 905 3626 ille
925 3587 1038 3625 non
1061 3571 1240 3625 solum
1255 3570 1462 3624 Judaais
1492 3569 1836 3641 praedicavit,

203 3663 304 3718 sed
341 3663 536 3718 etiam
571 3660 831 3715 omnibus
855 3658 1122 3730 gentibus
1151 3658 1353 3730 quibus
1379 3659 1718 3712 constitutus
1753 3664 1838 3713 est

210 3753 509 3824 magister
526 3755 584 3804 et
627 3749 961 3819 praedicator
983 3750 1029 3815 (Ι
1061 3747 1182 3803 Cor.
1215 3750 1355 3815 xvi).
1387 3746 1621 3801 Minimo
1645 3752 1835 3800 autem

203 3841 361 3913 quod
392 3839 566 3904 dicit,
590 3838 704 3892 tale
726 3843 829 3900 est,
862 3854 927 3892 ac
953 3836 998 3891 si
1029 3837 1262 3898 diceret,
1289 3836 1591 3890 novissimo
1614 3841 1672 3889 et
1702 3834 1835 3889 ulti-

202 3947 320 3984 mo.
361 3927 730 3984 Novissimus
757 3926 907 3980 enim
939 3927 1323 3997 apostolorum
1354 3924 1472 3994 ipse
1499 3930 1726 3978 vocatus
1747 3928 1837 3978 ost

205 4019 274 4073 ad
287 4018 558 4084 gratiam
583 4015 886 4086 Evangelii,
911 4015 1045 4085 quia
1067 4014 1148 4068 illi
1167 4020 1299 4068 ante
1320 4012 1636 4083 passionem
1668 4028 1701 4066 a
1731 4012 1836 4066 Do-

203 4109 396 4170 mino,
427 4106 530 4160 hic
574 4120 701 4159 vero
723 4109 846 4176 post
878 4103 1001 4173 ejus
1043 4103 1448 4167 ascensionem,
1471 4101 1540 4156 de
1569 4101 1708 4155 coelo
1739 4117 1838 4153 vo-

209 4199 383 4248 catus
405 4199 522 4247 est.
560 4191 972 4261 Evangelizare,
1006 4197 1093 4244 est
1117 4190 1264 4244 bona
1306 4189 1663 4254 annuntiaro,
1707 4189 1840 4258 quia

207 4281 606 4353 Evangelium
637 4285 719 4333 est
749 4279 956 4333 bonum
988 4278 1270 4333 nuntium.
1306 4278 1660 4348 Evangelizat
1683 4294 1836 4348 ergo,

1917 3223 2218 3288 antequam
2251 3216 2308 3271 in
2329 3215 2613 3288 publicum
2643 3216 2979 3274 deducatur.

1995 3305 2056 3359 Ut
2085 3308 2409 3371 innotescat,
2423 3305 2529 3358 hoc
2548 3310 2655 3370 est,
2684 3305 2984 3360 manifesta
3003 3312 3061 3361 et
3080 3313 3214 3362 nota
3233 3310 3352 3375 fiat,
3371 3312 3516 3364 mul-

1921 3396 2166 3463 tiformis
2194 3395 2470 3462 sapientia
2500 3394 2616 3459 Ilei,
2648 3398 2696 3449 ct
2707 3397 3056 3463 principibus
3085 3403 3133 3450 et
3155 3400 3516 3466 potestatibus

1918 3483 1982 3536 in
2012 3483 2312 3537 cwlcstibus
2360 3497 2463 3549 per
2493 3482 2809 3536 Ecclesium.
2844 3481 3208 3539 Multiformis
3237 3486 3517 3557 sapientia

1920 3571 2022 3625 Dei
2051 3569 2277 3636 dicitur,
2309 3569 2469 3643 quasi
2500 3569 2789 3640 multiplex
2837 3577 2894 3624 et
2944 3572 3151 3628 multas
3206 3577 3420 3646 species
3458 3581 3516 3630 et

1918 3657 2127 3712 formas
2161 3657 2388 3712 habens.
2409 3657 2713 3713 Videamus
2733 3660 3011 3728 quomodo
3040 3662 3398 3718 multiformis
3419 3665 3512 3719 sit.

1918 3745 2093 3799 Filius
2119 3745 2220 3798 Dei
2250 3752 2416 3798 natus
2437 3749 2522 3798 cst
2550 3745 2619 3799 de
2670 3746 2883 3816 virgine
2939 3750 3059 3803 sine
3106 3749 3250 3805 virili
3280 3753 3512 3821 semine,

1921 3832 2175 3903 vagiebat
2203 3833 2258 3886 in
2279 3833 2550 3904 praesepio
2571 3841 2633 3888 ut
2655 3834 2857 3898 infans,
2879 3837 2976 3890 sed
2990 3836 3060 3891 ab
3089 3840 3303 3910 angelis
3339 3842 3516 3912 glori-

1916 3922 2189 3976 ﬁcabatur
2209 3929 2267 3976 ut
2312 3925 2457 3977 Deus
2486 3922 2543 3974 in
2584 3924 2759 3989 coelo;
2810 3923 2880 3976 ab
2911 3925 3130 3981 Herode
3159 3929 3517 4000 quaerebatur

1916 4010 2154 4064 interﬁci
2174 4017 2238 4064 ut
2269 4010 2458 4075 homo,
2492 4011 2590 4064 sed
2634 4027 2668 4064 a
2696 4012 2874 4081 magis
2903 4014 3068 4068 stella
3091 4015 3330 4071 ducente
3359 4036 3513 4089 quaa-

1919 4099 2151 4153 rebatur
2168 4095 2390 4152 adorari
2418 4104 2481 4153 ut
2512 4099 2683 4165 Deus;
2719 4108 2971 4156 mortuus
2997 4109 3083 4158 est
3112 4110 3174 4159 ut
3201 4106 3388 4174 homo,
3422 4125 3514 4164 re-

1921 4187 2165 4242 surrexit
2178 4204 2276 4258 per
2293 4187 2598 4258 potentiam
2624 4188 3208 4264 Deitatis.Resurgens
3221 4211 3255 4248 a
3276 4197 3514 4252 mortuis

1920 4275 2186 4346 apparuit
2213 4275 2346 4329 disci
2356 4275 2572 4346 pulisin
2593 4276 2788 4332 habitu
2811 4277 3075 4348 hominis,
3127 4283 3224 4337 sed
3241 4283 3515 4354 Spiritum

206 4389 324 4427 non
351 4371 557 4426 solum
581 4368 678 4440 qui
701 4369 1064 4438 Evangelium
1089 4367 1351 4440 przedicat
1373 4366 1578 4421 Christi
1600 4383 1694 4420 ore
1717 4383 1842 4437 pro-
1857 4406 1906 4463 D
1924 4371 2177 4420 sanctum
2196 4364 2442 4418 dediteis
2459 4373 2521 4419 ut
2539 4366 2704 4420 Deus.
2735 4367 2872 4422 Ecce
2892 4370 3137 4439 qualiter
3156 4374 3517 4430 multiformis

204 4463 431 4526 latum,
465 4458 571 4514 sed
604 4457 699 4528 qui
751 4457 900 4511 bona
954 4457 1272 4524 annuntiat,
1303 4467 1360 4511 et
1403 4455 1613 4526 gaudia
1648 4454 1840 4526 patriae

205 4549 472 4606 caelestis
493 4544 798 4619 promittit,
833 4562 956 4616 quae
984 4545 1044 4599 in
1077 4545 1200 4616 lege
1230 4550 1286 4599 et
1314 4543 1600 4616 prophetis
1620 4550 1678 4598 et
1701 4543 1845 4614 psal-

207 4640 344 4699 mis.
372 4637 671 4705 dictisque
689 4640 1012 4688 sanctorum
1054 4635 1284 4688 Patrum
1301 4633 1677 4687 continentur.
1710 4632 1845 4697 Qum

207 4727 503 4782 suntistae
529 4723 739 4778 divitia:
759 4722 963 4777 Christi
986 4722 1418 4792 investigabiles,
1452 4722 1520 4776 ad
1553 4738 1691 4792 quas
1709 4722 1843 4775 mis-

206 4832 308 4870 sus
322 4821 422 4868 est
443 4811 755 4884 Apostolus
768 4811 1152 4882 evangelizare
1170 4811 1228 4864 in
1249 4810 1510 4881 gentibus
1524 4810 1547 4862 ?
1561 4809 1843 4864 Nimirum

207 4905 349 4967 illae,
387 4903 469 4956 de
497 4900 705 4971 quibus
758 4899 908 4954 idem
960 4901 1264 4972 Apostolus
1321 4899 1452 4954 alibi
1490 4899 1662 4954 dicit:
1695 4899 1844 4968 Quod

207 4994 425 5047 oculus
458 5005 577 5043 non
592 4990 854 5054 vidit,nec
873 4991 1035 5042 auris
1055 4990 1397 5053 audivit,nec
1417 4993 1479 5042 in
1501 4990 1847 5044 corhominis

206 5080 509 5138 ascendit,
537 5093 659 5146 qua
673 5080 1014 5146 preparavit
1036 5079 1178 5132 Deus
1196 5079 1554 5145 diligentibus
1575 5094 1628 5130 se
1650 5079 1698 5148 (1
1724 5078 1846 5132 σον.

211 5180 296 5236 ιχ,
335 5169 462 5222 hoc
493 5171 600 5232 est,
651 5165 862 5237 gaudia
910 5166 1104 5238 patriae
1154 5166 1413 5227 chlestis.
1443 5166 1554 5220 vita
1588 5166 1709 5220 sine
1739 5166 1852 5220 ﬁne

209 5270 518 5313 mansura
571 5255 730 5319 Quod
761 5271 895 5325 ergo
925 5255 1032 5309 hoc
1058 5254 1179 5309 loco
1203 5254 1337 5309 dicit
1365 5254 1607 5318 divitias,
1633 5254 1687 5308 in
1725 5251 1853 5308 sub-

208 5342 613 5416 sequentibus
648 5341 950 5414 appellavit
995 5348 1430 5409 sacramentum,
1476 5342 1714 5413 ideoque
1752 5357 1853 5412 per

208 5434 476 5489 divitias
501 5447 613 5486 non
665 5431 975 5502 incongrue
1031 5431 1302 5504 mysteria
1356 5429 1758 5485 incarnationis
1795 5435 1854 5484 et

208 5520 741 5595 passionisChristi
756 5537 1054 5590 possumus
1069 5519 1852 5591 intelligere,redemptionem

210 5608 479 5684 generis
508 5608 741 5664 humani
769 5613 828 5663 et
855 5607 1024 5664 ﬁdem
1052 5607 1330 5680 gentium,
1354 5610 1412 5662 et
1439 5623 1552 5678 quo
1576 5607 1730 5662 nulla
1768 5607 1856 5662 di-

500 5705 760 5768 PATROL.
808 5705 1045 5768 CXVII.

1924 4461 2009 4510 est
2029 4453 2304 4524 sapientia
2318 4453 2436 4508 Dei.
2459 4453 2534 4509 Ut
2544 4471 2677 4524 ergo
2697 4455 2803 4510 ista
2821 4457 3110 4530 multiplex
3123 4462 3399 4533 sapientia
3419 4466 3520 4521 Dei

1925 4543 2383 4597 manifestaretur
2420 4541 2762 4613 principibus
2786 4551 2845 4598 et
2888 4549 3258 4616 potestatibus
3279 4551 3337 4605 in
3359 4553 3520 4607 caele-

1925 4631 2124 4696 stibus,
2159 4648 2296 4701 quas
2329 4629 2526 4686 beatus
2571 4631 2945 4704 Hieronymus
2974 4637 3254 4706 angelicas
3284 4639 3518 4694 virtutes

1923 4721 2042 4776 vult
2069 4719 2305 4790 intelligi
2331 4719 2388 4773 in
2416 4719 2554 4774 coelo
2585 4719 2916 4785 residentes,
2944 4721 3114 4777 Filius
3144 4724 3245 4778 Dei
3290 4727 3518 4783 veniens

1924 4810 1983 4864 in
2015 4808 2283 4864 mundum
2306 4807 2572 4862 revelavit
2592 4824 2714 4861 eam
2743 4809 3009 4879 apostolis
3037 4811 3174 4865 suis.
3201 4814 3268 4868 Et
3292 4831 3391 4884 per
3412 4815 3519 4871 Ec-

1929 4896 2173 4962 clesiam,
2197 4897 2302 4950 hoc
2323 4902 2426 4962 est,
2449 4896 2506 4949 in
2529 4895 2773 4950 Ecclesia
2803 4897 3234 4966 praedicantibus
3254 4906 3521 4974 apostolis

1931 4984 2309 5040 manifestavit
2326 4983 2595 5055 angelicis
2619 4983 2934 5039 virtutibus.
2961 4984 3112 5043 Dixit
3123 5006 3368 5063 namque
3395 4995 3524 5051 bea-

1930 5079 2024 5129 tus
2051 5073 2446 5145 Hieronymus,
2481 5072 2626 5142 quod
2655 5071 2905 5142 quredam
2927 5077 3191 5146 angelicae
3219 5081 3523 5152 dignitates

1933 5167 2113 5223 erant.
2138 5179 2261 5234 quae
2293 5160 2565 5233 mysteria
2592 5161 2849 5232 superius
2878 5175 3188 5223 memorata
3217 5171 3289 5226 ad
3319 5190 3526 5244 purum

1932 5268 2045 5306 non
2059 5251 2474 5305 intellexerunt.
2495 5249 2671 5303 donec
2696 5253 2974 5322 completa
2991 5261 3077 5310 est
3093 5260 3278 5328 passio
3293 5262 3524 5334 Christi,

1934 5346 1992 5396 et
2016 5340 2282 5412 apostolis
2308 5338 2738 5410 praedicantibus
2769 5359 2871 5411 per
2897 5361 3092 5401 omnes
3118 5357 3316 5420 gentes
3337 5355 3532 5425 coepis-

1935 5436 2064 5484 sent
2095 5428 2492 5500 praedicatione
2544 5445 2647 5483 sua
2699 5432 2940 5499 gentiles
2981 5436 3207 5493 trahere
3235 5441 3306 5494 ad
3337 5442 3525 5498 fidem.

1937 5518 2098 5582 Quod
2127 5516 2350 5589 probari
2376 5523 2560 5588 potest
2590 5536 2654 5573 ex
2679 5519 2784 5574 hoc
2813 5523 2962 5594 quod
2983 5527 3168 5596 angeli
3199 5529 3530 5585 admirando

1937 5607 2220 5672 dixerunt,
2253 5606 2349 5662 illo
2378 5609 2715 5664 ascendente
2746 5611 2815 5665 ad
2845 5613 3013 5667 caelos
3041 5615 3267 5685 propria
3295 5616 3530 5688 virtute;

3222 5711 3298 5772 23
