3966 6156
455 215 465 219 ’
489 245 607 339 71.5:

915 244 1294 318 HAYMONIS
1331 244 1821 331 natuenatu.
1863 247 2086 321 EPlsc.
2128 245 2289 337 ore.
2327 247 2515 337 mas
2551 248 2596 317 ι.
2634 279 2696 292 -
2738 246 3108 339 casinam.
3153 248 3325 309 BIBL.

3586 256 3667 335 ne,

489 372 624 453 Quis
642 378 718 451 est
736 374 836 451 iste
853 376 954 455 qui
971 375 1122 449 uenit
1138 373 1201 450 de
1218 372 1386 426 Edam
1402 350 1733 460 (Is-aiunt),
1751 370 1857 424 hoc
1884 376 1989 437 est,
2013 372 2083 427 de
2103 376 2145 433 A
2167 373 2346 444 possit
2373 372 2630 427 Christus
2657 371 2917 445 habitare
2965 389 3066 445 per
3099 374 3271 459 ﬁdem
3287 375 3342 441 in
3365 376 3579 460 interiori
3593 383 3675 439 ho-

492 448 726 514 cruento
746 460 805 514 et
832 448 1267 539 sanguinolento
1295 456 1550 512 mundo?
1581 457 1650 512 Et
1694 458 1752 512 in
1800 458 2040 543 Psalmis
2075 478 2086 513 :

491 549 623 615 Quis
643 552 717 603 est
738 552 837 631 iste
879 554 977 602 rea:
1020 544 1210 616 gloria
1228 549 1402 616 (Psal.
1445 546 1599 612 x'xm)
1623 544 1649 599 ?
1672 544 1790 600 Illis
1809 546 1960 601 enim
1994 546 2091 618 qui

490 635 721 707 majoris
748 636 1039 706 dignitatis
1075 640 1208 690 sunt
1235 637 1292 689 et
1320 648 1421 705 per
1445 650 1682 708 quorum
1715 634 2091 689 ministerium

386 711 399 725 ’
499 722 596 779 illa
620 725 885 779 mandata
903 727 1054 790 sunt,
1083 724 1307 794 cognita
1334 721 1585 786 fuerunt,
1618 727 1814 793 utpote
1844 724 2093 779 consiliao

490 813 590 867 riis
607 819 666 867 et
692 810 906 875 nuntiis
935 826 947 861 :
980 812 1092 866 illis
1105 827 1236 866 vero
1259 811 1353 882 qui
1376 810 1606 865 minoris
1627 807 1917 881 dignitatis
1933 818 2083 876 sunt,

485 886 675 971 potest
702 915 829 963 esse
850 903 915 955 ut
942 917 1008 955 ex
1027 905 1190 972 parte
1216 899 1503 970 incognita
1528 902 1732 961 essent,
1763 906 1819 953 et
1845 901 1952 973 hoc
1967 919 2088 956 ma-

490 988 735 1044 nifestat.
798 980 829 1045 .‘

534 1076 873 1135 Secundum
929 1080 1376 1145 praﬁnitionem,
1430 1076 1513 1130 vel
1558 1077 2087 1146 prmordinationem

489 1166 604 1220 sive
627 1154 1176 1238 prae‘destinationem
1204 1167 1558 1228 sae-culorum,
1587 1164 1736 1234 quod
1758 1181 1934 1220 unum
1968 1168 2084 1233 est;

487 1266 653 1323 quam
671 1254 1101 1325 pmﬂnitionem
1124 1255 1271 1321 fecit,
1296 1253 1410 1307 sive
1432 1240 1691 1324 implevit
1702 1256 1764 1308 in
1777 1254 2090 1310 ChristoJe-

486 1358 573 1404 su,
590 1342 649 1396 id
669 1344 752 1396 est
772 1356 873 1413 per
883 1342 1171 1397 Christum
1184 1340 1213 1396 J
1217 1357 1394 1396 esum.
1420 1341 1574 1395 Sicut
1594 1357 1732 1411 ergo
1757 1340 1908 1396 Deus
1921 1343 2090 1398 Pater

486 1422 881 1500 prmordinavit
907 1435 1041 1483 ante
1095 1429 1286 1483 omnia
1352 1428 1574 1495 saecula,
1600 1429 1682 1483 sic
1708 1429 2004 1501 complevit
2031 1432 2089 1484 et

487 1502 866 1573 manifestavit
930 1518 1331 1573 multiformem
1391 1518 1723 1589 sapientiam
1754 1512 1939 1573 “suam
1989 1526 2089 1591 per

486 1600 791 1662 Christum.
843 1610 1071 1675 Propter
1098 1608 1258 1676 quod,
1304 1604 1593 1672 subaudis,
1651 1608 1784 1678 quia
1821 1607 1984 1661 fidem
2026 1606 2084 1661 in

2173 460 2342 524 mine,
2365 461 2472 515 hoc
2494 468 2598 527 est,
2621 461 2678 515 in
2715 460 2976 517 cordibus
3022 452 3240 518 vestris.
3266 451 3419 521 Licet.
3430 456 3556 531 enim
3580 488 3675 531 om-

2172 549 2429 620 nipotens
2457 550 2606 604 Deus
2626 566 2729 621 per
2755 551 3066 622 potentiam
3096 550 3388 608 divinitatis
3405 572 3503 611 suae
3518 542 3679 630 ubique

2171 637 2264 706 sit,
2295 643 2487 692 tamen
2515 638 2572 692 in
2607 639 2719 693 illis
2773 639 3092 711 specialiter
3140 639 3338 703 dicitur
3362 634 3578 701 habitare
3604 650 3679 719 qui

2170 725 2338 779 ﬁdem
2366 728 2490 796 ejus
2518 726 2747 782 habent.
3380 722 3383 727 ’

2240 814 2308 868 1η
2336 815 2610 869 charitate
2637 817 2885 870 radicati
2929 822 2980 870 et
3003 817 3249 885 fundati,
3282 816 3356 872 ut
3362 823 3553 887 possitis
3571 839 3682 878 com-

2164 902 2501 969 prehendere
2519 906 2581 958 in
2592 904 2790 958 t‘obism
2799 907 2983 974 etipsis
3002 921 3129 959 cum
3149 908 3391 961 omnibus
3401 914 3685 981 sanctis,qus

2170 992 2243 1043 sit
2271 991 2523 1052 latitudo,
2550 992 2850 1058 longitudo,
2877 992 3196 1046 sublimitas
3220 999 3269 1047 et
3291 997 3610 1064 profundum.
3629 999 3688 1063 Ex

2170 1075 2556 1148 superioribus
2614 1079 2725 1132 ista
2768 1079 3065 1149 pendent:
3114 1079 3249 1135 Ideo
3292 1081 3446 1136 etiam
3470 1083 3688 1140 submitto

2170 1180 2368 1219 sensus
2397 1165 2580 1221 cordis
2611 1166 2719 1220 mei
2738 1166 2807 1220 ad
2834 1167 3036 1237 Deum,
3064 1173 3131 1235 ut
3158 1168 3281 1223 sitis
3306 1171 3361 1224 in
3379 1171 3691 1227 charitatera-

2170 1252 2356 1319 dicati,
2396 1255 2541 1309 sicut
2584 1253 2754 1309 arbor
2797 1256 3054 1326 plantata
3090 1256 3354 1312 radicitus
3397 1258 3619 1315 ﬁrmatur
3644 1262 3690 1317 in

2167 1348 2321 1395 terra
2337 1347 2402 1396 ut
2419 1341 2621 1397 habeat
2639 1342 2956 1405 humorem,
2970 1349 3027 1397 et
3055 1360 3088 1397 a
3121 1348 3286 1399 vento
3313 1345 3461 1400 facile
3483 1363 3579 1401 non
3599 1364 3696 1403 era-

2168 1428 2403 1494 dicetur,
2422 1435 2479 1484 et
2490 1446 2602 1484 non
2619 1429 2797 1484 solum
2813 1432 3067 1495 radicati,
3089 1433 3191 1499 sed
3216 1439 3273 1513 et
3298 1434 3496 1488 fundati
3519 1435 3570 1489 in
3599 1436 3695 1508 ipsa

2167 1515 2459 1582 charitate,
2486 1519 2648 1589 quasi
2662 1534 2833 1590 super
2859 1519 3253 1574 solidissimum
3278 1527 3494 1592 petram,
3521 1528 3576 1576 ut
3597 1539 3696 1594 pos-

2167 1605 2289 1659 sitis
2318 1606 2633 1677 intelligere
2661 1624 2784 1678 qum
2804 1608 2879 1663 sit
2895 1608 3136 1677 latitudo
3155 1606 3452 1665 charitatis.
3482 1611 3695 1678 Latitudo

486 1695 709 1750 Christo
738 1695 955 1750 habetis
982 1699 1039 1749 et
1086 1710 1370 1749 accessum
1418 1694 1487 1748 ad
1529 1694 1704 1749 Deum
1738 1695 1964 1750 Patrem
1984 1710 2087 1768 per
2104 1684 2151 1743 Β
2169 1694 2459 1749 charitatis
2486 1701 2574 1749 est
2602 1712 2714 1766 qua
2741 1695 2999 1767 diligitur
3017 1697 3188 1761 Deus,
3212 1704 3269 1753 et
3298 1713 3402 1753 non
3421 1699 3578 1754 solum
3590 1698 3700 1753 amis

483 1784 667 1856 ipsum
677 1785 907 1849 ,obsecro
922 1798 1011 1837 vos
1032 1800 1098 1838 ne
1109 1785 1375 1851 deﬁciatis
1395 1785 1459 1837 in
1479 1776 1935 1838 tribulationibus
1949 1801 1999 1837 m
2008 1786 2083 1838 eis

483 1862 763 1950 provobis,
783 1870 838 1926 id
863 1875 967 1936 est,
988 1871 1346 1926 nerecedatis
1368 1887 1401 1924 a
1433 1871 1540 1924 ﬁde
1570 1869 1797 1937 Christi,
1830 1871 1965 1949 dum
1995 1888 2084 1926 me

483 1950 682 2015 videtis
713 1952 972 2014 tribulari
998 1977 1101 2031 pro
1132 1952 1307 2028 vobis,
1335 1952 1455 2028 quae
1477 1958 1768 2037 tribulatio
1791 1964 1868 2014 est
1902 1963 2083 2029 gloria

481 2052 682 2102 vestra.
707 2047 1141 2102 Convenientius
1154 2048 1384 2108 diceret,
1400 2054 1523 2118 quae
1544 2048 1933 2103 tribulationes
1953 2054 2086 2104 sunt

480 2136 664 2211 gloria
690 2143 894 2190 vestra.
918 2136 1027 2207 Pro
1048 2135 1158 2189 illis
1207 2153 1340 2205 ergo
1365 2136 1669 2208 Apostolus
1687 2134 2079 2201 tribulabatur,

483 2226 614 2297 quia
642 2224 775 2280 dum
807 2216 920 2280 illis
937 2224 1275 2296 praedicabat
1294 2225 1545 2291 verbum,
1570 2227 2082 2298 comprehendeba-

483 2320 578 2369 tur
601 2325 637 2368 a
666 2313 1137 2386 persecutoribus.
1157 2314 1263 2380 Sed
1292 2314 1414 2383 ejus
1436 2312 1723 2369 tribulatio
1749 2315 1931 2386 gloria
1961 2317 2089 2371 illo:

482 2416 610 2457 rum
640 2408 781 2467 erat,
801 2401 899 2474 qui
927 2400 1390 2456 confortabantur
1416 2401 1475 2454 in
1501 2402 1630 2465 ﬁde,
1660 2407 1718 2456 et
1738 2394 1838 2474 per
1865 2404 2084 2475 passio-

484 2508 609 2551 nem
650 2511 809 2549 suam
837 2480 1205 2566 acquirebant
1221 2492 1460 2565 gloriam
1486 2496 1788 2548 aeternam.

554 2586 734 2654 Hujus
750 2588 835 2638 rei
851 2582 1130 2653 gratia,id
1158 2589 1243 2636 est
1270 2584 1570 2653 prepterea
1584 2599 1654 2636 ne
1674 2598 1770 2636 vos
1808 2584 2080 2640 recedatis

480 2690 514 2728 a
540 2672 650 2729 fide
677 2659 908 2735 Christi,
941 2676 1093 2743 [tecto
1121 2680 1213 2740 ego
1241 2687 1423 2740 genua
1470 2688 1592 2725 mea
1620 2672 1692 2724 ad
1724 2672 1940 2727 Patrem
1971 2674 2080 2726 Do-

483 2765 630 2817 mini
660 2762 841 2816 nostri
854 2764 981 2816 Jcsu
1014 2761 1240 2818 Christi.
1267 2758 1427 2814 Sicut
1453 2762 1584 2821 sunt
1615 2759 1918 2814 exteriores
1933 2758 2085 2823 oculi,

479 2846 729 2927 corporis
757 2856 815 2905 et
837 2850 1114 2905 exteriora
1129 2865 1338 2920 genua,
1360 2854 1672 2921 caateraque
1694 2849 1966 2915 membra,
2005 2850 2083 2927 ita

477 2926 650 3001 etiam
673 2940 940 2999 dicuntur
960 2955 1084 2993 esse
1103 2943 1161 2992 et
1174 2938 1461 2992 interiora.
1487 2928 1646 2992 Unde
1665 2937 1759 2992 hic
1777 2938 2080 3009 Apostolus

2167 1783 2387 1847 cus,sed
2402 1782 2572 1838 etiam
2595 1784 2874 1839 inimicus.
2884 1785 2962 1839 De
2984 1801 3095 1856 quo
3109 1786 3371 1860 mandato
3382 1784 3697 1855 dicitPsalmi-

2166 1876 2255 1925 sta
2288 1880 2301 1924 :’
2337 1873 2530 1926 Latum
2562 1872 2894 1927 mandatum
2923 1878 3087 1928 tuum
3130 1872 3303 1930 nimis
3351 1877 3502 1944 (Psal.
3529 1875 3697 1943 mm).

2165 1958 2480 2030 Longitudo
2508 1958 2798 2015 charitatis
2827 1970 2913 2016 est
2930 1964 3347 2033 perseverantia
3364 1964 3421 2018 in
3444 1962 3586 2018 bonis
3601 1978 3701 2033 ope-

2164 2048 2339 2103 ribus.
2364 2047 2789 2120 Longanimitas
2809 2050 2979 2104 etiam
3001 2051 3117 2106 sive
3146 2048 3432 2125 longitudo
3461 2050 3701 2106 charitatis

2166 2138 2252 2191 est
2290 2135 2361 2189 ab
2403 2135 2566 2190 initio
2585 2137 2717 2191 ﬁdei
2744 2153 2919 2208 usque
2947 2138 3019 2191 ad
3051 2140 3218 2193 ﬁnem
3241 2140 3378 2211 spei,
3405 2154 3567 2210 usque
3595 2138 3703 2193 dum

2163 2224 2552 2294 perveniamus
2571 2225 2638 2279 ad
2662 2222 2821 2291 illud,
2850 2233 2914 2281 ut
2934 2225 3082 2297 quod
3096 2228 3265 2283 modo
3292 2234 3533 2283 tenemus
3547 2226 3596 2281 in
3608 2234 3701 2297 spe,

2163 2319 2297 2367 tunc
2325 2313 2711 2384 possideamus
2748 2314 2808 2368 in
2847 2330 2926 2380 re,
2959 2315 3245 2387 patienter
3280 2334 3378 2389 pro
3430 2315 3522 2371 Dei
3549 2320 3705 2383 amcis

2167 2401 2402 2456 adversa
2446 2402 2633 2456 saeculi
2679 2401 2850 2472 hujus
2901 2404 3226 2458 tolerantes.
3263 2404 3571 2460 Sublimitas
3615 2402 3705 2456 sive

2086 2492 2091 2499 ‘
2166 2478 2405 2543 altitudo
2435 2488 2727 2544 charitatis
2749 2497 2854 2557 est,
2880 2496 2943 2545 ut
2964 2508 3064 2561 pro
3083 2493 3346 2548 omnibus
3366 2492 3557 2547 nostris
3579 2488 3708 2543 bonis

2166 2575 2427 2647 operibus
2456 2581 2573 2630 tam
2602 2593 2704 2648 pro
2726 2576 3028 2633 latitudine
3046 2579 3344 2635 charitatis
3362 2595 3521 2652 quam
3539 2577 3713 2651 patieu.

2164 2664 2264 2726 tia,
2293 2664 2741 2739 longanimitate,
2773 2669 3190 2737 perseverantia
3222 2670 3282 2724 in
3303 2669 3461 2724 bonis
3474 2666 3711 2740 operibus,

2164 2749 2565 2807 sublimitatem
2592 2754 2787 2824 patriae
2835 2756 3076 2811 caelestis
3105 2773 3441 2827 qumramus,
3471 2759 3713 2828 sperantes

2163 2854 2264 2893 nos
2284 2854 2318 2893 a
2346 2841 2459 2894 Deo
2513 2841 2974 2897 remunerandos.
3006 2843 3358 2902 Profundum
3407 2852 3583 2901 autem
3620 2842 3711 2897 sive

2163 2927 2442 3007 occultum
2468 2929 2761 2986 charitatis
2784 2936 2959 2997 est,ut
2979 2933 3165 2988 omnia
3186 2934 3337 2989 bona
3355 2952 3473 3011 quae
3491 2931 3716 2987 habemus

953 2991 1320 3082 esterioribus
1338 3024 1598 3095 genibus.
1623 3014 1730 3080 Per
1745 2991 2080 3098 genuaergo
2096 2991 2138 3054 C
2161 3012 2231 3071 de
2260 2996 2374 3071 άιιο
2400 3015 2500 3072 Dei
2529 3018 2677 3073 dono
2706 3024 2765 3074 et
2787 2991 3215 3093 iuépiratione'm
3238 2991 3400 3079 nobis
3424 3021 3597 3078 venire
3619 3034 3717 3074 cre-

477 3114 749 3170 debemus
777 3102 1093 3186 intelligere
1124 3114 1517 3171 tantummddo
1539 3102 1880 3169 submissum
1908 3118 1966 3169 et
1980 3116 2082 3169 hu-

481 3203 757 3279 miliatum
778 3219 1005 3279 sensum
1018 3202 1244 3279 mentis.
1267 3202 1475 3267 Flecto,
1496 3186 1697 3273 inquit,
1720 3194 1908 3272 genua
1930 3219 2076 3271 mea,

478 3291 532 3344 it!
555 3276 934 3355 cst,sub'mitto
953 3295 1010 3345 et
1024 3276 1260 3345 humilio
1279 3296 1504 3353 sensum
1524 3290 1708 3344 cordis
1729 3292 2078 3353 mei,orando

479 3379 658 3433 Deum
700 3394 802 3450 pro
820 3378 994 3437 vobis.
1016 3379 1174 3445 Quod
1204 3377 1480 3450 sequitur,
1504 3381 1580 3433 ad
1601 3381 1821 3433 Patrem
1851 3380 2080 3436 Domini

479 3454 659 3545 nostri
674 3470 802 3523 Jesu
816 3458 1044 3532 Christi,
1074 3454 1134 3523 in
1163 3468 1356 3523 Graeco
1386 3483 1646 3523 sermone
1670 3483 1781 3521 non
1813 3467 2073 3534 habetur,

477 3544 587 3612 nisi
613 3558 1003 3631 tantummodo
1015 3559 1087 3614 ad
1107 3558 1346 3622 Patrem,
1373 3562 1437 3611 ut
1456 3555 1805 3632 intelligatur
1826 3544 2078 3613 absolute

481 3638 715 3703 Greater
741 3663 864 3710 esse
893 3642 1143 3702 omnium
1173 3662 1385 3700 rerum.
1416 3644 1577 3710 Quod
1608 3661 1735 3699 vero
1764 3645 1821 3700 in
1857 3644 2078 3721 Latinis

479 3722 764 3790 codicibus
778 3730 1039 3791 additum
1070 3740 1176 3799 est,
1208 3736 1437 3789 Domini
1469 3736 1649 3790 nostri
1693 3734 1820 3789 Iesu
1847 3735 2075 3803 Christi,

479 3823 620 3879 bene
644 3824 920 3892 convenit,
958 3824 1092 3897 quia
1118 3823 1200 3878 illi
1251 3812 1339 3879 est
1385 3821 1609 3894 proprie
1655 3828 1712 3876 et
1739 3822 2078 3883 naturaliter

477 3917 657 3984 pater,
680 3911 842 3989 nobis
871 3916 1057 3967 autem
1089 3910 1402 3983 adoptivus.
1433 3910 1734 3982 Sequitur:

448 4062 451 4065 _
547 4000 630 4054 Ere
648 4016 773 4068 quo,
796 4000 911 4054 Deo
942 4000 1129 4062 Patre,
1157 4002 1337 4052 omnis
1358 4000 1667 4067 paternitas
1690 3999 1753 4050 in
1783 3999 1909 4051 creto
1931 4002 1981 4051 et
2010 3999 2076 4052 in

480 4090 631 4142 terra
661 4076 1010 4143 nominatur.
1035 4087 1191 4142 Sicut
1210 4085 1266 4140 in
1297 4085 1557 4157 praesenti
1579 4084 1781 4138 saeculo
1803 4084 2074 4141 habemus

2161 3105 2381 3160 damus.
2409 3106 2538 3162 Haec
2566 3114 2755 3162 autem
2784 3102 2974 3163 omnia
3002 3111 3061 3165 in
3088 3126 3255 3168 cruce
3287 3112 3373 3169 vel
3400 3112 3459 3168 in
3485 3107 3718 3167 charitate

2161 3183 2365 3267 Christi
2394 3198 2693 3268 possumus
2720 3197 3212 3269 comprehendere.
3240 3199 3245 3205 ’

2228 3283 2382 3339 Scire
2410 3288 2578 3341 etiam
2609 3291 3108 3356 supereminenlem
3147 3292 3394 3344 scientia
3433 3289 3717 3344 charitatem

2161 3370 2386 3426 Christi.
2410 3372 2515 3427 Det
2535 3372 2691 3428 vobis
2708 3374 2876 3428 etiam
2899 3372 3214 3445 intelligere
3251 3376 3576 3431 charitatem
3593 3368 3719 3427 Chri-

2158 3458 2231 3513 sti
2251 3461 2763 3531 supereminentem
2795 3462 3042 3518 scientiae
3071 3463 3355 3531 humanae,
3397 3462 3500 3518 hoc
3528 3468 3620 3527 est,
3645 3458 3723 3529 det

2158 3546 2315 3603 vobis
2337 3549 2629 3604 scientiam
2659 3554 2937 3622 quatenus
2964 3552 3192 3624 possitis
3220 3550 3535 3623 intelligere
3546 3552 3722 3621 quanta

2158 3637 2235 3692 sit
2261 3638 2505 3692 charitas
2535 3638 2745 3694 Christi
2776 3640 2873 3711 qui
2899 3655 3001 3712 pro
3028 3639 3192 3695 nobis
3225 3646 3485 3697 mortuus
3510 3646 3606 3700 est.
3626 3648 3725 3708 qua

2159 3724 2404 3781 charitas
2432 3728 2783 3782 transcendit
2816 3735 2875 3783 et
2920 3729 3140 3784 excedit
3192 3730 3441 3805 omnem
3470 3726 3723 3784 scientiam

2159 3815 2487 3883 humanam,
2512 3822 2569 3871 et
2592 3820 2705 3870 non
2730 3818 2912 3871 solum
2943 3817 3275 3888 humanam,
3304 3802 3405 3874 sed
3432 3816 3592 3874 etiam
3616 3811 3727 3870 divi-

2159 3919 2289 3959 nam
2315 3921 2483 3976 quam
2516 3904 2839 3960 hominibus
2868 3905 3127 3976 largitur.
3159 3904 3231 3977 Et
3258 3906 3540 3980 quomodo

2158 4009 2284 4047 mus
2309 3994 2464 4047 illam
2486 3992 2647 4061 scire,
2679 3994 2726 4047 si
2753 3994 3176 4064 supereminens
3226 3990 3317 4050 est
3359 3992 3589 4051 scicntia
3621 4004 3723 4063 quae

2155 4081 2418 4137 omnibus
2446 4080 2747 4137 tribuitur?
2776 4081 2892 4136 Hoc
2918 4079 3189 4138 debemus
3237 4083 3409 4151 scire,
3437 4083 3564 4155 quia
3587 4082 3722 4151 igno-

478 4186 619 4246 quos
637 4174 984 4246 appellamus
1010 4179 1281 4245 patres,et
1298 4180 1431 4227 sunt
1454 4189 1489 4226 a
1508 4171 2075 4243 quibusappellamur
2155 4185 2347 4225 ramus
2375 4169 2530 4225 illam
2562 4168 2723 4242 :quis
2751 4171 2900 4225 enim
2926 4170 3218 4226 hominum
3249 4172 3575 4237 mortalium
3601 4167 3725 4223 valet

478 4270 688 4335 patres,
715 4263 798 4317 ita
823 4266 883 4317 et
906 4263 965 4316 in
993 4254 1090 4316 illo
1124 4262 1358 4331 collegio
1389 4267 1711 4317 sanctorum
1769 4261 2070 4333 spirituum
2090 4258 2629 4329 Dcomprehendere
2657 4266 2868 4330 quanta
2895 4259 3141 4315 Charitas
3168 4258 3280 4316 fuit
3317 4262 3379 4316 in
3425 4260 3538 4316 Deo
3561 4258 3720 4317 Patm.

478 4358 614 4405 sunt
641 4352 737 4425 qui
756 4344 896 4405 alios
924 4349 1167 4420 diligunt
1209 4349 1575 4420 archangelos
1602 4366 1822 4417 _vocare
1859 4346 2065 4422 patres,
2152 4347 2248 4417 qui
2282 4363 2380 4418 pro
2409 4344 2569 4401 nobis
2598 4347 2823 4401 unicum
2855 4346 3059 4401 Filium
3096 4362 3209 4402 non
3231 4350 3424 4404 solum
3449 4342 3723 4409 incarnari,

477 4437 913 4510 sicutpraelatos,
940 4438 1095 4493 verbi
1109 4435 1324 4510 gmtia:
1349 4438 1533 4509 angeli
1577 4436 1821 4513 diligunt
1842 4441 2071 4495 archan-
2151 4432 2251 4489 sed
2280 4435 2451 4489 etiam
2481 4430 2623 4489 mori
2652 4430 2949 4507 permisit?
2996 4436 3281 4513 Sequitur
3306 4460 3320 4496 :
3348 4434 3419 4493 Et
3450 4434 3726 4505 impteami-

475 4529 631 4599 gelos
643 4526 930 4600 appellare
949 4532 1159 4598 patres,
1177 4527 1260 4581 sic
1279 4526 1347 4580 de
1368 4514 1582 4582 omteris
1598 4512 2071 4584 virtutibusintel-
2151 4527 2216 4577 ni
2244 4526 2308 4577 in
2339 4539 2559 4591 omnem
2577 4514 2982 4592 plenitudinem
3001 4525 3117 4578 110i.
3149 4512 3392 4591 Idcirco,
3424 4523 3618 4603 inquit,
3645 4532 3725 4575 εἰ·

472 4614 779 4687 ligendum.
808 4614 940 4672 Ideo
983 4616 1141 4684 dixit,
1195 4633 1261 4670 ex
1307 4632 1417 4687 quo
1443 4617 1624 4671 omnis
1660 4618 1970 4688 paternitas
2007 4617 2066 4672 in
2148 4628 2247 4666 oro
2275 4612 2418 4667 scire
2437 4627 2532 4666 vos
2554 4608 2884 4666 charitatem
2915 4611 3142 4679 Christi,
3169 4619 3237 4667 ut
3278 4606 3728 4686 impleaminivir-

472 4707 610 4760 otelo
627 4706 754 4760 etin
782 4710 937 4760 terra
963 4705 1308 4771 nominatur,
1346 4707 1477 4777 quia
1491 4711 1550 4760 et
1566 4705 1753 4777 angeli
1774 4704 1832 4763 in
1851 4707 1988 4760 coelo
2008 4712 2067 4761 et
2145 4699 2382 4769 tatibus,
2415 4706 2473 4754 et
2522 4699 2852 4753 mereamini
2906 4696 3272 4755 annumerari
3330 4702 3570 4757 numero
3603 4696 3721 4753 ﬁde-

467 4794 724 4849 homines
747 4794 804 4849 in
830 4784 984 4850 terra
1009 4794 1079 4848 ab
1108 4795 1206 4849 illo
1235 4794 1527 4849 exordium
1584 4780 1979 4865 sumpserunt,
2007 4780 2069 4850 et
2144 4788 2283 4843 lium
2314 4804 2379 4843 ex
2409 4787 2612 4860 quibus
2653 4787 2903 4859 quotidie
2956 4788 3159 4861 corpus
3202 4789 3424 4846 Christi
3461 4788 3724 4862 impletur.

468 4876 659 4939 abillo
690 4883 785 4956 qui
807 4888 893 4939 est
920 4884 1089 4939 Pater
1118 4883 1369 4941 omnium
1400 4898 1589 4938 rerum
1626 4887 1964 4954 acceperunt
2000 4872 2064 4939 ut
2146 4874 2441 4932 Plenitudo
2466 4876 2617 4932 enim
2636 4876 2886 4949 corporis
2915 4874 3125 4933 Christi
3165 4885 3253 4934 est
3314 4878 3583 4944 Ecclesia,
3621 4888 3727 4947 qua!

466 4968 656 5044 patres
684 4965 925 5029 aliorum
954 4966 1305 5027 vocarentur.
2056 4958 2062 4963 ’
2143 4965 2394 5037 quotidie
2424 4981 2489 5021 ex
2508 4965 2768 5021 omnibus
2795 4964 3060 5037 gentibus
3091 4963 3390 5039 impletur.

490 5064 495 5071 '
539 5062 601 5116 Ut
625 5062 719 5129 det,
739 5063 887 5116 vobis
906 5061 1209 5115 secundum
1231 5061 1459 5114 divitias
1502 5050 1693 5127 gloria:
1720 5075 1830 5114 sua:
1855 5060 2058 5115 virtute
2211 5056 2281 5109 Ei
2307 5060 2494 5110 autem
2521 5057 2623 5124 qui
2643 5061 2836 5129 potens
2865 5060 2943 5110 est
2970 5059 3160 5110 omnia
3183 5052 3374 5125 facere
3411 5055 3729 5127 superabun-

461 5144 816 5204 corroborari
837 5162 937 5217 per
962 5149 1239 5218 Spiritum
1270 5136 1527 5202 Sanctum
1556 5151 1674 5216 ejus
1704 5149 1767 5201 in
1795 5136 2060 5202 interiori
2138 5142 2339 5200 danter
2357 5159 2525 5213 quam
2537 5147 2777 5213 petimus
2797 5149 2898 5197 aut
2919 5143 3610 5217 intelligimussecundum
3626 5145 3730 5197 vir-

461 5232 700 5298 ho'mine,
717 5238 1001 5293 Christum
1027 5237 1277 5291 habitare
1295 5253 1397 5306 per
1421 5236 1586 5307 ﬁdem
1612 5239 1673 5289 in
1684 5236 1937 5290 cordibus
1956 5251 2054 5291 no-
2138 5238 2306 5288 tutem
2328 5250 2446 5302 quas
2462 5237 2725 5302 operatur
2746 5235 2808 5286 in
2830 5234 3004 5300 nobis,
3028 5234 3139 5303 ipsi
3153 5235 3340 5303 gloria
3359 5236 3427 5288 in
3448 5228 3731 5288 Ecclesiae!

457 5328 608 5379 stris.
631 5313 1078 5396 Idcirco,inquit,
1099 5340 1202 5396 ego
1225 5328 1388 5380 ﬂecto
1399 5340 1586 5394 genua
1606 5336 1733 5378 mea
1743 5324 1813 5377 ad
1826 5320 2057 5379 Patrem
2136 5326 2199 5377 in
2221 5324 2436 5379 Christo
2450 5324 2579 5376 Jesu
2600 5323 2662 5375 in
2686 5320 2870 5376 omnes
2898 5316 3273 5390 generatione:
3302 5316 3509 5379 secuti
3524 5319 3729 5377 saculo-

453 5413 680 5471 Domini
702 5413 979 5478 nostri,ut
1008 5414 1127 5487 ipse
1157 5414 1255 5495 det
1278 5411 1432 5468 vobis
1460 5414 1724 5492 virtutem
1746 5412 2053 5495 secundum
2136 5422 2289 5465 rum.
2312 5414 2503 5465 Amen.
2538 5408 2601 5464 Ei
2625 5414 2836 5477 autem,
2866 5407 2924 5465 id
2953 5404 3040 5464 est
3082 5406 3211 5465 'Deo
3239 5406 3405 5482 Patri
3431 5409 3533 5483 qui

470 5500 977 5593 argitatemgloriie
995 5508 1200 5570 sum,ut
1216 5492 1341 5558 sitis
1371 5489 1720 5593 corroborati
1744 5500 1811 5583 in~
1826 5489 1952 5587 fide,
1997 5507 2055 5581 et

2164 5500 2327 5567 mnia
2350 5499 2534 5554 facere
2563 5512 2686 5583 quae
2714 5497 2864 5555 vobis
2889 5503 3024 5555 sunt
3042 5497 3368 5575 necessaria
3387 5494 3729 5577 superabuné
