3852 6154
178 261 276 325 717

871 259 1256 320 EXPOSl'l‘IO
1286 265 1365 320 IN
1397 261 1550 320 EPP.
1585 268 1640 321 8.
1675 261 1911 323 PAULI.
1946 300 2011 310 —
2047 269 2125 324 ΙΝ
2156 264 2377 324 EPIST.
2407 267 2503 323 AD
2538 266 2786 327 EPHES.

3345 277 3451 334 718

175 391 375 446 denter
394 406 562 462 quam
585 390 846 461 petimus,
868 387 926 442 id
949 394 1036 442 est
1059 388 1155 459 qui
1189 395 1374 459 potest
1399 390 1590 443 omnia
1612 390 1835 453 nobisA
1927 396 2078 448 Unus
2098 401 2183 448 est
2202 397 2468 448 Dominus
2490 397 2743 451 omnium
2766 405 3308 471 creaturarum,una
3323 371 3463 472 ﬁdes.

174 480 423 534 tribuere
443 481 568 551 plus
595 495 763 550 quam
789 485 978 550 petere
999 478 1259 542 sciamus,
1286 484 1343 532 ct
1362 485 1552 549 petere
1571 496 1776 550 praesu-

175 585 414 633 mamus,
434 575 492 622 et
509 568 618 643 hoc
637 567 942 623 secundum
965 567 1228 620 virtutem
1248 566 1555 622 divinitatis
1589 575 1778 638 poten-

173 658 264 712 tia:
291 673 415 712 suae
455 675 467 709 :
509 673 632 728 quae
668 657 847 713 virtus
877 655 1186 710 divinitatis
1225 663 1493 726 operatur
1531 656 1590 710 in
1619 655 1779 712 nobis

174 745 466 809 miracula,
501 745 692 802 ﬁdem.
720 745 953 800 virtutes
977 749 1034 797 et
1057 737 1390 807 doctrinam,
1418 745 1493 798 sit
1517 744 1699 814 gloria
1721 743 1776 797 in

175 834 426 888 Ecclesia
450 839 507 888 et
530 833 586 886 in
605 833 828 888 Christo
850 833 1000 886 Jesu.
1030 834 1091 886 ln
1115 831 1358 886 Ecclesia
1376 838 1464 886 est
1478 832 1658 901 gloria
1682 831 1778 890 Dei

173 921 380 990 Patris,
406 922 540 992 quia
570 921 870 976 multitudo
894 920 1147 976 fidelium
1180 921 1458 991 gloriﬁcat
1498 927 1555 976 et
1582 920 1778 975 laudat

178 1011 359 1066 Deum
378 1011 604 1066 Patrem
631 1010 690 1065 in
711 1009 971 1064 omnibus
991 1026 1113 1080 quae
1133 1009 1270 1079 agit.
1297 1009 1402 1063 Per
1428 1009 1582 1064 illam
1604 1010 1772 1063 etiam

172 1100 525 1171 gloriﬁcatur
565 1118 578 1151 :
615 1100 780 1169 juxta
815 1098 964 1170 quod
1002 1097 1276 1152 Dominus
1312 1097 1447 1152 dicit
1489 1115 1501 1150 :
1557 1099 1775 1152 Videant

173 1205 336 1258 opera
375 1194 555 1247 vestra
595 1190 752 1249 bona.
794 1193 845 1242 et
898 1189 1203 1255 gloriﬁcent
1254 1188 1475 1240 Patrem
1534 1191 1778 1240 vestrum

176 1279 392 1345 (ΜαιιΙι.
428 1285 503 1345 v).
530 1278 597 1334 In
613 1277 836 1332 Christo
857 1292 1078 1347 quoque
1096 1276 1230 1330 Jcsu
1255 1279 1342 1329 est
1358 1273 1539 1344 gloria
1557 1271 1659 1327 Dei
1677 1274 1782 1330 Pa-

172 1366 298 1432 tris,
320 1365 478 1436 ;quia
517 1364 707 1451 qmnia
745 1381 868 1434 qua:
896 1364 1017 1434 ipse
1055 1363 1230 1420 Filius
1260 1367 1525 1432 operatus
1563 1367 1666 1425 est,
1709 1360 1782 1416 ad

173 1455 402 1510 laudem
433 1458 492 1507 et
516 1453 757 1522 gloriam
787 1455 836 1523 ej
847 1469 911 1506 us
935 1451 1150 1518 retulit,
1174 1451 1399 1506 dicens:
1425 1453 1588 1508 Pater
1612 1453 1672 1503 in
1697 1466 1781 1503 me

175 1559 412 1597 manens
433 1545 546 1609 ipse
565 1543 703 1608 facit
727 1556 889 1608 opera
911 1542 1090 1605 (Joan.
1110 1543 1216 1605 xv).
1245 1540 1308 1594 In
1328 1554 1523 1594 omnes
1543 1554 1782 1610 genera-

174 1632 361 1687 tiones
400 1630 478 1684 sit
518 1630 634 1684 Deo
674 1629 832 1684 Patri
857 1629 1060 1700 gloria,
1100 1629 1156 1682 id
1186 1633 1273 1682 est
1301 1627 1360 1682 in
1391 1634 1693 1699 praesentes
1725 1631 1782 1680 et

1858 482 2026 536 debet
2064 500 2187 538 esse
2234 484 2290 536 in
2340 483 2600 539 omnibus
2633 487 3009 553 credentibus,
3042 491 3245 561 quibus
3272 509 3455 552 unum

1861 571 2130 640 baptisma
2149 577 2252 626 est.
2266 572 2423 627 Licet
2443 573 2538 627 alii
2561 576 2852 644 majorem.
2874 578 2970 632 alii
2991 579 3264 636 minorem
3287 583 3456 638 fidem

1862 657 2124 720 habeant,
2157 659 2252 730 qui
2285 662 2502 730 majora
2531 667 2590 716 et
2617 663 2836 718 minora
2865 665 2933 719 de
2968 666 3085 721 Deo
3112 669 3452 742 intelligunt,

1861 751 2049 799 tamen
2069 746 2125 798 in
2144 746 2247 800 hoc
2266 746 2472 802 dicitur
2491 765 2612 802 esse
2627 765 2742 803 una
2756 751 2914 815 ﬁdes,
2929 754 3060 822 quia
3077 771 3253 814 unum
3274 759 3456 822 Deum

1860 835 2096 888 credunt
2123 835 2435 889 trinitatem
2466 836 2672 891 habere
2703 838 2758 892 in
2789 842 3062 910 personis,
3096 849 3154 898 et
3180 845 3455 911 unitatem

1861 922 1915 976 in
1939 921 2272 978 substantia.
2289 923 2474 978 Unum
2494 931 2580 979 est
2596 925 2892 996 baptisma,
2910 931 3041 1000 quia
3061 949 3256 990 omnes
3272 952 3456 1006 aqua-

1857 1012 1987 1067 liter
2012 1028 2111 1082 per
2138 1011 2466 1066 universum
2509 1014 2698 1070 orbem
2726 1015 3100 1090 baptizantur,
3131 1022 3227 1093 qui
3264 1024 3454 1093 signa.

1857 1099 2046 1154 culum
2077 1099 2206 1153 ﬁdei
2236 1100 2572 1171 percipiunt.

1937 1188 2084 1242 Unus
2111 1192 2198 1242 est
2217 1188 2354 1242 Deus
2375 1189 2627 1244 omnium
2655 1198 3063 1262 creaturarum,
3085 1202 3136 1252 et
3156 1205 3320 1268 pater
3345 1219 3458 1259 om-

1863 1277 2025 1329 nium
2054 1291 2264 1341 rerum,
2299 1274 2351 1330 id
2395 1282 2482 1331 est
2522 1284 2760 1346 creator,
2802 1285 2920 1350 qui,
2960 1284 3228 1344 subaudis
3267 1290 3456 1355 Pater,

1862 1377 2026 1430 super
2070 1379 2255 1418 omnes
2294 1369 2581 1418 creaturas
2627 1367 2864 1435 excellit,
2899 1376 2948 1424 et
2995 1387 3098 1440 per
3147 1380 3337 1433 omnia
3374 1384 3462 1434 est

1862 1450 2054 1514 Filius,
2089 1450 2222 1522 quia
2251 1453 2440 1512 omnia
2461 1470 2559 1522 per
2583 1454 2767 1525 ipsum
2793 1457 2941 1512 facta
2966 1465 3100 1515 sunt
3124 1462 3312 1533 (Joan.
3334 1470 3380 1537 ι)

1862 1545 2142 1610 reparata,
2165 1545 2212 1593 et
2236 1543 2297 1593 in
2322 1543 2578 1596 omnibus
2605 1546 2779 1609 nobis,
2805 1545 3074 1603 subaudis
3102 1556 3189 1605 est
3218 1553 3466 1624 Spiritus

1860 1634 2107 1691 sanctus,
2145 1627 2239 1698 qui
2267 1627 2326 1683 in
2352 1628 2613 1684 cordibus
2643 1632 2888 1688 ﬁdelium
2923 1635 3159 1694 diffusus
3183 1648 3289 1709 est,
3318 1649 3373 1700 et
3401 1645 3462 1700 in

174 1722 400 1775 futuras
428 1737 441 1772 :
477 1719 569 1777 vel
587 1718 646 1772 in
673 1718 1069 1798 generationes
1097 1717 1370 1788 gentium,
1393 1722 1448 1771 et
1467 1716 1783 1788 generatio-
1799 1719 1844 1777 Β
1863 1715 2124 1772 omnibus
2149 1717 2442 1782 creaturis,
2463 1718 2625 1788 juxta
2652 1720 2791 1775 illud
2815 1740 2826 1775 :
2851 1723 3098 1792 Spiritus
3124 1729 3354 1786 Domini
3379 1749 3474 1790 re-

175 1825 278 1864 nes
303 1808 630 1864 Iudaeorum
659 1806 716 1864 in
746 1807 936 1862 omnia
973 1805 1164 1860 futura
1187 1806 1408 1860 secula.
1437 1807 1636 1862 Amen.

377 1883 382 1886 ’
799 1895 1034 1952 CAPUT
1063 1894 1158 1950 1v.

259 1987 487 2042 Obsecro
505 1987 692 2052 itaque
718 2000 806 2038 vos
825 1999 918 2051 ego
932 1986 1149 2038 vinctus
1171 1985 1232 2037 in
1252 1985 1506 2047 Domino,
1528 1986 1591 2036 ut
1621 1982 1783 2048 digne

177 2076 480 2130 ambuletis
507 2075 783 2128 vocatione
812 2088 922 2140 qua
952 2075 1127 2126 vocati
1154 2075 1300 2126 estis.
1322 2071 1585 2135 Obsecro,
1612 2068 1670 2124 id
1699 2073 1785 2124 est

179 2164 457 2234 deprecor
483 2177 580 2218 vos
600 2178 703 2231 ego
725 2161 941 2216 vinctus
961 2161 1020 2214 in
1042 2161 1302 2225 Domino,
1324 2165 1389 2219 ut
1405 2160 1574 2229 digne
1592 2155 1787 2212 ambu-

180 2252 311 2316 letis
331 2256 392 2306 et
416 2255 610 2306 sancte
639 2249 833 2304 vivatis
861 2249 960 2304 illa
984 2249 1272 2303 vocatione
1301 2264 1413 2320 qua
1439 2246 1623 2302 vocati
1651 2245 1784 2302 estis

181 2341 244 2395 in
264 2340 626 2407 baptismate.
653 2338 800 2394 Estis
821 2338 997 2392 vocati
1018 2343 1082 2392 ut
1097 2338 1280 2392 sancti
1299 2336 1496 2400 essetis
1515 2341 1574 2390 et
1590 2335 1789 2389 imma-

183 2429 385 2490 culati.
414 2434 608 2488 sancte
645 2434 701 2481 et
729 2427 1091 2482 immaculate
1128 2424 1554 2489 conversamini,
1586 2423 1785 2478 ambu-

182 2519 373 2574 lantes
400 2518 472 2574 de
497 2517 700 2572 virtute
725 2517 784 2571 in
810 2515 1072 2570 virtutem
1099 2515 1258 2579 Quod
1283 2519 1472 2569 autem
1503 2513 1656 2576 dicit,
1684 2527 1788 2582 ego

180 2609 430 2670 vinctus,
475 2605 684 2678 duplici
725 2604 890 2660 modo
919 2603 1158 2674 intelligi
1187 2609 1369 2676 potest
1405 2621 1416 2657 :
1459 2603 1544 2657 vel
1573 2602 1789 2656 vinctus

185 2695 408 2752 materiis
438 2701 497 2750 et
523 2695 740 2767 positus
774 2694 831 2748 in
859 2709 1081 2748 carcere
1109 2694 1167 2748 in
1198 2692 1456 2758 Domino,
1487 2691 1545 2759 id
1573 2697 1656 2746 est
1687 2707 1788 2762 pro

183 2785 453 2847 Domino,
481 2783 596 2839 sive
621 2800 722 2854 pro
743 2799 936 2838 amore
959 2781 1221 2850 Domini;
1253 2782 1338 2836 vel
1360 2781 1592 2846 vinctus,
1620 2779 1680 2834 id
1705 2783 1792 2836 est

186 2873 462 2936 astrictus
487 2889 678 2928 amore
719 2871 1034 2929 dilectionis
1065 2887 1199 2942 erga
1227 2887 1324 2925 vos
1358 2874 1589 2942 propter
1612 2868 1788 2922 Deum

1857 1807 2026 1873 pteoit
2051 1806 2235 1858 orbem
2261 1810 2546 1862 terrarum
2579 1808 2727 1878 (Sap.
2765 1811 2826 1880 I).

1938 1893 2241 1962 Unicuique
2275 1899 2462 1948 autem
2503 1902 2758 1952 nostrum
2784 1902 2916 1955 data
2944 1908 3020 1956 est
3046 1909 3236 1972 gratia
3265 1925 3464 1972 secun-

1863 1982 1998 2036 dum
2020 1997 2341 2036 mensuram
2371 1985 2686 2040 donationis
2717 1988 3245 2064 Ghristi.'Loquitur
3270 1997 3329 2054 in
3356 1998 3464 2060 hoc

1865 2068 1986 2124 loco
2005 2069 2306 2141 Apostolus
2323 2087 2388 2125 ex
2417 2089 2658 2142 persona
2676 2092 2781 2130 sua
2809 2078 3161 2154 aliorumque
3178 2088 3463 2156 apostolo-i

1866 2174 2012 2220 rum,
2035 2159 2122 2214 vel
2143 2159 2397 2216 omnium
2418 2161 2791 2220 credentium.
2819 2166 2961 2222 Data
2986 2176 3072 2225 est
3096 2175 3298 2242 gratia.
3325 2177 3466 2237 {ideo

1867 2252 1924 2337 et
1951 2247 2204 2337 remissio
2241 2254 2599 2318 peccatorum
2639 2258 2699 2306 et
2730 2255 3063 2327 redemptio,
3095 2267 3154 2316 et
3192 2264 3466 2337 quidquid

1866 2335 1997 2390 boni
2026 2335 2318 2390 habemus.
2351 2338 2545 2394 Gratia
2570 2345 2761 2396 autem
2781 2342 2986 2400 dicitur
3012 2350 3192 2416 gratis
3213 2335 3365 2408 data:
3399 2355 3470 2415 Et

1869 2424 1987 2478 hinc
2004 2425 2194 2513 omnia
2208 2426 2459 2496 gratuito
2476 2445 2708 2484 munere
2723 2433 3126 2504 omnipotentis
3144 2439 3241 2496 Dei
3261 2441 3470 2513 largita

1869 2518 2003 2566 sunt
2023 2512 2184 2568 nobis
2201 2514 2508 2568 secundum
2532 2532 2854 2574 mensuram
2875 2521 3196 2581 donationis
3224 2512 3469 2588 Christi:

1870 2601 2230 2656 donationem
2257 2603 2341 2656 vel
2374 2603 2583 2658 donum
2598 2605 2784 2662 Patris
2802 2614 2860 2663 et
2878 2609 3001 2666 Filii
3023 2612 3289 2671 debemus
3309 2617 3472 2674 intel-

1870 2688 2045 2759 ligere
2072 2688 2130 2744 in
2158 2689 2264 2744 hoc
2293 2690 2415 2745 loco
2445 2692 2716 2762 Spiritum
2742 2704 3019 2764 sanctum,
3047 2701 3116 2756 de
3137 2719 3248 2773 quo
3273 2705 3468 2764 Domi.

1870 2783 1976 2831 nus
1996 2777 2206 2848 dicitin
2220 2779 2520 2849 Evangelia
2541 2782 2761 2836 mulieri
2788 2784 3154 2844 Samaritana
3178 2806 3190 2844 :
3214 2791 3279 2847 Si
3304 2797 3471 2852 scires

1872 2867 2082 2920 donum
2109 2868 2209 2921 Dei
2237 2869 2414 2924 (Joan.
2441 2871 2536 2935 Iv),
2570 2869 2622 2922 id
2647 2876 2733 2925 est
2752 2871 3025 2942 Spiritum
3054 2884 3332 2948 sanctum,
3355 2888 3464 2941 etc.

183 2979 317 3017 cum
365 2964 523 3016 omni
572 2960 889 3015 humilitate
937 2966 986 3014 et
1033 2961 1451 3021 consuetudine;
1498 2956 1789 3022 subaudis,
1826 3027 1854 3029 _
1874 2954 2015 3009 Cum
2038 2970 2165 3008 vero
2183 2953 2347 3008 dicit:
2365 2955 2496 3010 data
2518 2963 2605 3012 est
2621 2960 2932 3016 secundum
2953 2979 3279 3024 mensuram
3297 2970 3470 3029 dona-

184 3051 485 3106 ambulate
512 3054 570 3103 et
597 3048 1004 3104 conversamini
1032 3048 1221 3119 digne.

256 3141 404 3196 Cum
429 3141 706 3208 patientia
733 3142 1114 3206 supportantes
1144 3153 1234 3192 vos
1262 3138 1499 3190 invicem
1527 3137 1591 3189 in
1611 3134 1794 3188 charis

182 3234 317 3284 tate.
343 3227 592 3282 Humilis
621 3227 828 3281 dicitur
855 3225 1013 3282 humi
1042 3225 1280 3280 acclivis.
1305 3222 1678 3278 Mansuetudo
1707 3228 1794 3277 est

176 3317 394 3374 lenitas
422 3321 482 3370 et
510 3315 891 3385 tranquillitas
927 3314 1120 3371 animi.
1152 3312 1472 3377 Ambulate,
1503 3311 1705 3382 inquit,
1736 3315 1795 3367 et

178 3404 604 3462 conversamini
625 3419 752 3458 cum
770 3402 922 3457 omni
943 3402 1264 3457 humilitate
1285 3407 1343 3456 et
1361 3399 1796 3456 mansuetudine

178 3493 418 3558 mentis,
436 3497 835 3562 supportantes
865 3507 958 3544 vos
983 3490 1218 3545 invicem
1238 3490 1299 3544 in
1326 3490 1600 3544 charitate
1620 3488 1706 3543 vel
1734 3488 1792 3542 in

177 3581 492 3638 dilectione
514 3580 613 3634 Dei
633 3588 690 3634 et
716 3579 972 3650 proximi,
992 3580 1158 3650 juxta
1174 3579 1348 3633 illud:
1376 3578 1542 3632 Alter
1561 3577 1792 3630 alterius

177 3688 367 3727 onera
397 3675 636 3742 portate,
667 3669 951 3722 imitantes
988 3673 1251 3722 naturam
1280 3682 1603 3732 servorum;
1639 3666 1792 3720 verbi

172 3760 413 3830 gratia:
445 3758 543 3830 qui
567 3757 720 3812 dives
746 3763 833 3812 est
853 3756 1052 3828 opibus
1073 3757 1242 3826 hujus
1267 3755 1476 3819 seculi,
1500 3759 1796 3826 supportet

173 3850 350 3905 illum
383 3847 484 3919 qui
503 3863 716 3918 pauper
740 3852 828 3901 est
853 3846 908 3900 in
937 3845 1254 3900 substantia
1273 3844 1534 3916 praesenti
1558 3857 1617 3898 et
1639 3843 1792 3897 dives

172 3935 580 4009 spiritualibus
598 3935 898 3990 virtutibus
922 3949 934 3984 :
964 3940 1022 3989 et
1050 3940 1298 4000 econtra,
1317 3933 1410 3988 ille
1435 3933 1532 4004 qui
1563 3936 1792 3986 sanctus

172 4032 268 4084 est
297 4042 418 4082 sua
438 4025 739 4082 sanctitate
766 4028 827 4079 et
850 4023 968 4079 suis
997 4022 1256 4095 precibus
1284 4022 1563 4078 sustineat
1592 4036 1790 4093 pecca-

171 4123 411 4182 torem;
445 4113 535 4169 vel
564 4113 659 4184 qui
684 4112 837 4168 dives
863 4116 970 4177 est,
1000 4112 1278 4168 sustineat
1304 4127 1407 4168 sua
1435 4110 1792 4181 eleemosyna

167 4217 525 4276 pauperem.
554 4201 810 4264 Solliciti,
845 4199 903 4254 id
931 4205 1018 4254 est
1045 4199 1301 4264 studiosi,
1334 4199 1484 4260 cauti
1509 4204 1568 4254 et
1590 4197 1793 4254 attenti

168 4292 310 4354 sitis
360 4304 610 4359 semper.
640 4289 869 4344 Serva-re
914 4291 1189 4344 unitatem
1226 4291 1479 4357 spiritus,
1509 4293 1575 4344 ut
1615 4302 1792 4347 unum

1812 3027 1857 3098 Ο
1874 3042 2045 3097 tionis
2074 3042 2306 3107 Christi,
2328 3043 2408 3098 sic
2437 3045 2696 3101 videntur
2722 3048 2892 3104 verba
2920 3051 3036 3107 haec
3061 3070 3286 3124 sonare,

1875 3130 2118 3202 Spiritus
2145 3137 2374 3188 sanctus
2412 3150 2736 3190 mensuram
2766 3137 2971 3200 habeat
2993 3146 3051 3196 et
3076 3148 3474 3206 mensurabilis

1874 3218 1977 3310 sit.
1997 3219 2108 3274 Sed
2133 3220 2414 3310 quomodo
2446 3228 2634 3292 potest
2660 3226 3057 3288 mensurabilis
3085 3246 3230 3299 esse,
3261 3235 3333 3292 de
3359 3254 3473 3310 quo

1874 3306 2116 3364 dicitur:
2146 3306 2390 3376 Spiritus
2403 3311 2645 3392 "Domini
2672 3317 2896 3381 replevit
2925 3319 3109 3373 orbem
3147 3306 3477 3382 terrarum!

1875 3396 2197 3454 Notandum
2216 3413 2349 3468 ergo
2362 3398 2496 3468 quia
2505 3399 2646 3454 sicut
2660 3401 2810 3457 Deus
2821 3404 3473 3472 Paterimmensurabilis

1875 3491 1963 3540 est
2006 3485 2103 3556 qui
2150 3485 2305 3549 dicit,
2358 3488 2560 3542 Catum
2603 3494 2653 3542 et
2702 3496 2910 3546 terram
2947 3511 3040 3562 ego
3079 3499 3284 3567 impleo
3339 3504 3474 3572 (Jer.

1877 3590 2078 3642 XXIII);
2128 3581 2186 3629 et
2233 3575 2410 3630 Filius
2439 3577 2918 3636 immensurabilis
2961 3590 3065 3649 est,
3110 3586 3208 3656 qui
3245 3593 3335 3645 est
3375 3608 3472 3648 sa.

1875 3663 2089 3734 pientia
2112 3664 2212 3717 Dei
2233 3663 2417 3718 Patris
2437 3681 2560 3734 quae
2578 3666 2807 3738 attingit
2824 3685 2859 3723 a
2878 3671 2990 3725 ﬁne
3011 3689 3189 3744 usque
3206 3675 3279 3732 ad
3297 3679 3470 3736 ﬁnem

1874 3751 2094 3806 fortiter
2127 3767 2139 3802 :
2186 3751 2267 3805 ita
2296 3752 2540 3821 Spiritus
2566 3762 2793 3809 sanctus
2835 3755 3310 3820 immensurabilis
3337 3773 3464 3824 est;

1876 3839 2008 3910 quia
2043 3844 2177 3901 sunt
2213 3844 2328 3892 tres
2365 3856 2636 3910 personae,
2676 3843 2914 3914 ideoque
2963 3847 3109 3904 hanc
3145 3868 3484 3912 mensuram

1873 3925 2194 3982 donationis
2209 3927 2279 3982 ad
2296 3933 2543 3982 nostram
2565 3931 2932 4001 capacitatem
2949 3937 3161 3996 referre
3177 3941 3466 4012 debemus,-

1873 4014 2008 4085 quia
2021 4015 2184 4104 juxta
2207 4016 2356 4086 quod
2381 4032 2481 4070 nos
2501 4033 2700 4088 capere
2724 4020 2992 4090 valemus,
3018 4039 3084 4080 ex
3098 4027 3263 4085 donis
3277 4032 3469 4104 Spiri-

1872 4107 1965 4156 tus
1989 4103 2168 4157 sancti
2196 4104 2362 4159 datur
2397 4121 2677 4160 mensura.
2713 4108 2883 4164 Verbi
2912 4113 3101 4182 gratia
3129 4127 3142 4163 :
3359 4121 3470 4178 im.

1874 4191 2253 4260 mensurabile
2275 4198 2363 4248 est
2383 4193 2444 4248 in
2463 4193 2836 4265 longitudine,
2857 4200 3258 4273 profunditate,
3281 4208 3470 4268 latitu.

1873 4279 2006 4348 dine
2047 4279 2136 4334 sui
2183 4285 2242 4335 et
2286 4282 2647 4338 multitudine
2671 4301 2984 4357 aquarum;
3011 4295 3071 4346 et
3109 4292 3254 4354 sicut
3277 4297 3470 4356 incola

161 4380 426 4454 sapiat“
447 4377 518 4434 de
541 4376 783 4442 Christo,
807 4381 870 4432 ut
895 4393 1068 4446 unam
1091 4377 1260 4432 ﬁdem
1283 4376 1563 4444 habeatis;
1591 4381 1650 4430 et
1676 4391 1788 4432 ηοη
1813 4376 1856 4436 D
1875 4368 2159 4424 venientes
2178 4370 2252 4425 ad
2271 4370 2433 4440 illud,
2450 4388 2658 4443 aquam
2677 4377 2986 4434 secundum
3010 4396 3333 4440 mensuram
3355 4404 3473 4445 νεεδ

161 4471 290 4528 sint
320 4469 392 4523 in
411 4465 568 4522 vobis
604 4465 910 4521 schismata
943 4471 1114 4537 atque
1149 4466 1408 4532 haereses,
1442 4471 1498 4520 et
1520 4466 1624 4520 hoc
1643 4465 1794 4536 agite

165 4562 232 4613 in
248 4558 500 4613 vinculo
516 4562 691 4624 pacis,
710 4554 766 4609 id
795 4561 883 4610 est
909 4555 968 4611 in
996 4555 1292 4610 dilectione
1321 4555 1422 4610 Dei
1451 4560 1510 4610 et
1531 4554 1790 4626 proximi,

161 4650 294 4704 sive
323 4647 398 4702 in
425 4645 723 4700 concordia
749 4644 1138 4700 fraternitatis.
1169 4644 1404 4699 Dilectio
1432 4644 1641 4701 etenim
1669 4644 1792 4698 vin-

160 4739 384 4792 culum
402 4739 562 4790 recte
575 4734 910 4805 appellatur,
931 4733 1064 4804 quia
1084 4734 1226 4792 duos
1247 4734 1384 4804 ligat
1400 4738 1460 4790 et
1477 4733 1788 4804 conjungit,

1875 4457 2130 4548 culorum
2159 4475 2392 4514 suorum
2421 4464 2808 4536 unusquisque
2836 4467 3114 4538 deportat,
3146 4472 3292 4530 alius
3317 4478 3468 4548 plus,

1874 4547 2020 4604 alius
2047 4547 2256 4612 minus,
2289 4554 2348 4604 et
2373 4555 2564 4606 tamen
2595 4569 2750 4608 mare
2773 4555 3234 4616 immensurabile
3252 4547 3464 4633 manet,

1873 4635 1956 4693 ita
1983 4641 2042 4691 et
2075 4653 2178 4692 nos
2205 4639 2514 4694 secundum
2545 4657 2869 4698 mensuram
2909 4651 3113 4702 nostrae
3139 4653 3468 4720 capacitatis

1873 4741 1938 4780 ex
1967 4725 2130 4780 donis
2154 4727 2398 4798 Spiritus
2435 4729 2615 4784 sancti
2651 4731 2975 4801 accipimus,
3019 4738 3077 4789 et
3109 4735 3232 4807 ipse
3267 4739 3327 4795 in
3361 4757 3469 4798 sua

1872 4819 2079 4870 natura
2103 4815 2578 4882 immensurabilis
2606 4825 2816 4874 manet.

1945 4909 2177 4973 Propter
2195 4907 2358 4973 quod,
2375 4905 2644 4961 subaudis
2660 4907 2791 4978 quia
2811 4908 3116 4982 unicuique
3127 4913 3263 4971 data
3277 4922 3469 4990 gratia

1873 4992 2180 5082 secundum
2212 5009 2534 5048 mensuram
2552 4995 2870 5054 donationis
2895 4999 3125 5070 Christi,
3143 5004 3240 5060 alii
3259 5011 3462 5082 major,

1874 5081 1970 5135 alii
2008 5081 2214 5145 minor,
2245 5082 2381 5138 dicit
2407 5083 2706 5140 Psalmista
2736 5102 2748 5137 ε
2781 5088 3085 5145 Ascendens
3116 5081 3367 5154 Christus
3404 5103 3468 5157 in

1873 5172 2076 5233 altum,
2093 5173 2366 5240 captivam
2381 5173 2954 5243 duxitcaptivitatem;
2976 5181 3123 5236 dedit
3135 5185 3282 5243 dona
3294 5189 3471 5248 hamis

1875 5260 2056 5314 nibus.
2093 5258 2334 5323 Quidam
2381 5260 2575 5316 doctor
2603 5263 2708 5318 hoc
2737 5266 2905 5320 modo
2936 5268 3086 5325 hunc
3126 5276 3470 5338 versiculum

1875 5348 2153 5440 explanat,
2187 5349 2390 5440 quoda
2409 5350 2642 5406 veritate
2673 5370 2785 5408 non
2815 5355 3114 5430 discrepat,
3137 5370 3195 5419 et
3221 5373 3472 5440 appellat

1876 5436 2162 5492 diabolum
2198 5438 2578 5510 captivitatem
2607 5462 2617 5491 :
2651 5443 2785 5514 quia
2817 5461 2998 5515 genus
3043 5436 3353 5512 humanum
3401 5460 3474 5516 de

1879 5533 2140 5608 paradiso
2154 5535 2473 5608 (παραίθυξε.
2485 5541 2805 5599 Ascendens
2823 5544 3083 5606 Christus
3102 5549 3158 5604 in
3187 5553 3386 5624 altum,
3415 5556 3474 5617 id

157 4825 372 4884 Deum
407 4822 667 4882 videlicet
689 4829 746 4877 et
771 4822 1075 4888 hominem,
1107 4823 1190 4882 vel
1217 4823 1358 4878 duos
1385 4823 1688 4894 proximos.

242 4916 452 4970 Unum
496 4927 692 4982 corpus
722 4911 930 4970 Christi
959 4929 1054 4967 vos
1095 4912 1250 4979 estis,
1282 4917 1332 4968 et
1368 4929 1517 4966 unus
1543 4913 1790 4982 Spiritus

155 5009 422 5064 sanctus
448 4999 670 5068 habitat
690 5000 749 5057 in
776 5000 952 5067 vobis,
980 5003 1121 5056 sicut
1143 5003 1318 5062 vocati
1335 5004 1461 5056 estis
1484 5005 1545 5056 in
1566 5017 1682 5056 una
1701 5017 1790 5069 spe

157 5093 496 5152 rogationis
521 5096 726 5156 castra,
767 5089 912 5146 sicut
951 5090 1131 5144 sancti
1167 5090 1347 5146 vocati
1378 5091 1533 5155 estis,
1559 5075 1702 5148 uniti
1732 5090 1790 5146 in

156 5182 552 5255 baptismate,
573 5179 882 5234 secundum
915 5178 1056 5234 illud
1082 5197 1094 5232 :
1118 5177 1310 5234 Sancti
1334 5185 1512 5244 estote,
1537 5183 1673 5248 quia
1699 5196 1792 5249 ego

154 5276 416 5330 sanctus
459 5284 587 5323 sum
609 5269 754 5334 (Leo.
784 5271 886 5335 x1),
915 5267 1042 5324 ideo
1091 5274 1284 5323 sancte
1330 5269 1514 5324 vivere
1553 5268 1787 5330 debetis.

157 5361 337 5420 Bene
365 5363 564 5418 autem
588 5357 744 5423 dicit,
761 5356 820 5411 in
843 5373 958 5412 una
985 5373 1083 5427 spe
1111 5358 1418 5414 vocationis
1437 5359 1616 5414 vocati
1633 5359 1790 5421 estis,

155 5452 320 5523 quia
345 5463 553 5504 omnes
580 5446 775 5509 ﬁdeles
796 5462 969 5506 unam
1007 5463 1164 5517 spem
1197 5447 1408 5514 habent
1434 5449 1794 5519 perveniendi

158 5540 244 5606 ad
