3966 6156
3600 372 3686 432 720

467 516 556 567 est
573 510 634 564 in
661 521 904 567 crucem,
925 505 1088 575 juxta
1116 504 1264 575 quod
1289 508 1346 556 et
1380 503 1499 573 ipse
1527 502 1609 554 ait
1639 519 1650 553 :
1687 501 1824 555 Cum
1844 502 2054 553 eaalta-
2073 501 2118 554 Α
2145 497 2521 568 cognitionem
2576 499 2750 564 dedit,
2805 514 3019 569 suaque
3053 499 3238 570 gratia
3284 499 3405 554 illos
3453 499 3682 570 implevit.

467 601 656 653 teritis
679 595 888 652 Filium
915 594 1156 646 hominis
1181 594 1360 655 (Joan.
1379 591 1518 656 VIII),
1542 596 1670 649 etc.,
1685 595 1820 643 tunc
1839 587 2065 658 captivi-
2217 588 2281 640 Et
2311 589 2424 655 ipse
2445 589 2588 640 dedit
2607 587 2869 654 quosdam
2889 588 3111 654 quidem
3134 590 3406 656 apostolos,
3429 593 3488 641 ut
3499 587 3689 642 fuerunt

468 691 664 752 tatem,
686 686 741 740 id
763 690 847 739 est
866 682 1148 737 diabolum
1172 679 1328 734 duxit
1354 679 1654 749 captivum,
1680 684 1736 732 et
1766 676 2065 748 captivavit
2145 673 2459 739 duodecim,
2510 679 2568 728 et
2615 674 2975 744 septuaginta
3015 675 3126 729 duo
3171 675 3433 746 discipuli,
3465 678 3689 744 quosdam

467 775 626 830 illum
655 771 960 828 auferendo
982 770 1050 823 ab
1080 770 1175 823 illo
1205 773 1537 838 potestatem
1561 783 1728 837 quam
1753 764 1980 820 tenebat
2003 765 2061 818 in
2144 765 2454 830 prophetas,
2483 767 2548 816 ut
2577 761 2800 832 Agabus
2830 768 2886 817 et
2916 763 3011 818 alii
3040 763 3384 828 Antiocheni,
3413 769 3466 818 et
3487 771 3692 835 quatuor

465 865 573 918 hoc
597 861 828 926 mundo,
845 861 1004 930 juxta
1027 857 1162 911 illud
1187 874 1197 908 :
1220 857 1382 910 Nunc
1398 859 1652 922 princeps
1674 855 1842 922 huius
1862 853 2064 906 mundi
2145 849 2272 905 ﬁliae
2305 850 2567 922 Philippi,
2599 853 2740 905 alios
2768 868 2893 905 vero
2923 855 3298 920 erangclistas,
3328 858 3390 906 ut
3414 852 3513 906 fuit
3543 853 3692 907 Lucas

467 954 722 1020 ejiciatur
767 951 919 1016 foras
945 948 1130 1002 (Joan.
1163 946 1278 1013 xn).
1323 944 1430 998 Sed
1476 943 1609 1012 quid
1652 942 1782 995 fecit
1821 946 2064 1012 postmo-
2144 942 2201 991 et
2221 937 2456 998 Marcus,
2482 939 2727 993 Joannes
2747 955 2974 1010 quoque
2997 946 3051 993 et
3071 940 3488 1011 Matthaeus.qui
3511 946 3562 995 et
3589 955 3697 1011 apo-

464 1036 839 1094 dum'ITertia
855 1035 944 1090 die
962 1029 2064 1104 resurgens,donaSpiritussanctidedit
2145 1026 2275 1080 stoli
2323 1026 2572 1092 fuerunt,
2603 1031 2744 1081 alios
2780 1035 2965 1082 autem
3014 1033 3252 1096 pastores
3291 1035 3338 1082 et
3390 1030 3606 1084 doctores
3638 1031 3696 1082 ad

466 1126 753 1198 discipulis
796 1124 1109 1182 insufﬁans,
1143 1128 1201 1175 et
1241 1121 1431 1175 dicens
1466 1139 1476 1172 :
1519 1121 1754 1186 Accipite
1785 1118 2061 1185 Spiritum
2145 1119 2695 1177 consummationem,
2717 1116 2771 1169 id
2793 1123 2876 1170 est
2897 1117 2964 1169 ad
2983 1117 3372 1186 perfectionem
3393 1124 3693 1180 sanctorum,

463 1221 719 1271 sanctum
733 1217 917 1280 (Joan.
944 1215 1115 1267 xxxx).
1141 1210 1352 1264 Aliter:
1385 1207 1706 1261 Ascendens
1730 1205 1986 1259 Christus
2006 1203 2062 1258 in
2145 1210 2210 1257 ut
2236 1203 2337 1266 illi,
2369 1205 2462 1274 qui
2494 1205 2872 1274 praidestinati
2904 1212 3038 1259 sunt
3067 1206 3137 1259 ad
3174 1205 3409 1276 gloriam
3446 1213 3696 1267 aeternam,

463 1305 662 1368 altum,
695 1303 749 1356 id
781 1307 868 1356 est
897 1301 953 1353 in
984 1299 1184 1353 coelum
1221 1296 1647 1366 quadragesimo
1678 1294 1768 1347 die
1806 1309 2062 1347 resurre-
2146 1292 2367 1346 illorum
2393 1293 2790 1363 praedicatione
2811 1299 2866 1347 et
2885 1294 3153 1364 exemplis
3169 1295 3570 1364 perﬁcerentur.
3586 1295 3700 1349 Fue-

463 1392 665 1446 ctionis
710 1407 844 1453 sum,
887 1387 1163 1457 captivam
1212 1385 1374 1438 duxit
1401 1383 1804 1453 captivitatem,
1838 1381 2062 1452 quando
2147 1388 2280 1435 runt
2306 1381 2362 1435 in
2387 1381 2697 1452 primordio
2727 1382 2876 1447 ﬁdei,
2909 1383 3285 1452 evangelistze,
3316 1384 3596 1454 prophetae,
3617 1399 3701 1453 pa-

463 1486 726 1535 naturam
747 1479 1050 1532 humanam
1076 1491 1197 1545 qua?
1219 1474 1286 1526 de
1309 1471 1566 1542 paradiso
1583 1471 1765 1525 fuerat
1785 1487 1815 1523 a
1841 1469 2063 1523 diabolo
2147 1474 2327 1524 stores
2347 1487 2568 1541 quoque
2590 1475 2646 1525 et
2668 1471 2924 1525 doctores
2946 1485 2957 1520 :
2981 1479 3114 1525 sunt
3133 1477 3190 1525 et
3210 1472 3373 1526 modo
3392 1471 3447 1525 in
3473 1471 3698 1526 Ecclesia.

461 1569 763 1640 captivata,
789 1566 906 1636 ipse
933 1565 1135 1618 iterum
1163 1561 1540 1632 captivavitde
1560 1566 1835 1630 potestate
1857 1557 2064 1611 diaboli
2147 1557 2476 1628 Quicunque
2501 1558 2640 1612 bona
2669 1558 2986 1622 annuntiat,
3011 1559 3351 1629 evangelista
3375 1564 3481 1624 est;
3507 1559 3700 1629 quicun-

462 1654 840 1712 abstrahendo
895 1653 1070 1716 illam,
1117 1657 1174 1703 et
1215 1649 1285 1703 ad
1333 1648 1580 1702 caelestia
1628 1647 1959 1710 revocando,
2001 1662 2065 1698 ac
2148 1663 2256 1716 que
2283 1646 2492 1716 gaudia
2529 1647 2855 1711 electorum,
2889 1663 3194 1717 pmnasque
3235 1647 3581 1718 reproborum
3604 1647 3701 1702 suis

464 1743 821 1816 postmodum
853 1726 1069 1795 decimo
1109 1739 1200 1792 die
1225 1737 1565 1790 ascensionis
1593 1753 1707 1790 sua:
1736 1736 1889 1789 dedit
1917 1735 2120 1816 dona“
2147 1734 2495 1790 auditoribus
2515 1736 2834 1797 annuntiat,
2859 1736 3133 1806 propheta
3149 1742 3255 1790 est.
3276 1735 3360 1791 De
3376 1737 3700 1790 nominevero

460 1805 639 1888 sancti
671 1829 916 1901 Spiritus
944 1825 1254 1897 discipulis.
1289 1825 1474 1888 Quaeri
1501 1829 1688 1877 autem
1721 1826 1906 1894 potest
1933 1839 2060 1876 cum
2079 1805 2123 1863 Β
2143 1828 2432 1892 pastorum
2461 1830 2518 1877 et
2545 1824 2833 1877 doctorum
2859 1805 3236 1893 interrogatus
3255 1823 3450 1878 beatus
3475 1823 3700 1893 Augusti-

460 1920 718 1993 superius
747 1917 951 1973 dixerit
988 1914 1260 1984 singulari
1300 1929 1557 1976 numero,
1596 1913 1739 1967 Data
1768 1918 1853 1966 est
1878 1910 2063 1982 gratia
2143 1927 2250 1965 nus
2280 1927 2312 1964 a
2344 1910 2604 1978 Paulino,
2649 1911 2940 1982 respondit
2969 1929 3145 1966 unum
3194 1929 3318 1967 esse
3363 1918 3621 1984 pastorem
3657 1917 3704 1966 et

459 2008 766 2065 secundum
798 2020 1121 2060 mensuram
1153 2001 1475 2056 donationis
1504 2017 1636 2066 suae,
1680 2017 1854 2071 quare
1893 1999 2058 2053 modo
2143 1999 2451 2057 doctorem.
2482 2001 2684 2054 Pastor
2707 2001 2855 2054 enim
2886 2017 2999 2054 non
3028 2005 3213 2072 potest
3239 2018 3382 2059 esse.
3405 2001 3507 2055 nisi
3529 2000 3705 2054 habeat

458 2096 611 2152 dicat
636 2093 840 2167 plurali
869 2107 1105 2146 numero
1139 2104 1150 2138 :
1181 2089 1348 2143 Dedit
1391 2089 1538 2143 dona
1568 2087 1888 2141 [nominibus
1912 2087 1936 2140 ?
1974 2085 2058 2140 Ad
2141 2086 2450 2142 doctrinam
2476 2105 2586 2158 qua
2609 2094 2803 2160 pascat
2819 2105 3049 2159 gregem
3070 2088 3176 2142 sibi
3201 2087 3704 2153 commissum.Quia

458 2185 605 2256 quod
627 2182 947 2244 dicendum,
970 2179 1099 2248 quia
1126 2178 1257 2231 licet
1279 2176 1519 2247 Spiritus
1540 2183 1765 2230 sanctus
1788 2176 2058 2246 singulari
2142 2176 2189 2230 si
2219 2176 2464 2230 caruerit
2504 2177 2778 2241 doctrina,
2823 2176 2954 2231 licet
2997 2193 3202 2232 nomen
3234 2178 3440 2233 habeat
3478 2178 3700 2248 pastoris,

457 2287 694 2328 numero
714 2271 924 2324 donum
940 2267 1025 2321 vel
1050 2266 1280 2320 donatio
1300 2265 1634 2335 appelletur,
1653 2271 1841 2319 tamen
1865 2282 2059 2320 secun-
2142 2271 2297 2319 caret
2341 2270 2540 2319 tamen
2595 2266 2796 2320 ofﬁcio.
2841 2266 3103 2320 Pastor-es
3155 2271 3347 2321 autem
3393 2272 3450 2322 et
3486 2266 3703 2321 doctores

457 2362 592 2415 dum
611 2357 944 2430 qualitatem
961 2355 1288 2408 meritorum
1305 2351 1792 2407 tribuunturdona
1803 2354 2056 2424 ejusdem
2142 2354 2417 2415 Ecclesiae,
2444 2354 2591 2425 quod
2616 2371 2791 2409 unum
2823 2360 2926 2418 est,
2953 2361 3086 2409 sunt
3114 2355 3383 2427 episcopi,
3406 2355 3701 2427 presbyteri,

458 2447 702 2518 Spiritus
732 2443 951 2510 sancti;
1004 2441 1153 2496 unde
1183 2441 1481 2512 Apostolus
1509 2442 1564 2511 (Ι
1606 2439 1726 2495 (Jor.
1767 2451 1857 2504 xu)
1896 2459 1907 2494 :
1941 2443 2058 2495 Alii
2139 2441 2348 2512 aliique
2378 2447 2624 2498 rectores
2661 2449 2719 2497 et
2776 2443 3021 2498 ministri
3073 2443 3356 2509 Ecclesia,
3400 2443 3492 2514 qui
3537 2443 3704 2498 tandiu

455 2533 710 2606 (inquit),
746 2534 917 2586 datur
952 2545 1050 2598 per
1088 2529 1363 2597 Spiritum
1405 2544 1582 2582 sermo
1619 2529 1916 2595 sapientiai,
1951 2531 2059 2582 alii
2139 2531 2430 2585 constituti
2450 2537 2584 2584 sunt
2602 2535 2662 2585 in
2687 2547 2820 2600 opus
2841 2535 3149 2585 ministerii
3173 2538 3223 2586 et
3245 2535 3311 2586 in
3329 2533 3702 2600 zdiﬁcationcm

453 2638 632 2678 sermo
651 2623 909 2683 scientiae,
932 2624 1063 2684 etc.,
1088 2633 1266 2687 usque
1294 2617 1428 2670 dum
1452 2615 1741 2686 subjungit
1764 2635 1774 2668 :
1809 2617 1927 2670 [hac
1945 2633 2056 2670 om-
2141 2621 2384 2688 corporis
2414 2620 2638 2682 Christi,
2673 2623 2840 2674 donec
2869 2635 3232 2675 occurramus
3259 2637 3446 2676 omnes
3472 2623 3531 2674 in
3545 2623 3701 2674 virum

453 2715 554 2766 nia
571 2715 834 2780 operatur
854 2723 1002 2761 unus
1027 2711 1190 2774 atque
1213 2707 1356 2759 idem
1380 2705 1648 2773 Spiritus,
1670 2706 1920 2758 dividens
1940 2707 2056 2758 sin-
2131 2709 2455 2777 perfectum,
2503 2715 2551 2762 et
2596 2713 2660 2763 in
2691 2713 2963 2762 unitatem
2997 2710 3125 2776 ﬁdei
3169 2716 3220 2763 et
3267 2713 3566 2778 agnitionis
3598 2710 3708 2763 Filii

454 2803 604 2868 gulis
629 2803 797 2868 prout
825 2801 964 2851 vult.
2137 2796 2252 2848 Dei.
2275 2796 2405 2850 Ideo
2426 2797 2717 2851 constituti
2739 2804 2871 2852 sunt
2892 2803 3147 2868 pastores
3169 2804 3227 2852 et
3247 2798 3503 2853 doctores
3522 2804 3579 2853 ut
3603 2812 3705 2851 cor-

526 2889 678 2956 Ouod
704 2893 890 2941 autem
920 2887 1184 2948 ascendit,
1209 2884 1345 2952 quid
1367 2888 1443 2936 est
1471 2885 1585 2936 nisi
1613 2886 1745 2950 quia
1772 2887 1820 2935 ct
1845 2883 2057 2935 descen-
2139 2901 2242 2954 pus
2260 2884 2465 2939 Christi
2484 2885 2951 2958 aediﬁcent,quod
2969 2893 3057 2940 est
3075 2887 3342 2948 Ecclesia,
3359 2905 3478 2959 qua;
3493 2885 3706 2958 quotidie

455 2977 540 3031 dit
563 2979 817 3045 primum
839 2979 902 3029 in
922 2977 1217 3042 inferiores
1238 2975 1421 3040 partes
1444 2976 1636 3024 terra?
1664 2969 2057 3040 Interrogabat
2139 2973 2447 3027 zediﬁcatur
2465 2991 2530 3027 ex
2559 2991 2795 3029 numero
2824 2975 3174 3030 credentium
3205 2976 3543 3031 venientium
3571 2975 3631 3029 ad
3657 2975 3705 3027 ﬁo

456 3065 758 3136 Apostolus
778 3062 1164 3133 semetipsum,
1193 3067 1249 3114 et
1269 3059 1439 3114 dixit:
1476 3058 1618 3122 Quid
1643 3059 1895 3128 estquod
1917 3058 2051 3121 dixi,
2081 3123 2120 3141 η
2139 3060 2288 3130 dem,
2319 3067 2384 3115 ut
2430 3062 2740 3118 habeamus
2788 3063 2958 3118 vitam
2991 3070 3117 3136 post
3163 3065 3635 3125 resurrectionem,
3660 3069 3704 3117 et

456 3123 740 3208 ascendit?
762 3123 1053 3216 Quomodo
1077 3123 1262 3221 potest
1289 3148 1437 3202 Deus
1457 3123 1782 3210 ascendere,
1803 3146 1899 3217 qui
1928 3145 2056 3200 ubi-
2078 3123 2121 3180 (λ
2138 3123 2333 3204 omnes
2362 3151 2656 3221 aequaliter
2699 3152 2879 3207 Deum
2931 3123 3358 3223 cognoscamus.
3391 3153 3455 3208 In
3483 3123 3705 3224 praesenti

457 3257 567 3314 que
586 3242 712 3297 est?
736 3242 900 3296 Certe
923 3239 1063 3294 nihil
1091 3245 1177 3292 est
1205 3236 1357 3290 aliud
1380 3235 1488 3289 nisi
1513 3235 1642 3306 quia
1664 3240 1721 3288 et
1748 3235 2052 3288 descendit.
2139 3237 2413 3309 siquidem
2437 3241 2637 3295 saeculo
2660 3241 2807 3295 sicut
2827 3247 2912 3296 est
2935 3242 3227 3296 diversitas
3257 3243 3522 3309 scientiae,
3545 3241 3616 3297 ita
3639 3245 3710 3295 est

456 3331 527 3385 Et
554 3330 798 3402 primum
827 3327 1115 3382 descendit
1141 3326 1198 3379 in
1229 3324 1520 3378 inferiores
1551 3329 1740 3394 partes
1783 3328 1947 3377 terrae
1985 3322 2056 3376 ad
2139 3325 2358 3380 diversa
2395 3328 2533 3382 ﬁdes
2568 3346 2579 3379 :
2613 3330 2745 3400 quia
2774 3330 2918 3383 alius
2948 3329 3094 3400 plus,
3126 3330 3271 3386 alius
3319 3332 3502 3386 minus
3528 3331 3591 3384 de
3616 3329 3708 3384 Deo

457 3420 760 3484 infernum,
799 3433 865 3471 ac
893 3413 1093 3471 deinde
1124 3414 1181 3467 in
1211 3413 1412 3466 coelum
1451 3411 1721 3464 ascendit.
1769 3411 1914 3481 Ergo
1947 3428 2055 3465 non
2140 3414 2492 3486 intelligit,et
2513 3418 2820 3472 secundum
2843 3418 2990 3489 quod
3010 3418 3278 3488 intelligit
3294 3426 3357 3474 et
3371 3416 3640 3488 cognoscit
3654 3414 3709 3469 de

457 3507 765 3563 secundum
796 3505 1168 3567 divinitatem,
1193 3517 1316 3571 quae
1343 3499 1534 3553 omnia
1564 3499 1779 3570 implet,
1807 3499 2057 3553 ascendit
2141 3503 2430 3558 divinitate
2467 3505 2870 3576 omnipotentis
2911 3506 3032 3571 Dei,
3079 3506 3250 3561 habet
3291 3513 3355 3562 et
3393 3508 3573 3562 ﬁdem.
3602 3505 3710 3559 Post

456 3597 576 3668 ipse
605 3591 790 3666 neque
816 3591 1106 3647 descendit
1129 3607 1141 3641 :
1171 3589 1268 3643 sed
1289 3588 1595 3642 secundum
1620 3588 2053 3642 humanitatem.
2141 3593 2604 3648 resurrectionem
2629 3600 2816 3649 autem
2843 3595 2962 3666 jam
2993 3611 3106 3649 non
3128 3595 3237 3650 erit
3264 3595 3556 3651 diversitas
3583 3590 3706 3654 ﬁdei,

457 3687 523 3741 ln
547 3683 740 3739 anima
764 3681 988 3752 quidem
1011 3679 1130 3732 sola
1147 3677 1436 3732 descendit
1457 3676 1526 3729 ad
1549 3677 1850 3737 infernum,
1874 3682 1931 3730 et
1955 3678 2052 3730 itc-
2140 3681 2274 3751 quia
2328 3682 2474 3736 sicut
2531 3700 2726 3737 omnes
2779 3683 3070 3754 aequaliter
3109 3684 3290 3739 Deum
3341 3683 3613 3745 videbunt,
3647 3680 3712 3735 ita

459 3789 584 3827 rum
605 3772 662 3825 in
678 3785 909 3840 corpore
923 3775 980 3821 et
999 3767 1183 3820 anima
1207 3765 1850 3835 ascenditsuperomnes
1868 3765 2051 3818 ccelos.
2139 3771 2409 3840 aequalem
2435 3772 2600 3826 ﬁdem
2632 3772 2934 3827 habebunt,
2965 3773 3084 3828 Erit
3111 3773 3260 3828 enim
3293 3775 3438 3828 De“,
3464 3775 3637 3828 omnia
3663 3772 3709 3823 in

456 3859 780 3914 Notandum
810 3856 943 3928 quia
975 3872 1074 3927 per
1119 3855 1223 3909 hoc
1265 3855 1414 3926 quod
1445 3853 1582 3908 dicit
1613 3871 1622 3905 :
1659 3853 1957 3908 Descendit
1985 3853 2054 3907 ad
2139 3861 2687 3928 omnibus(00r.xvl.
2707 3863 2774 3916 In
2788 3864 2973 3915 virum
2995 3863 3322 3930 perfectum,
3350 3866 3412 3916 in
3426 3875 3708 3917 mensuram

453 3947 746 4003 inferiores
768 3951 956 4018 partes
977 3951 1164 4012 terra),
1186 3943 1432 3998 ostendit
1458 3942 1739 3997 infernum
1767 3942 1912 3995 infra
1940 3947 2059 3996 ter-
2139 3950 2316 4002 etatis
2334 3950 2704 4016 plenitudinis
2727 3950 2955 4004 Christi.
2981 3951 3058 4004 Ex
3083 3951 3470 4021 superioribus
3491 3950 3591 4004 ista
3606 3962 3712 4019 pen-

457 4053 579 4092 ram
613 4053 770 4092 esse:
803 4035 950 4090 unde
989 4033 1197 4088 dicitur
1225 4032 1498 4098 infernus,
1532 4032 1681 4103 quod
1711 4031 1783 4085 sit
1828 4029 2060 4085 inferior
2141 4035 2276 4089 dent
2313 4033 2681 4107 Ipse(inquit)
2700 4037 2854 4092 dedit
2869 4044 3120 4109 pastores
3137 4039 3234 4109 qui
3253 4039 3713 4108 aediﬁcentcorpns

455 4132 630 4192 terra,
657 4125 743 4179 vel
769 4124 914 4178 infra
943 4129 1172 4177 terram.
2141 4123 2314 4188 illius,
2335 4125 2513 4180 donec
2532 4142 2893 4180 occurramus
2914 4142 3110 4181 omnes
3131 4132 3260 4198 post
3277 4126 3712 4182 resurrectionem

532 4214 639 4280 Qui
656 4214 946 4276 descendit,
969 4209 1237 4264 subaudis
1258 4209 1328 4262 ad
1351 4208 1644 4262 inferiores
1663 4213 1852 4278 partes
1872 4211 2055 4273 terrae,
2140 4213 2458 4279 generalem
2492 4213 2548 4267 in
2578 4213 2757 4268 virum
2789 4214 3118 4283 perfectum.
3163 4214 3410 4279 Quidam
3441 4214 3541 4268 hoc
3573 4209 3714 4266 modo

461 4306 578 4371 ipse
589 4306 664 4354 est
678 4305 726 4353 et
739 4303 837 4368 qui
847 4300 1460 4365 ascenditsuperomnes
1473 4297 1677 4350 calosid
1693 4297 2054 4361 estChristus,
2142 4300 2278 4353 illud
2307 4300 2647 4372 intelligunt,
2673 4303 2820 4372 quod
2848 4303 2903 4357 in
2925 4302 3178 4372 generali
3198 4303 3603 4358 resurrectione
3619 4313 3715 4353 om-

458 4394 520 4442 ut
537 4389 861 4456 adimpleret
877 4389 1087 4442 omnia.
1107 4385 1160 4438 id
1179 4391 1266 4439 est
1285 4385 1513 4439 oracula
1535 4385 1674 4455 legis
1688 4391 1745 4438 et
1767 4385 2060 4456 pr0pheta-
2141 4405 2242 4442 nes
2257 4387 2314 4442 in
2338 4389 2533 4444 eadem
2555 4397 2719 4445 zetate
2741 4399 3058 4462 resurgent,
3072 4392 3130 4446 in
3152 4408 3264 4462 qua
3284 4390 3542 4446 Christus
3561 4402 3715 4444 resur-

456 4493 584 4532 rum
601 4493 722 4546 quae
742 4475 812 4530 de
831 4492 891 4530 se
914 4481 1077 4529 erant
1095 4475 1333 4545 scripta;
1375 4474 1458 4527 vel
1481 4473 1688 4535 omnia,
1706 4474 1762 4528 id
1784 4480 1870 4529 est
1883 4491 2054 4544 quas-
2076 4465 2125 4523 D
2142 4478 2303 4543 rexit,
2318 4480 2706 4550 cujuscunque
2723 4480 2892 4534 etiam
2923 4480 3105 4535 etatis
3125 4481 3357 4535 fuerint.
3372 4487 3428 4536 et
3444 4481 3499 4535 in
3518 4477 3714 4534 nomine

457 4566 588 4621 dam
619 4564 1088 4636 dispensationes,
1110 4580 1250 4634 quas
1279 4562 1399 4632 ipse
1421 4580 1546 4618 cum
1578 4564 1744 4617 Patre
1765 4563 2056 4634 disposue-
2140 4566 2383 4620 virorum
2405 4568 2964 4638 comprehenduntur
2983 4574 3040 4623 et
3055 4568 3345 4623 mulieres.
3363 4569 3520 4633 Quod
3535 4563 3713 4621 dicitin

465 382 571 438 719
947 376 1326 430 IIAYMONIS
1360 375 1842 430 ilALBERSTAT.
1879 374 2053 428 EPlSl

2141 372 2299 426 OPP.
2335 373 2518 427 PARS
2544 372 2567 426 Ι
2598 401 2664 413 --
2695 371 3069 428 ΟΟΜΜΕΝΤ.
3103 372 3280 428 BIBL.

455 4660 566 4719 rat,
590 4660 649 4709 et
675 4671 816 4725 quas
837 4653 958 4724 ipse
990 4652 1142 4707 solus
1161 4669 1288 4706 cum
1316 4652 1411 4706 illo
1433 4652 1642 4706 sciebat
1680 4651 1780 4706 Vel
1802 4651 1970 4705 etiam
1992 4655 2056 4705 ut

453 4744 720 4815 impleret
746 4743 938 4797 omnia
965 4741 1210 4795 caelestia
1239 4747 1296 4795 et
1313 4741 1606 4795 terrestria
1628 4741 1698 4794 de
1728 4757 1830 4794 sua
1860 4740 2054 4811 cogni-

453 4833 608 4887 tione
629 4837 686 4886 et
716 4831 1054 4885 revelatione
1081 4829 1389 4884 divinitatis
1410 4846 1542 4894 suae,
1571 4847 1694 4900 quae
1715 4829 1903 4883 omnia
1925 4836 2056 4884 ante

453 4921 606 4976 illius
633 4921 934 4976 adventum
991 4919 1153 4990 quasi
1181 4935 1356 4972 vacua
1384 4924 1547 4972 erant
1575 4919 1645 4972 ad
1679 4919 2055 4989 comparatio-

451 5027 580 5066 nem
630 5011 808 5074 illam,
859 5026 1029 5081 quam
1071 5008 1426 5080 postmodum
1477 5007 1546 5061 de
1597 5008 1719 5077 ejus
1763 5007 2054 5063 divinitate

449 5104 848 5170 cognoverunt.
868 5097 1126 5152 leestia
1150 5097 1380 5167 impleta
1400 5102 1550 5157 sunt,
1577 5095 1710 5166 quia
1727 5102 1890 5150 erant
1909 5113 2056 5168 quae-

448 5187 579 5242 dam
609 5187 872 5256 angelicae
903 5189 1231 5255 potestates.
1265 5201 1388 5255 quae
1428 5184 1698 5254 mysteria
1746 5184 2054 5241 nativitatis

452 5273 682 5338 Christi,
726 5273 1002 5344 passionis
1033 5279 1091 5326 et
1118 5273 1563 5339 resurrectionis,
1599 5273 2053 5346 ascensionisque

447 5363 519 5417 ad
555 5361 741 5423 caelos,
777 5361 848 5414 ad
876 5361 1150 5430 liquidum
1185 5378 1297 5416 non
1329 5367 1730 5433 cognoverunt,
1762 5379 2054 5435 quousque

444 5435 680 5522 impleta
706 5455 858 5505 sunt.
899 5449 1057 5503 Unde
1087 5449 1419 5504 admirando
1449 5450 1660 5506 dicitur
1695 5450 1755 5505 in
1785 5452 2000 5523 psalmo
2032 5471 2047 5508 :

2136 4654 2317 4708 virum
2349 4655 2677 4725 perfectum.
2709 4656 2840 4711 licet
2869 4663 3065 4710 contra
3092 4656 3261 4710 ﬁdem
3295 4672 3411 4711 non
3434 4655 3524 4723 sit,
3553 4659 3716 4709 tamen

2135 4743 2241 4797 hoc
2271 4744 2470 4798 melius
2498 4751 2583 4799 est
2612 4751 2675 4798 ut
2703 4745 2868 4799 aliter
2893 4745 3299 4816 intelligamus.
3331 4745 3528 4799 Virum
3557 4739 3713 4814 perfe-

2138 4837 2290 4886 ctum
2311 4833 2558 4904 appellat
2574 4834 2860 4889 Christum
2884 4851 3010 4888 cum
3029 4834 3183 4889 omni
3197 4850 3431 4906 corpore
3453 4849 3570 4897 suo,
3589 4826 3715 4901 quod

2137 4937 2246 4976 non
2271 4923 2380 4976 erit
2399 4923 2706 4993 perfectum
2723 4939 3014 4994 quousque
3036 4939 3232 4978 omnes
3253 4919 3717 4990 electicomplean-

2136 5013 2248 5063 tur.
2264 5009 2396 5063 Com
2405 5010 2552 5080 pleto
2569 5015 2759 5064 autem
2782 5026 3018 5064 numero
3039 5010 3365 5071 electorum,
3383 5019 3715 5063 occurremus

2136 5098 2396 5152 omnesin
2421 5097 2597 5152 virum
2620 5099 2952 5169 perfectum,
2968 5097 3025 5154 id
3048 5104 3135 5153 est
3154 5113 3348 5152 omnes
3372 5095 3533 5152 electi
3552 5104 3719 5149 occur-

2135 5190 2263 5240 rent
2283 5185 2455 5255 capiti
2484 5202 2585 5240 suo
2609 5184 2852 5250 Christo,
2880 5191 2946 5240 ut
2967 5186 3084 5255 jam
3111 5184 3471 5256 postmodum
3500 5196 3635 5236 unus
3653 5174 3716 5230 sit

2133 5273 2236 5339 vir,
2262 5273 2520 5328 Christus
2549 5280 2607 5328 et
2635 5274 2900 5339 Ecclesia,
2932 5273 3212 5344 perfectus
3239 5278 3298 5326 et
3325 5272 3566 5341 integer.
3587 5268 3648 5322 Et
3667 5265 3714 5318 in

2137 5377 2459 5416 mensuram
2491 5362 2674 5417 artatis
2703 5361 3069 5434 plenitudinis
3099 5361 3327 5416 Christi.
3362 5359 3540 5416 Sicuti
3567 5357 3715 5410 homo

2135 5468 2236 5523 per
2262 5457 2456 5507 aetates
2485 5451 2736 5522 singulas
2765 5451 2982 5512 crescit,
3015 5451 3192 5505 donec
3219 5449 3499 5522 perfectus
3526 5445 3598 5500 sit
3624 5441 3713 5506 vir.

445 5541 576 5608 Quis
602 5544 679 5595 est
705 5543 804 5594 iste
829 5554 927 5592 rex
940 5541 1129 5606 gloria:
1147 5544 1170 5592 .7
1186 5539 1502 5594 Terrestria
1527 5557 1749 5613 quoque
1769 5541 2042 5613 implevit,
2129 5541 2211 5597 sic
2238 5541 2490 5614 quotidie
2515 5540 2714 5596 crescit
2741 5540 2936 5612 utique
2960 5539 3032 5595 ad
3057 5539 3205 5616 diem
3229 5537 3428 5611 judicii
3449 5534 3705 5592 ChristuS.

443 5631 576 5701 quia
611 5629 670 5685 in
724 5625 1051 5684 hominibus
1110 5627 1208 5699 qui
1256 5628 1436 5683 Deum
1465 5627 1822 5699 ignorabant,
1879 5646 2040 5686 suam
2128 5646 2239 5685 non
2259 5630 2319 5686 in
2340 5647 2421 5699 se,
2446 5629 2620 5686 sedin
2641 5629 2820 5697 nobis,
2846 5629 2942 5702 qui
2965 5645 3160 5686 sumus
3179 5644 3380 5701 corpus
3405 5625 3546 5698 ejus.
3567 5623 3712 5678 Com-
