3852 6154
259 217 336 273 721

872 214 1252 274 EXPOSITIO
1284 221 1361 276 IN
1394 220 1552 276 EPP.
1588 227 1646 278 S.
1684 224 1915 278 PAULI.
1953 254 2020 268 —
2051 226 2128 279 IN
2162 227 2381 282 EPIST.
2419 229 2514 282 AD
2549 230 2795 289 EPHES.

3371 235 3474 294 722

247 342 376 420 pleta
399 345 572 396 autem
598 354 864 395 mensura
889 342 1090 407 aetatis,
1108 343 1166 399 id
1189 349 1274 399 est
1304 345 1626 416 perfecto'et
1649 348 1861 408 inte-A
1877 363 2054 404 novus
2085 351 2251 404 homo
2271 355 2330 404 et
2355 353 2662 408 secundum
2695 354 2873 410 Deum
2896 362 3136 411 creatus.
3162 359 3476 432 Conceptus

247 451 333 508 gro
357 445 569 488 numero
591 428 895 484 electorum
919 447 983 484 ex
1007 432 1208 502 quibus
1237 434 1530 504 plenitudo
1547 437 1798 509 corporis

244 524 495 596 impletur,
523 519 870 577 obviabimus
907 525 959 578 ei

307 609 557 682 Utjam,id
573 615 660 665 est
677 616 805 683 post
830 614 1297 669 resurrectionem
1323 616 1381 670 in
1404 632 1517 687 qua
1534 617 1791 674 Christus

244 703 336 758 erit
359 699 636 772 perfectus,
687 716 799 754 non
827 704 1022 767 simus,
1055 702 1324 759 subaudis
1351 721 1540 769 sensu,
1565 711 1797 775 parvuli

241 793 553 860 ﬂuctuantes,
575 787 686 843 huc
707 788 948 860 illucque
978 799 1265 862 vagantes,
1292 809 1440 849 nunc
1455 795 1523 849 ad
1545 795 1681 850 illud
1716 794 1795 848 vi-

242 880 522 943 tium,nunc
540 877 611 931 ad
625 876 776 932 istud
800 879 1139 944 cadentes,et
1151 885 1624 950 circumferamur
1641 889 1798 939 omni

239 973 370 1023 vento
390 967 660 1020 doctrina.
695 965 981 1030 Quantum
1008 969 1079 1023 ad
1109 977 1441 1042 praesentem
1461 972 1793 1044 sapientiam

239 1055 469 1128 pertinet,
497 1053 694 1109 beatus
723 1057 1009 1127 apostolus
1037 1075 1147 1113 non
1169 1065 1291 1113 erat
1309 1060 1574 1130 parvulus
1602 1077 1792 1128 sensu,

238 1145 348 1216 quia
385 1143 684 1215 sapientior
728 1152 851 1200 erat
877 1147 1094 1202 cunctis
1128 1149 1485 1215 mortalibus;
1522 1157 1794 1220 quantum

238 1248 346 1288 vero
371 1233 435 1287 ad
464 1231 614 1287 illam
637 1234 1031 1304 perfectionem
1063 1236 1267 1291 attinet
1295 1238 1602 1310 sapientiae,
1625 1257 1793 1310 quam

232 1321 449 1377 habituri
477 1328 610 1376 sunt
646 1324 823 1376 sancti
857 1330 982 1395 post
1011 1327 1494 1390 resurrectionem,
1531 1329 1796 1399 parvulus

232 1416 334 1464 erat
349 1427 506 1464 sensu
537 1417 598 1465 et
625 1411 916 1467 intellectu
945 1413 1323 1486 imperfectus.
1359 1416 1519 1480 Quod
1555 1433 1683 1470 vero
1705 1417 1793 1471 di-

203 1499 309 1572 _cit,
358 1500 529 1567 Neque
585 1502 1059 1568 circumferamur
1099 1507 1256 1557 omni
1298 1510 1453 1558 vento
1508 1506 1786 1570 doctrina,

227 1593 426 1641 ventum
443 1587 706 1643 doctrinae
725 1591 971 1660 appellat
1000 1591 1350 1646 dialecticam
1377 1599 1433 1647 et
1457 1594 1791 1664 sapientiam

1881 442 1968 490 est
2010 437 2069 491 in
2118 444 2279 494 utero
2307 441 2566 511 virginali
2598 459 2766 514 opere
2803 445 3046 515 Spiritus
3075 447 3274 511 sancti,
3301 465 3367 502 ex
3393 465 3478 503 se-

1877 526 2032 580 mine
2066 528 2342 594 mulieris,
2374 530 2496 585 sine
2531 532 2747 586 semine
2776 533 2879 587 viri
2927 551 2938 586 :
2988 534 3090 590 hoc
3115 551 3319 590 novum
3347 537 3473 602 fuit,

1879 614 2155 670 miracula
2209 616 2341 672 fecit
2371 635 2497 689 quae
2546 635 2711 674 nemo
2754 621 2900 676 alius
2937 622 3090 691 fecit,
3117 629 3476 679 conversatus

1877 709 1966 758 est
1993 703 2115 758 sine
2151 711 2380 776 peccato
2428 707 2487 761 in
2531 707 2636 763 hoc
2673 710 2904 775 mundo,
2933 717 3019 764 est
3051 728 3211 767 verus
3238 713 3387 768 Deus
3417 718 3476 767 et
3578 768 3586 775 ,

1879 808 2042 847 verus
2071 793 2259 860 homo,
2288 797 2595 850 resurrexit
2645 813 2680 850 a
2736 799 2992 864 mortuis,
3026 805 3084 854 et
3124 800 3242 854 haec
3285 802 3477 856 omnia

1879 898 2021 936 nova
2049 883 2280 938 fuerunt
2321 891 2378 938 et
2414 892 2565 940 sunt.
2607 887 2924 942 Secundum
2955 889 3136 944 Deum
3163 897 3388 946 creatus
3415 892 3475 946 in

1872 969 2110 1040 justitia,
2147 971 2279 1042 quia
2302 974 2492 1042 justus
2517 980 2603 1028 est
2635 990 2645 1023 :
2675 983 2732 1029 et
2758 975 2817 1030 in
2859 977 3157 1032 sanctitate
3199 979 3470 1045 veritatis,

1879 1059 2014 1129 quia
2036 1059 2224 1128 justus
2245 1067 2300 1114 et
2325 1078 2490 1116 verus
2518 1069 2606 1117 est
2635 1079 2645 1119 :
2677 1069 2734 1117 et
2762 1080 2873 1118 non
2898 1065 3081 1119 solum
3106 1067 3316 1136 justus,
3347 1084 3474 1122 san-

1879 1152 2002 1201 ctus
2049 1154 2106 1201 et
2154 1165 2314 1203 verus
2349 1156 2453 1214 est,
2485 1151 2583 1204 sed
2637 1151 2869 1222 insuper
2913 1153 3032 1224 ipsa
3067 1155 3310 1224 justitia,
3349 1156 3472 1228 ipsa

1879 1235 2082 1290 veritas
2104 1244 2158 1290 et
2187 1238 2472 1293 sanctitas.
2509 1240 2667 1304 Quod
2689 1256 2824 1310 ergo
2851 1241 3006 1306 dicit,
3028 1243 3250 1298 lnduite
3263 1261 3470 1299 novum

1878 1323 2184 1386 hominem,
2219 1327 2331 1379 tale
2356 1332 2442 1381 est
2469 1344 2533 1380 ac
2557 1328 2602 1380 si
2632 1328 2845 1382 diceret
2876 1348 2888 1382 :
2916 1330 3138 1384 lnduite
3166 1332 3470 1387 Dominum

1875 1412 2065 1466 Jesum
2100 1414 2406 1474 Christum,
2447 1415 2502 1468 id
2547 1421 2634 1469 est
2677 1418 3163 1472 conversationem
3211 1420 3340 1474 novi
3367 1421 3474 1475 ho-

1875 1500 2042 1554 minis
2067 1508 2124 1554 et
2150 1518 2344 1556 omnes
2368 1503 2624 1566 virtutes.
2655 1505 2787 1574 quia
2815 1505 3129 1576 intelligitis
3159 1507 3218 1562 in
3249 1509 3472 1563 Christo

1877 1605 2018 1652 esse,
2053 1590 2372 1661 quicunque
2402 1591 2554 1645 enim
2585 1593 2824 1648 assumit
2856 1594 3160 1664 justitiam,
3201 1596 3474 1651 sanctita-

225 1675 561 1740 mundanam,
587 1693 708 1747 quze
734 1677 945 1732 nullius
975 1679 1234 1733 utilitatis
1261 1686 1406 1736 est.a
1429 1698 1538 1752 qua
1560 1681 1790 1737 circum.
1810 1665 1856 1724 Β
1876 1683 2011 1743 tem,
2047 1679 2361 1741 veritatem,
2411 1681 2768 1750 sapientiam,
2801 1682 3159 1747 charitatem,
3191 1691 3248 1739 et
3275 1701 3470 1739 omnes

224 1763 430 1818 ferimur
446 1769 498 1818 et
521 1764 832 1834 pulsamur,
859 1766 992 1836 quia
1008 1767 1337 1839 plerumque
1349 1769 1671 1824 seducimur
1690 1788 1792 1841 per

221 1853 372 1913 illam.
401 1858 664 1924 putantes
693 1869 762 1908 ea
782 1871 904 1908 esse
936 1872 1065 1908 vera
1089 1873 1211 1927 quae
1242 1865 1376 1911 sunt
1403 1857 1561 1912 falsa.
1597 1860 1667 1914 Et
1696 1855 1788 1914 isti

221 1941 705 2012 Ephesiidialectici
721 1950 1012 2014 erant,per
1030 1961 1198 2015 quam
1221 1945 1558 2001 seducebant
1579 1948 1682 2001 sim
1691 1949 1790 2019 pli-

221 2047 313 2095 ces,
342 2031 603 2086 facientes
645 2049 713 2086 ea
741 2039 940 2103 putare
970 2051 1098 2088 vera
1127 2051 1251 2105 quae
1291 2042 1454 2090 erant
1495 2038 1636 2091 falsa
1671 2039 1788 2093 suis

219 2119 580 2176 ﬁctionibuset
601 2122 1009 2177 astutiis.Unde
1030 2129 1088 2177 et
1108 2124 1366 2194 sequitur
1391 2143 1401 2178 :
1427 2127 1493 2180 In
1515 2130 1784 2195 nequitia,

219 2208 264 2261 id
284 2214 360 2262 est
377 2209 432 2262 in
457 2209 999 2274 malitia,hominum
1019 2217 1066 2265 et
1085 2217 1293 2266 astutia
1310 2213 1533 2267 illorum
1557 2213 1790 2269 circum-

214 2297 446 2352 venimur
471 2299 546 2352 ad
574 2302 1102 2353 circumventionem
1134 2304 1363 2354 erroris.
1417 2302 1562 2356 Dicit
1591 2302 1788 2358 beatus

217 2384 565 2458 Hieronymus
608 2401 621 2437 :
677 2388 820 2452 Quid
853 2389 1081 2460 prodest
1105 2389 1319 2459 jugiter
1345 2389 1648 2446 dialecticae
1673 2393 1784 2446 arti

213 2473 464 2537 insistere,
496 2481 555 2530 et
609 2477 852 2548 syllabas
896 2477 1208 2532 iamborum
1257 2495 1592 2550 componere
1622 2480 1678 2534 in
1705 2481 1788 2534 di-

211 2577 352 2615 versa
372 2564 644 2629 carmina,
668 2564 761 2619 ubi
785 2566 940 2620 nulla
959 2567 1162 2620 veritas
1183 2573 1289 2629 est,
1320 2568 1420 2621 sed
1452 2568 1703 2623 seductio
1732 2577 1790 2625 et

209 2664 347 2703 error
366 2651 704 2706 hominum?
736 2653 792 2707 In
823 2654 1084 2724 praesenti
1117 2655 1343 2724 quidem
1375 2657 1576 2711 saeculo
1603 2663 1786 2728 potest

206 2737 324 2791 illud
353 2755 490 2805 esse,
521 2741 629 2795 sed
659 2747 787 2812 post
816 2743 1282 2797 resurrectionem
1304 2744 1564 2800 cessabit.

264 2827 623 2883 Renovamini
634 2833 840 2898 spiritu
857 2834 1055 2885 mentis
1067 2838 1328 2899 vestrz,et
1349 2835 1567 2887 induite
1580 2851 1781 2890 novum

1875 1766 2110 1820 virtutes
2139 1783 2280 1838 quas
2318 1768 2372 1821 in
2427 1768 2647 1822 Christo
2693 1771 2978 1839 cognoscit
3007 1788 3147 1837 esse,
3180 1773 3468 1828 Christum

1871 1854 2067 1924 utique
2097 1855 2299 1912 induit.

1941 1944 2168 2011 Propter
2193 1946 2339 2012 quod
2367 1947 2682 2013 deponentes
2702 1961 2861 2000 omne
2889 1948 3263 2009 mendacium,
3289 1950 3468 2018 loqui-

1871 2033 2019 2084 mini
2037 2035 2323 2085 veritatem
2349 2037 2728 2102 unusquisque
2754 2050 2883 2087 cum
2901 2038 3156 2103 proximo
3180 2053 3300 2099 suo,
3331 2037 3467 2108 quia

1872 2135 2037 2173 omne
2060 2120 2412 2175 mendacium
2457 2137 2492 2174 a
2519 2121 2739 2175 diabolo
2767 2129 2871 2184 est,
2905 2123 3003 2193 qui
3031 2129 3117 2177 est
3145 2125 3384 2179 mendax
3413 2133 3472 2181 et

1871 2213 2034 2278 pater
2054 2209 2690 2279 mendacii.Quicunque
2709 2210 2806 2263 lilii
2833 2211 3085 2265 veritatis
3104 2212 3472 2276 sunt,debent

1871 2296 2152 2367 deponere
2183 2303 2242 2350 et
2267 2297 2506 2367 abjicere
2520 2313 2684 2351 omne
2702 2299 3081 2359 mendacium.
3111 2301 3470 2359 dolositatem

1869 2390 1928 2437 et
1959 2385 2371 2456 duplicitatem,
2401 2393 2460 2440 et
2507 2385 2658 2456 loqui
2689 2387 2984 2442 veritatem
3014 2388 3085 2443 de
3108 2389 3299 2445 animo
3329 2408 3472 2463 puro

1869 2489 1996 2526 cum
2031 2474 2184 2528 omni
2209 2475 2458 2538 homine,
2499 2491 2610 2528 non
2650 2475 2832 2529 solum
2881 2476 3224 2543 Christiano,
3274 2497 3470 2536 verum

1874 2561 2044 2614 etiam
2080 2578 2302 2632 pagano
2318 2569 2373 2616 et
2387 2562 2647 2616 haeretica
2669 2581 2680 2616 :
2707 2564 2839 2634 quia
2856 2581 3053 2618 omnes
3080 2573 3216 2621 sunt
3233 2570 3474 2638 proximi

1869 2651 2066 2704 nostri.
2102 2652 2169 2704 Et
2189 2667 2362 2721 quare
2390 2650 2660 2706 debemus
2690 2652 2842 2722 loqui
2869 2653 3164 2708 veritatem
3184 2672 3313 2710 cum
3346 2673 3472 2727 pro-

1866 2738 2060 2792 ximo?
2118 2740 2390 2806 Quoniam
2441 2756 2634 2793 sumus
2678 2744 2912 2795 invicem
2937 2745 3201 2798 membra.
3249 2745 3348 2798 Est
3373 2761 3470 2800 au-

1863 2832 1978 2880 tem
2011 2827 2268 2882 Christus
2297 2833 2484 2899 caput,
2535 2828 2788 2884 membra
2827 2829 2979 2884 illius
3011 2836 3148 2886 sunt
3175 2831 3358 2887 electi.
3389 2833 3462 2888 Et

204 2913 594 2984 hominem,qui
611 2920 911 2972 secundum
933 2920 1105 2972 Deum
1129 2925 1346 2974 creatus
1365 2925 1439 2973 est
1473 2925 1533 2974 in
1551 2925 1780 2990 justitia
1802 2981 1838 2990 η
1867 2915 2014 2970 sicut
2033 2916 2286 2970 membra
2313 2918 2564 2988 corporis
2591 2918 2768 2972 nostri
2797 2925 2929 2972 sunt
2961 2919 3066 2974 sibi
3095 2921 3334 2975 invicem
3359 2937 3465 2976 ne-

201 3005 244 3056 et
266 2981 548 3060 sanctitate
582 3009 852 3060 veritatis.
893 3007 1022 3061 Haec
1050 3007 1218 3062 verba
1245 3008 1499 3079 Apostoli
1529 2981 1593 3062 ex
1617 3026 1780 3081 supe-

1876 3003 2128 3068 :essaria,
2161 3009 2219 3058 et
2255 3003 2360 3058 sibi
2406 3005 2644 3059 invicem
2693 3005 3040 3070 ministrant,
3087 3006 3170 3062 ita
3213 3007 3469 3062 membra

204 3091 422 3147 rioribus
450 3094 726 3165 pendent.
750 3095 893 3149 Nam
921 3095 1170 3166 loquitur
1190 3096 1261 3150 ad
1285 3097 1575 3167 Ephesios.
1624 3099 1783 3166 Depo-

205 3183 301 3234 nite
327 3197 431 3251 vos,
468 3183 756 3255 inquiens,
778 3185 1079 3237 secundum
1096 3187 1401 3251 pristinam
1421 3189 1784 3240 conversatio-

205 3282 311 3324 nem
338 3277 567 3326 voterem
610 3272 910 3337 hominem,
943 3275 1044 3339 qui
1070 3275 1457 3340 corrumpitur
1480 3275 1781 3329 secundum

201 3359 448 3414 desideria
467 3363 704 3423 erroris,
734 3375 798 3414 ac
826 3360 1027 3415 deinde
1050 3359 1275 3414 subdit:
1302 3361 1668 3416 Renovamini
1690 3379 1786 3418 au-

201 3450 300 3501 tem
351 3449 554 3520 spiritu
610 3449 818 3503 mentis
878 3454 1094 3503 vestrae.
1142 3449 1388 3503 Pristina
1435 3453 1782 3506 conversatio

198 3543 468 3606 peccatum
494 3544 603 3604 est,
637 3544 694 3592 et
723 3538 781 3592 in
810 3537 1050 3608 peccatis
1085 3553 1312 3592 manere
1349 3556 1360 3590 :
1394 3543 1553 3593 vetus
1589 3547 1780 3594 autem

197 3623 346 3679 homo
367 3625 726 3681 conversatio
761 3625 964 3680 veteris
994 3625 1236 3680 hominis
1262 3626 1414 3681 Adae.
1449 3627 1780 3699 Quicunque

199 3713 328 3766 enim
358 3714 413 3768 in
444 3720 682 3786 peccato
719 3719 909 3769 manet
940 3714 1417 3768 conversationem
1446 3716 1650 3770 veteris
1677 3717 1776 3770 ho-

194 3800 343 3856 minis
367 3803 557 3858 habet.
591 3803 702 3868 Qui
726 3803 913 3868 homo,
948 3802 1004 3856 id
1034 3808 1122 3856 est
1147 3803 1495 3858 conversatio
1522 3803 1638 3868 illa,
1661 3821 1779 3859 cor-

198 3891 464 3962 rumpitur
475 3892 888 3963 etdepravatur
898 3890 1205 3946 secundum
1218 3892 1500 3946 desideria
1519 3908 1776 3948 errorum

192 3985 242 4033 et
253 3980 907 4036 vitiorum.Renovamini
931 3979 1106 4050 igitur
1123 3979 1324 4051 spiritu
1339 3981 1542 4035 mentis
1564 3987 1778 4036 vestrae.

194 4067 449 4138 Spiritum
497 4074 560 4124 et
597 4074 867 4129 mentem,
897 4085 998 4140 pro
1046 4085 1159 4123 uno
1194 4069 1462 4124 debemus
1504 4070 1779 4140 accipere.

191 4158 485 4213 secundum
532 4159 768 4214 beatum
810 4157 1210 4227 Augustinum,
1245 4157 1300 4212 id
1341 4170 1428 4212 est
1463 4175 1564 4229 pro
1597 4158 1780 4212 ratio-

189 4244 468 4300 nabilitate
499 4247 733 4301 mentis.
766 4247 902 4302 Duae
926 4251 1060 4300 sunt
1107 4252 1296 4300 autem
1347 4247 1775 4303 renovationes:

191 4345 290 4386 una
317 4333 642 4397 subitanea,
675 4350 799 4404 quae
825 4334 890 4387 ﬁt
915 4333 973 4388 in
1001 4333 1354 4404 baptismate,
1388 4335 1445 4388 in
1474 4352 1586 4405 qua
1613 4353 1779 4391 reno-

191 4435 368 4476 vamur
391 4422 465 4477 ab
490 4421 759 4477 omnibus
795 4422 1037 4492 peccatis
1065 4421 1434 4492 originalibus
1473 4430 1527 4478 et
1552 4425 1782 4479 actuali-

189 4507 516 4576 bus.Altera,
548 4529 677 4583 quae
697 4511 759 4565 ﬁt
778 4528 879 4582 per
895 4511 1138 4581 spatium
1160 4511 1515 4580 temporis,et
1534 4529 1635 4584 per
1647 4514 1780 4568 assi-

186 4596 447 4654 duitatem
465 4599 816 4659 lectionis,et
828 4615 929 4669 per
946 4599 1327 4670 operationem
1350 4600 1624 4655 bonorum
1655 4617 1784 4672 ope-

187 4689 395 4753 rum,de
407 4705 524 4760 qua
547 4689 642 4742 hic
653 4687 1029 4743 dicitur.Dum
1044 4688 1190 4740 enim
1204 4689 1426 4742 animus
1444 4707 1509 4743 ea
1531 4689 1783 4760 quotidie

186 4789 275 4843 per
300 4778 558 4848 studium
590 4775 852 4830 lectionis
899 4775 968 4830 de
1011 4775 1126 4830 Deo
1164 4777 1430 4847 intelligit
1461 4795 1584 4848 quae
1615 4783 1785 4832 antea

185 4861 492 4934 ignorabat,
523 4870 587 4920 et
607 4865 742 4919 dum
773 4863 995 4936 proiicit
1011 4864 1258 4934 quotidie
1282 4865 1351 4919 de
1374 4867 1579 4920 virtute
1600 4866 1658 4920 in
1679 4866 1784 4920 vir-

183 4957 372 5019 tutem,
403 4954 668 5026 quotidie
702 4954 1038 5013 innovatur;
1072 4953 1184 5007 tale
1213 4961 1300 5008 est
1316 4971 1450 5024 ergo
1471 4971 1536 5008 ac
1560 4955 1606 5008 si
1631 4955 1784 5009 dice-

187 5046 267 5094 ret
296 5061 308 5095 :
332 5043 479 5097 Estis
508 5041 767 5098 renovati
796 5041 854 5096 in
885 5041 1244 5113 baptismate,
1275 5043 1622 5096 renovamini
1651 5060 1784 5114 quo-

186 5128 311 5184 tidie
346 5149 448 5204 per
474 5130 733 5186 studium
781 5130 1056 5195 lectionis,
1080 5147 1146 5184 ea
1172 5130 1243 5184 de
1273 5131 1388 5185 Deo
1420 5131 1786 5201 intelligendo

190 5231 301 5286 qua
329 5226 463 5274 ante
494 5237 595 5274 vos
627 5219 898 5280 latebant,
943 5225 997 5272 et
1039 5219 1339 5273 crescendo
1377 5219 1447 5273 de
1493 5220 1700 5275 virtute
1729 5220 1786 5274 in

187 5306 462 5362 virtutem.
498 5309 573 5363 Et
602 5307 818 5361 induite
848 5323 1053 5361 novum
1084 5307 1368 5361 hominem
1402 5322 1414 5356 :
1442 5324 1646 5362 novum
1681 5307 1782 5361 ho-

189 5393 388 5450 minem
415 5397 728 5469 appellavit
756 5396 883 5450 novi
909 5395 1153 5450 hominis
1183 5397 1666 5451 conversationem
1699 5396 1784 5450 vel

189 5481 364 5554 ipsum
380 5485 692 5541 Dominum
710 5483 1240 5541 Jesum.Videamus
1261 5485 1541 5558 quomodo
1569 5485 1647 5539 sit
1667 5484 1786 5556 ipse

1867 3091 2075 3146 Christi
2123 3091 2327 3146 debent
2381 3091 2484 3146 sibi
2532 3093 2766 3148 invicem
2819 3094 3143 3150 ministrare
3179 3111 3304 3166 quae
3328 3101 3465 3152 sunt

1866 3181 2215 3248 necessaria;
2269 3180 2423 3234 verbi
2477 3181 2663 3252 gratia
2724 3198 2734 3230 :
2787 3183 3094 3238 necessarii
3139 3190 3274 3240 sunt
3317 3184 3465 3240 oculi

1869 3269 2060 3322 manui
2091 3285 2156 3322 ac
2185 3270 2333 3340 pedi,
2359 3276 2418 3324 et
2447 3287 2648 3325 manus
2674 3277 2732 3325 et
2755 3287 2853 3341 pes
2875 3271 3059 3337 oculo,
3091 3271 3331 3344 ideoque
3356 3273 3466 3328 mi-

1867 3357 2076 3411 nistrat
2102 3358 2297 3412 oculus
2326 3359 2519 3413 manui
2547 3375 2612 3413 ac
2639 3359 2767 3430 pedi
2799 3359 3012 3425 lumen,
3041 3368 3242 3416 manus
3270 3366 3463 3417 autem

1867 3445 2142 3516 abstergit
2166 3447 2324 3501 illum
2359 3453 2413 3502 et
2443 3447 2592 3502 lavat
2620 3464 2655 3501 a
2684 3447 2944 3502 sordibus
2976 3464 2989 3501 :
3030 3449 3112 3503 sic
3136 3448 3194 3503 in
3221 3449 3468 3504 Ecclesia

1863 3540 2058 3589 sancta
2087 3536 2420 3604 praedicator
2449 3535 2686 3606 quilibet
2731 3535 3052 3590 ministrare
3079 3535 3248 3591 debet
3273 3537 3465 3593 lumen

1863 3623 2113 3677 scientiae
2144 3629 2202 3676 et
2228 3623 2639 3693 praedicationis
2667 3625 2813 3688 aliis,
2847 3641 2970 3694 quae
3007 3629 3142 3678 sunt
3177 3641 3379 3679 manus
3407 3631 3466 3680 et

1863 3711 2056 3782 pedes,
2092 3711 2145 3764 id
2197 3717 2285 3764 est
2318 3711 2412 3781 qui
2457 3717 2590 3766 sunt
2632 3710 3082 3781 eleemosynarii,
3116 3716 3174 3764 et
3211 3711 3310 3782 qui
3339 3728 3464 3767 cur-

1861 3803 1996 3853 runt
2021 3799 2092 3852 ad
2114 3799 2495 3870 sepeliendum
2527 3805 2832 3862 mortuum,
2878 3806 2936 3854 et
2973 3799 3070 3870 qui
3109 3799 3303 3854 activae
3333 3800 3456 3855 vita

1862 3892 1998 3942 sunt
2025 3887 2221 3941 dediti.
2247 3887 2489 3942 Econtra
2515 3894 2705 3942 autem
2757 3887 2838 3941 illi
2873 3887 3080 3942 debent
3103 3887 3173 3943 de
3199 3904 3304 3943 sua
3323 3887 3457 3944 sub-

1864 3977 2074 4031 stantia
2129 3982 2451 4031 sustentare
2481 3977 2724 4036 oculum,
2760 3963 2816 4030 id
2869 3982 2957 4030 est
3005 3975 3451 4047 praedicatorem,

1863 4065 2175 4138 praebentes
2205 4065 2256 4120 ei
2286 4063 2472 4119 cibum
2503 4071 2560 4119 et
2588 4072 2805 4135 potum,
2837 4069 2895 4118 et
2931 4064 3317 4120 ministrantes
3360 4079 3465 4118 ce-

1861 4163 1986 4209 tera
2014 4171 2137 4225 quae
2163 4154 2479 4209 necessaria
2526 4160 2660 4207 sunt
2698 4152 2781 4207 illi
2814 4166 2826 4201 :
2858 4152 2963 4206 hoc
2989 4151 3259 4215 faciendo,
3296 4156 3464 4207 erunt

1863 4243 1973 4298 sibi
2000 4244 2237 4298 invicem
2267 4243 2541 4297 membra.
2575 4241 2842 4312 Sequitur
2870 4261 2882 4295 :

1935 4334 2262 4387 Irascimini
2289 4337 2338 4384 et
2374 4335 2542 4384 nolite
2556 4345 2797 4398 peccare.
2830 4329 3137 4400 Dupliciter
3165 4344 3463 4400 possumus

1865 4420 1969 4474 hoc
1997 4420 2309 4489 intelligere
2335 4438 2345 4472 :
2370 4419 2429 4474 Si
2452 4419 2676 4490 quando
2697 4417 2954 4490 peccatis,
2986 4424 3043 4473 et
3061 4434 3096 4473 a
3113 4417 3205 4472 via
3230 4417 3465 4472 rectitu-

1863 4509 2014 4563 dinis
2037 4507 2261 4562 diabolo
2291 4508 2564 4562 suadente
2607 4508 2883 4572 receditis,
2933 4506 3242 4561 irascimini
3287 4505 3466 4560 vobis-

1865 4597 2118 4669 metipsis
2148 4605 2205 4652 et
2232 4597 2627 4668 indignemini,
2663 4612 2732 4650 ne
2771 4595 2907 4649 talia
2948 4595 3189 4665 amplius
3217 4593 3458 4661 faciatis,

1862 4687 2187 4757 castigando
2214 4702 2417 4758 corpus
2462 4692 2705 4739 vestrum
2748 4683 2948 4752 vigiliis
2980 4689 3036 4736 et
3059 4681 3309 4750 jejuniis.
3341 4680 3456 4735 Ali-

1865 4780 1952 4829 ter
1981 4792 1991 4827 :
2023 4775 2146 4837 etsi,
2181 4775 2383 4846 inquit,
2435 4771 2765 4836 irascimini,
2798 4770 2970 4824 nolite
2993 4770 3279 4840 perﬁcere.
3321 4769 3458 4823 Per-

1866 4864 2042 4918 mittit
2069 4865 2294 4934 quidem
2325 4863 2508 4922 irasci,
2536 4860 2684 4931 quod
2706 4860 3015 4913 humanum
3048 4863 3135 4913 est
3162 4875 3175 4925 ;
3209 4857 3308 4912 sed
3339 4873 3465 4930 pro-

1867 4951 2023 5007 hibet
2047 4952 2346 5006 vindictam
2377 4959 2654 5020 expetere,
2688 4946 2834 5018 quod
2860 4947 2980 5017 jam
3011 4961 3125 5002 non
3153 4949 3243 5000 est
3269 4946 3466 5002 buma-

1867 5038 2022 5100 num,
2049 5043 2182 5112 quia
2203 5043 2297 5096 Ira
2316 5043 2429 5093 viri
2435 5040 2724 5105 justitiam
2752 5037 2846 5090 Dei
2871 5051 2983 5089 non
3017 5040 3282 5104 operatur
3306 5036 3456 5107 (Jac.

1869 5135 1932 5198 I).
1962 5130 2055 5186 Sol
2091 5146 2201 5182 non
2223 5129 2426 5182 occidat
2447 5142 2611 5194 super
2637 5125 2999 5178 iracundiam
3028 5123 3466 5180 vestram.Simi-

1870 5220 1999 5274 liter
2027 5224 2084 5272 et
2112 5219 2214 5272 hoc
2255 5213 2462 5286 daplici
2495 5213 2660 5268 modo
2679 5219 2866 5285 potest
2889 5202 3128 5284 intelligi
3161 5230 3172 5267 :
3200 5211 3468 5267 Dicamus

1867 5306 2214 5377 simpliciter,
2253 5305 2345 5357 Sol
2379 5320 2490 5357 non
2543 5302 2761 5357 occidat
2798 5318 2968 5373 super
2995 5301 3346 5356 iracundiam
3368 5314 3466 5352 ve-

1868 5403 2063 5454 stram.
2088 5394 2142 5448 id
2169 5399 2274 5456 est,
2302 5392 2350 5446 si
2377 5392 2643 5449 commoti
2671 5390 2892 5448 fueritis
2919 5389 2989 5445 ad
3015 5397 3239 5462 tempus
3267 5387 3463 5441 adver-

1868 5500 1965 5540 sus
1995 5482 2334 5555 proximum,
2367 5486 2500 5536 ante
2530 5480 2666 5536 solis
2708 5496 2969 5535 occasum
3005 5470 3463 5536 reconciliamini,
