3966 6156
459 333 562 400 7‘23
877 336 1254 402 HAYMQNIS
1292 337 1779 411 IIALBERSTAT.
1822 337 2044 404 EPISC.
2088 337 2246 396 OPP.
2293 337 2477 394 PARS
2519 338 2562 398 ι.
2607 365 2672 379 -
2713 333 3087 402 COMMENT.
3128 332 3312 414 BIBL.
3611 332 3701 394 724

457 467 520 515 at
545 461 773 516 recedat
796 461 882 516 ira
909 475 944 516 α
972 463 1140 516 vobis;
1176 462 1354 518 Aliter
1382 482 1394 515 :
1430 462 1524 517 Sol
1554 462 1871 534 appellatur
1897 463 2115 524 Chri-A
2139 463 2314 518 Deum
2353 461 2816 532 omnipotentem,
2861 459 3173 514 secundum
3211 457 3360 530 quod
3393 458 3515 530 ipse
3566 457 3706 514 vobis

463 557 585 605 stus
609 551 668 604 in
698 551 1000 622 Scripturis
1019 551 1209 616 sacris,
1236 558 1299 605 ut
1319 550 1424 604 ibi:
1455 553 1600 605 Vobis
1623 553 1943 605 timentibus
1963 569 2054 605 no-
2136 551 2478 620 adjutorium
2508 549 2668 603 bonae
2688 547 2992 602 voluntatis
3013 553 3071 602 et
3088 547 3426 618 operationis
3454 548 3708 618 prestite-

463 645 593 693 men
615 654 817 701 meum,
847 642 1060 694 orietur
1087 639 1179 694 Sol
1197 643 1432 708 justiti:
1460 641 1674 706 (Malae.
1711 644 1809 706 ην).
1835 641 1940 703 Qui
1973 641 2055 694 sol
2136 638 2230 692 rit.
2254 639 2480 692 Patrem
2511 644 2702 692 autem
2741 635 2866 691 dico
2893 652 3007 690 non
3057 651 3160 708 per
3186 641 3470 702 naturam,
3499 635 3596 690 sed
3625 651 3712 707 per

461 726 697 797 iustitia
717 727 1046 798 plerumque
1066 734 1294 798 propter
1321 728 1464 781 iram
1495 741 1618 798 quae
1649 728 1950 784 vindictam
1971 745 2059 782 ex-

463 815 609 885 petit
636 820 693 868 et
719 822 948 886 propter
965 814 1299 869 discordiam
1329 815 1535 869 occidit
1558 815 1740 881 nobis,
1773 816 1830 869 id
1862 820 1951 870 est
1975 833 2060 870 re-

463 902 615 956 cedit
640 917 674 956 ει
696 903 875 970 nobis,
911 903 1057 958 sicut
1079 903 1282 958 occidit
1311 904 1470 958 falsis
1499 904 1805 976 prophetis,
1836 904 1908 958 de
1934 905 2060 975 qui-

466 989 573 1046 bus
595 991 801 1046 dicitur
837 1011 851 1046 :
883 993 1092 1048 Occidit
1128 996 1207 1047 sol
1243 993 1325 1047 eis
1349 1009 1476 1047 eum
1505 993 1686 1048 adhuc
1715 997 1846 1046 esset
1875 993 2061 1048 media

471 1081 586 1134 dies
637 1083 768 1146 (Jer.
799 1087 900 1143 xv).
932 1081 1024 1136 Sol
1081 1095 1193 1135 non
1241 1081 1458 1136 occidat
1502 1097 1672 1152 super
1708 1081 2060 1136 iracundiam

469 1173 734 1234 vestram,
777 1169 835 1223 id
865 1174 969 1235 est,
1001 1175 1192 1224 cavete
1214 1185 1283 1222 ne
1306 1176 1535 1240 propter
1562 1176 1802 1223 vestram
1832 1170 1975 1223 iram
2004 1176 2063 1224 et

468 1263 701 1328 propter
722 1264 969 1312 vestrum
999 1263 1288 1329 peccatum
1333 1258 1560 1313 recedat
1604 1258 1688 1312 sol
1719 1257 1971 1328 justitiaa,
2005 1258 2063 1312 id

422 1347 426 1349 Α
470 1352 556 1400 est
585 1346 861 1411 Christus,
893 1363 928 1400 a
953 1345 1128 1400 vobis.

542 1437 723 1490 Nolite
744 1438 923 1489 locum
949 1437 1085 1489 dare
1108 1437 1339 1497 diabolo,
1361 1437 1416 1490 id
1439 1442 1540 1498 est,
1567 1437 1741 1491 nolite
1759 1436 2063 1490 vindictam

472 1528 753 1594 expetere,
787 1538 969 1594 neque
994 1523 1159 1578 irasci
1189 1525 1338 1578 ultra
1367 1525 1614 1590 modum,
1639 1542 1711 1579 ne
1731 1525 1956 1580 recedat
1985 1525 2068 1579 sol

469 1617 509 1666 tt
535 1610 690 1665 vobis
719 1611 996 1679 Christus,
1013 1612 1383 1685 adveniatque
1411 1613 1666 1668 diabolus
1696 1614 1954 1685 princeps
1981 1620 2068 1668 te-

472 1698 797 1754 nebrarum.
843 1701 1301 1772 Quandocunque
1342 1703 1492 1756 enim
1532 1718 1849 1774 peccamus,
1883 1703 2064 1757 locum

473 1787 676 1842 damus
693 1788 917 1843 diabolo
943 1790 1003 1844 in
1031 1790 1212 1846 nobis.

545 1879 656 1945 Qui
677 1878 1143 1945 furabaturbona
1160 1880 1419 1945 aliorum,
1437 1883 1562 1948 jam
1582 1895 1693 1933 non
1710 1882 1957 1947 furetur,
1980 1879 2067 1934 vel

473 1965 573 2037 qui
598 1965 894 2022 furabatur
921 1967 1090 2022 verba
1109 1975 1167 2022 et
1189 1969 1502 2023 doctrinam
1525 1968 1809 2038 Evangelii
1838 1985 1939 2039 per
1954 1969 2068 2022 hae-

475 2054 710 2116 reticam
739 2057 1094 2126 pravitatem,
1119 2057 1265 2112 sicut
1291 2058 1415 2111 falsi
1445 2057 1730 2128 propheta
1759 2057 1829 2111 de
1867 2056 2070 2127 quibus

477 2141 686 2197 dicitur
717 2160 729 2196 :
763 2143 870 2208 Qui
903 2144 1237 2199 furabantur
1261 2145 1368 2199 sibi
1393 2146 1581 2209 verba,
1609 2146 1858 2200 dicentes
1887 2164 1899 2199 :
1937 2144 2072 2201 Haec

476 2229 616 2284 dicit
644 2231 937 2297 Dominus,
965 2247 1097 2286 cum
1123 2233 1394 2290 Dominus
1420 2251 1531 2289 non
1567 2235 1785 2289 miserit
1806 2250 1924 2300 eos,
1949 2236 2069 2305 jam

475 2331 593 2373 non
619 2317 856 2384 furatur,
871 2320 967 2374 sed
1001 2321 1226 2375 recedat
1240 2322 1310 2376 ab
1339 2337 1530 2377 errore
1553 2335 1673 2378 suo.
1699 2325 1874 2392 Magis
1887 2329 2074 2377 autem

483 2407 712 2472 laboret,
744 2411 1018 2475 operando
1047 2412 1310 2465 ‘manibus
1339 2414 1456 2465 suis
1487 2413 1630 2481 quod
1654 2413 1857 2465 bonum
1893 2416 1989 2476 est,
2012 2416 2074 2465 ut

478 2493 672 2549 habeat
701 2496 849 2550 unde
897 2498 1103 2551 tribuat
1153 2503 1523 2554 necessitatem
1562 2503 1818 2569 patienti.
1850 2500 1951 2554 llle
1979 2499 2076 2570 qui

477 2588 648 2646 antea
670 2582 980 2650 furabatur,
1018 2602 1129 2639 non
1160 2587 1340 2640 solum
1387 2587 1553 2642 debet
1593 2604 1628 2641 a
1654 2588 1802 2642 furto
1831 2601 2069 2651 cessare,

479 2671 581 2732 sed
609 2671 777 2727 debet
821 2674 1044 2744 operari
1094 2676 1352 2730 manibus
1398 2675 1534 2741 suis,
1585 2681 1650 2731 ut
1687 2675 1895 2730 habeat
1923 2676 2074 2731 unde

478 2762 762 2815 sustentet
782 2761 944 2827 alios,
979 2762 1226 2834 inapiam
1255 2764 1549 2835 patientes.

551 2850 732 2905 Nolite
751 2853 1082 2905 contristare
1109 2851 1390 2927 Spiritum
1403 2860 1657 2910 sanctum
1687 2855 1785 2908 Dei
1815 2856 1875 2907 in
1905 2854 2073 2920 vobis,

480 2941 546 2994 in
585 2953 692 3008 quo
720 2939 932 3006 signati
957 2945 1018 2994 et
1053 2940 1280 3011 sigillati
1308 2945 1456 3004 estis,
1491 2950 1546 2996 et
1576 2941 1854 3013 designati
1880 2943 1984 2996 Deo
2013 2945 2077 2996 in

2142 726 2522 798 adoptionem.
2556 726 2824 797 Sequitur
2854 749 2866 783 :

2211 815 2276 870 Et
2295 817 2594 876 ambulate,
2625 815 2683 869 id
2711 820 2796 869 est
2834 815 3019 878 vivite,
3068 814 3478 870 conversamini
3521 819 3577 868 et
3606 829 3716 878 cre-

2141 903 2297 969 scite,
2330 907 2394 958 in
2419 905 2707 959 dilectione
2735 904 2838 958 Dei
2869 909 2927 958 et
2948 904 3206 976 proximi,
3231 907 3377 959 sicut
3403 909 3456 958 et
3483 903 3716 958 Ghn'slus

2140 993 2336 1047 ditauit
2366 1008 2463 1046 nos
2491 998 2540 1046 et
2579 993 2814 1047 tradidit
2852 996 3202 1062 semetipsum
3245 1008 3350 1062 pro
3395 994 3552 1046 nobis
3581 992 3720 1045 obla-

2145 1084 2346 1135 tionem
2369 1087 2417 1134 et
2437 1083 2672 1134 hostiam
2697 1083 2798 1136 Deo
2819 1085 2883 1136 in
2903 1083 3122 1137 odorem
3139 1079 3723 1150 suavitatis.Magnaet

2143 1169 2402 1223 miranda
2429 1177 2484 1224 et
2526 1169 2922 1224 inenarrabilis
2960 1170 3185 1225 dilectio
3230 1175 3297 1225 ut
3324 1169 3530 1224 unicus
3564 1169 3723 1224 Filius

2143 1258 2246 1313 Dei
2273 1257 2636 1328 semetipsum
2659 1259 2910 1313 traderet
2934 1261 3123 1322 morti,
3139 1259 3408 1312 Dominus
3421 1274 3525 1328 pro
3545 1258 3719 1317 servis,

2146 1347 2381 1401 Greater
2409 1363 2510 1418 pro
2529 1353 2810 1403 creatura.
2838 1349 2994 1402 Sicut
3013 1363 3146 1418 ergo
3175 1347 3268 1401 ille
3295 1363 3398 1418 pro
3426 1344 3590 1401 nobis
3611 1345 3726 1398 ani-

2148 1452 2298 1490 mam
2327 1451 2488 1490 suam
2517 1436 2723 1506 posuit,
2757 1436 2838 1490 ita
2875 1443 2932 1490 et
2976 1452 3100 1497 nos,
3127 1436 3174 1490 si
3204 1435 3513 1490 necessitas
3545 1433 3724 1496 fuerit,

2148 1540 2250 1595 pro
2269 1525 2392 1594 ejus
2412 1523 2633 1578 nomine
2652 1524 2872 1578 aiiimas
2892 1540 3098 1593 ponere
3116 1524 3414 1579 debemus:
3441 1530 3503 1578 et
3528 1538 3636 1578 non
3646 1537 3727 1576 so-

2151 1614 2268 1668 lum
2296 1629 2397 1684 pro
2425 1612 2652 1667 nomine
2682 1614 2821 1682 ejus,
2858 1613 2956 1668 sed
2981 1613 3158 1668 etiam
3203 1630 3304 1684 pro
3341 1611 3612 1667 fratribus
3637 1626 3727 1664 no-

2147 1703 2302 1768 stris,
2334 1709 2565 1772 propter
2581 1718 2831 1756 amorem
2852 1702 3097 1756 nominis
3116 1703 3256 1773 ejus.
3281 1701 3442 1765 Quod
3463 1716 3592 1754 vero
3612 1698 3732 1754 dicit

2084 1791 2472 1874 BApostolus,
2517 1790 2614 1861 qui
2670 1807 2732 1844 se
2784 1791 3022 1845 tradidit
3053 1790 3112 1844 in
3149 1791 3380 1845 odorem
3429 1787 3728 1850 suavitatis,

2149 1880 2281 1934 licet
2308 1879 2564 1949 legamus
2589 1878 2648 1933 in
2677 1879 2882 1933 Genesi
2913 1880 3060 1954 (Gen.
3109 1879 3248 1950 vui),
3300 1879 3452 1950 quod
3483 1877 3733 1932 odoratus

2156 1974 2244 2023 est
2270 1968 2545 2022 Dominus
2573 1968 2800 2022 odorem
2825 1968 3118 2022 suavitatis
3135 1968 3196 2023 in
3215 1966 3517 2033 sacriﬁcio,
3536 1965 3677 2037 quod
3690 1963 3734 2017 ei

2153 2056 2362 2112 obtulit
2382 2057 2503 2111 Noe
2527 2073 2785 2126 egressus
2813 2057 2883 2111 de
2911 2073 3060 2122 arca,
3106 2073 3218 2113 non
3247 2055 3525 2111 debemus
3556 2060 3736 2125 putare

2153 2146 2303 2218 quod
2339 2146 2692 2216 omnipotens
2719 2147 2888 2211 Deus,
2937 2147 3033 2217 qui
3078 2146 3310 2217 spiritus
3354 2151 3464 2210 est,
3495 2144 3647 2200 fumo
3689 2146 3738 2195 et

2155 2235 2326 2290 odore
2353 2234 2662 2289 carnalium
2684 2235 3014 2296 delectetur,
3061 2235 3159 2289 sed
3201 2235 3428 2290 odorem
3459 2230 3736 2288 suavitatis

2156 2325 2425 2380 debemus
2451 2324 2767 2394 intelligere
2794 2324 3162 2379 intentionem
3184 2323 3340 2378 bona;
3369 2321 3673 2378 voluntatis
3689 2326 3740 2374 et

2158 2415 2422 2470 affectum
2452 2413 2675 2474 mentis,
2708 2413 2912 2484 quibus
2935 2414 3084 2468 Deus
3110 2412 3424 2466 delectatur
3467 2432 3480 2464 ε
3511 2411 3596 2465 ita
3622 2408 3737 2464 etin

2160 2505 2264 2558 hoc
2291 2504 2412 2558 loco
2453 2503 2755 2573 Apostolus
2784 2502 3154 2556 intentionem
3175 2501 3379 2556 mentis
3407 2506 3468 2554 et
3490 2499 3738 2554 allectum

2159 2591 2550 2646 sincerissima:
2579 2590 2894 2644 dilectionis
2924 2607 3034 2661 qua
3065 2590 3166 2644 Dei
3201 2589 3374 2644 Filius
3402 2605 3512 2644 nos
3540 2586 3735 2646 dilexit.

2157 2681 2386 2734 odorem
2417 2679 2707 2734 suavitatis
2734 2678 2978 2750 appellat
3000 2696 3012 2732 :
3037 2678 3172 2749 quia
3191 2678 3430 2732 multum
3463 2677 3524 2731 in
3551 2676 3637 2730 his
3653 2675 3740 2730 de-

2158 2769 2395 2823 lectatus
2414 2773 2501 2822 est
2521 2767 2670 2822 Deus
2695 2768 2883 2832 Pater,
2923 2774 2981 2821 et
3004 2767 3164 2837 quasi
3204 2767 3379 2822 multa
3407 2773 3664 2821 aromata
3690 2765 3742 2818 in

2157 2863 2456 2927 conspectu
2466 2857 2589 2926 ejus
2601 2853 2999 2910 eil‘erbuerunt.
3007 2854 3134 2926 Ipse
3146 2855 3388 2926 denique
3403 2854 3516 2909 fuit
3525 2854 3738 2914 oblatio,

2160 2949 2216 2999 et
2240 2944 2442 3010 hostia,
2475 2943 2597 3014 ipse
2649 2943 2909 2997 sacerdos
2944 2949 3000 2997 et
3028 2943 3389 3006 sacrificator,
3424 2941 3526 3013 qui
3553 2947 3743 2997 semet-

481 3025 573 3082 die
601 3029 1011 3097 redemptionis,
1053 3030 1158 3084 hoc
1204 3037 1308 3093 est,
1357 3031 1544 3086 Nolite
1588 3047 1686 3102 per
1731 3031 1877 3085 mala
1908 3045 2080 3101 opera
2108 3033 2346 3104 “ipsum
2375 3032 2578 3090 obtulit
2607 3031 2723 3087 Deo
2751 3031 2906 3086 Patri
2937 3031 2993 3085 in
3025 3032 3202 3086 altare
3230 3031 3410 3086 crucis
3437 3047 3543 3104 pro
3575 3028 3740 3085 nobis.

486 3115 762 3188 Spiritum
782 3091 1047 3174 sanctum
1074 3120 1268 3190 fugare
1284 3091 1317 3174 a
1335 3121 1508 3184 vobis,
1530 3091 1624 3192 qui
1651 3091 2078 3175 habitator-esse
2103 3091 2148 3152 δ
2182 3091 2202 3104 ⁵
2231 3123 2542 3176 Fornicatio
2565 3127 2752 3175 autem
2772 3125 2821 3174 et
2847 3123 3027 3174 omnis
3065 3091 3459 3188 immunditiis:
3499 3124 3606 3173 aut
3628 3133 3743 3173 ara-

485 3205 656 3276 cmpit
678 3207 848 3261 vestri
872 3207 932 3261 in
951 3208 1042 3262 die
1071 3209 1495 3280 redemptionis,
1518 3210 1572 3264 id
1596 3214 1682 3263 est
1700 3209 1756 3264 in
1783 3209 1874 3263 die
1903 3208 2079 3279 bapti-

487 3294 703 3350 smatis.
754 3296 912 3351 Sicut
954 3297 1106 3351 enim
1153 3297 1519 3352 contristatur
1563 3297 1731 3352 homo
1756 3298 1980 3368 quando
2009 3297 2078 3352 de

488 3380 728 3455 propria’
733 3384 902 3438 domo
925 3385 1220 3456 expellitur
1241 3401 1410 3456 quam
1433 3386 1550 3456 ipse
1569 3386 1675 3438 sibi
1704 3385 1996 3438 aediﬁcavit
2015 3390 2080 3438 ut

488 3472 678 3542 quiete
697 3471 774 3526 ibi
795 3472 1094 3538 habitaret,
1117 3473 1198 3526 sic
1223 3473 1466 3543 Spiritus
1494 3481 1721 3528 sanctus
1749 3473 2076 3528 contristari

487 3559 716 3631 dicitur,
745 3562 970 3632 quando
999 3562 1069 3614 de
1103 3561 1331 3616 homine
1361 3578 1528 3632 quem
1574 3562 1678 3616 sibi
1705 3563 1996 3618 mandavit
2022 3563 2080 3616 in

491 3647 848 3720 baptismate,
881 3666 982 3721 per
1009 3660 1179 3720 prava
1197 3667 1367 3722 opera
1393 3651 1636 3722 ejicitur.
1661 3651 1873 3704 Aliter:
1899 3651 2087 3705 Nolite

489 3737 854 3793 constristare
893 3739 1164 3808 Spiritum
1194 3747 1447 3794 sanctum
1473 3740 1590 3806 Dei,
1614 3739 1670 3794 id
1694 3745 1780 3793 est
1804 3739 2086 3810 spiritales

493 3825 768 3890 homines,
803 3825 861 3879 in
890 3826 1094 3897 quibus
1125 3828 1367 3898 Spiritus
1397 3834 1623 3882 sanctus
1653 3828 1887 3892 habitat,
1913 3828 2084 3881 nolite

489 3913 828 3969 contristare
856 3905 958 3986 per
986 3921 1171 3970 vestra
1195 3917 1340 3970 mala
1365 3933 1554 3988 opera.
1589 3917 1875 3988 Siquidem
1916 3916 2083 3987 spiri-

491 4004 640 4058 tales
667 4003 790 4065 viri,
823 4004 869 4058 si
898 4005 1122 4076 quando
1165 4007 1354 4061 vident
1381 4007 1523 4061 alios
1565 4022 1817 4076 peccare,
1853 4011 1912 4060 et
1937 4022 1972 4059 a
1998 4005 2088 4058 via

491 4093 848 4148 rectitudinis
871 4093 1113 4159 deviare,
1138 4095 1546 4149 contristantur
1569 4095 1638 4149 de
1659 4094 1885 4150 illorum
1914 4095 2086 4148 mise-

496 4182 602 4249 n’a,
632 4185 690 4237 et
711 4183 1014 4238 condolent
1039 4183 1108 4237 de
1136 4183 1263 4237 aliis
1293 4189 1488 4254 utpote
1515 4183 1584 4237 de
1613 4199 1692 4240 se.

1133 4297 1368 4378 CAPUT
1397 4322 1459 4376 v.

2161 3213 2316 3274 ritia,
2348 3227 2446 3264 nec
2465 3212 2790 3265 nominetur
2806 3212 2870 3262 in
2891 3211 3204 3273 vobis,sicut
3223 3209 3366 3262 decet
3385 3207 3745 3264 sanctos.For~

2160 3299 2366 3352 nicatio
2394 3297 2603 3352 dicitur
2627 3314 2664 3351 a
2687 3297 3011 3362 fornicibus,
3042 3297 3098 3350 id
3135 3302 3240 3362 est,
3267 3315 3302 3350 a
3346 3296 3481 3350 locis
3513 3296 3742 3366 lupana-

2159 3387 2316 3444 ribus
2365 3393 2424 3441 et
2470 3385 2860 3449 theatralibus,
2893 3403 3017 3456 quae
3053 3384 3376 3448 fornicibus,
3423 3384 3483 3438 id
3526 3390 3632 3448 est,
3663 3400 3741 3438 ar-

2160 3477 2334 3533 cubus
2362 3482 2496 3530 sunt
2521 3481 2864 3539 constructa,
2877 3491 3000 3545 qua:
3020 3481 3076 3528 et
3097 3473 3357 3528 arenaria
3375 3472 3741 3544 appellantur,

2163 3569 2221 3622 in
2234 3565 2438 3636 quibus
2467 3570 2630 3618 erant
2649 3563 3126 3625 meretrices,cum
3149 3561 3352 3633 quibus
3378 3560 3746 3630 miscebantur

2169 3653 2516 3727 spurcissimi
2537 3653 2761 3723 quique.
2786 3651 3070 3705 Fornicari
3095 3657 3285 3705 autem
3307 3656 3393 3704 est
3419 3665 3544 3704 cum
3558 3647 3748 3719 puellis

2168 3743 2359 3798 liberis
2387 3748 2446 3797 et
2467 3758 2594 3796 cum
2625 3740 2804 3794 viduis
2831 3740 3068 3794 necdum
3089 3739 3204 3794 Deo
3223 3738 3478 3795 sacratis.
3503 3738 3746 3793 Immun-

2168 3833 2308 3888 ditia
2336 3830 2520 3885 omnis
2557 3827 2965 3884 incontinentis
2997 3828 3067 3882 ad
3115 3827 3405 3886 libidinem
3447 3827 3745 3898 pertinens,

2169 3935 2502 3993 quocunque
2550 3917 2716 3972 modo
2771 3918 2872 3970 ﬁat
2917 3916 3276 3972 immunditia
3324 3923 3382 3971 et
3410 3913 3746 3986 impudicitia

2168 4017 2339 4081 atque
2362 4008 2582 4064 luxuria
2615 4005 2884 4078 appellari
2915 4011 3116 4076 potest.
3140 4004 3391 4059 Avaritia
3418 4003 3477 4059 in
3504 4005 3610 4058 hoc
3637 4003 3748 4057 loco

2167 4097 2467 4169 dupliciter
2477 4101 2660 4168 potest
2677 4095 2914 4164 intelligi
2929 4113 2940 4146 :
2957 4098 3143 4165 potest
3157 4093 3433 4164 siquidem
3447 4109 3548 4164 pro
3567 4106 3748 4147 amore

2169 4187 2534 4258 pecuniarum
2565 4184 2759 4256 accipi,
2787 4187 2972 4255 potest
2992 4188 3050 4238 et
3078 4199 3178 4254 pm
3217 4182 3497 4238 adulterio
3526 4180 3672 4252 quod
3697 4185 3749 4232 et

2168 4274 2301 4329 alibi
2315 4274 2386 4329 ab
2410 4274 2676 4346 Apostolo
2694 4272 2981 4343 negotium
3007 4272 3342 4344 appellatur,
3358 4269 3455 4326 ubi
3475 4270 3610 4324 dicit
3623 4268 3748 4323 viris

2167 4370 2226 4418 et
2251 4363 2556 4418 uxoribus:
2584 4363 2764 4416 Nolite
2815 4361 3090 4428 fraudare
3132 4363 3367 4415 inuicem
3400 4361 3450 4424 (1
3475 4360 3596 4414 Cor.
3629 4360 3744 4424 vn),

566 4445 741 4499 Estote
771 4446 1079 4498 imitatores
1117 4446 1215 4499 Dei
1237 4448 1379 4499 sicut
1414 4448 1526 4514 ﬁlii
1563 4447 1895 4501 charissimi.
1941 4441 2153 4504 Hor-D
2171 4468 2338 4520 neque
2367 4453 2766 4506 circumueniat
2779 4449 2986 4520 aliquis
3007 4452 3070 4508 in
3097 4451 3322 4516 negotio,
3339 4449 3397 4502 id
3426 4447 3583 4502 estin
3600 4445 3749 4500 adul-

491 4534 647 4589 tatur
664 4533 963 4604 Apostolus
987 4533 1254 4604 Ephesios
1274 4539 1338 4589 ut
1357 4534 1470 4589 sint
1485 4535 1793 4591 imitatores
1813 4539 2087 4604 Dei,sicut

491 4623 954 4679 lliiicbarissimi.
991 4623 1207 4678 Imitari
1249 4633 1437 4678 autem
1471 4631 1557 4680 est
1607 4627 1784 4696 sequi.
1837 4627 2083 4682 Imitatio

486 4716 680 4768 autem
704 4713 1053 4785 estquaedam
1079 4713 1406 4783 imaginatio
1431 4732 1443 4781 ;
1464 4713 1615 4768 verbi
1633 4715 1836 4785 gratia,
1861 4717 2085 4787 quando

489 4802 796 4874 discipulus
852 4809 1088 4857 conatur
1145 4802 1356 4858 imitari
1407 4805 1741 4874 magistrum
1787 4805 1842 4858 in
1897 4806 2084 4876 aliquo

489 4891 978 4962 Opere.Quomodo
1006 4908 1139 4961 ergo
1169 4907 1466 4963 possumus
1487 4893 1697 4948 imitari
1716 4894 1891 4948 Deum
1908 4894 2086 4948 omni-

487 4985 778 5054 potentem
795 4980 1145 5034 ?Videamus.
1170 4981 1272 5035 Est
1299 4981 1393 5035 ille
1422 4982 1664 5053 sapiens,
1699 4983 1964 5053 prudens,
1985 4983 2084 5036 mi-

487 5059 747 5130 sericors,
773 5068 962 5138 justus
994 5075 1051 5122 et
1081 5085 1245 5123 verus
1275 5088 1286 5122 :
1311 5071 1489 5124 simus
1533 5076 1591 5125 et
1636 5087 1738 5125 nos
1776 5072 2083 5126 secundum

489 5153 780 5209 modulum
826 5162 1032 5210 nostrae
1059 5158 1389 5226 capacitatis
1419 5159 1722 5229 sapientes,
1756 5160 2078 5231 prudentes,

486 5241 664 5297 simus
687 5242 828 5312 justi
860 5248 919 5297 ct
955 5259 1179 5298 veraces
1229 5252 1285 5299 et
1328 5247 1735 5312 misericordes,
1785 5248 2082 5319 diligentes

489 5330 699 5404 emitos
729 5331 788 5386 in
828 5331 961 5396 Deo,
1011 5338 1068 5386 et
1113 5332 1369 5388 inimicos
1405 5342 1634 5407 propter
1671 5337 1868 5391 Deum.
1904 5337 2079 5402 Sicut,

483 5418 687 5491 inquit,
713 5419 865 5474 illius
881 5420 1245 5476 charissimus
1270 5423 1526 5478 imitatur
1541 5431 1756 5495 patrem
1787 5425 1992 5479 bonum
2023 5425 2081 5480 in

482 5508 639 5565 omni
658 5509 1079 5564 conversatione
1106 5526 1326 5565 morum
1356 5519 1408 5566 et
1434 5513 1667 5567 lenitate
1696 5515 1900 5569 mentis
1912 5521 2082 5585 atque

481 5599 776 5655 honestate
794 5597 936 5661 vita,
970 5597 1128 5654 itaet
1160 5614 1255 5654 vos
1276 5599 1578 5656 imitamini
1594 5602 1818 5657 Patrem
1832 5608 2080 5658 vestrum

2168 4540 2331 4603 terio,
2359 4541 2597 4607 fratrem
2625 4555 2792 4592 suum
2831 4541 2879 4601 (Ι
2913 4539 3088 4594 Thess.
3133 4542 3228 4604 tv).
3267 4537 3540 4608 Praicepit
3565 4542 3745 4592 autem

2167 4629 2468 4699 Apostolus
2489 4633 2552 4682 ut
2579 4627 2688 4681 ista
2715 4643 2838 4697 quae
2863 4626 3125 4691 diximus,
3157 4641 3271 4680 non
3298 4626 3482 4680 solum
3513 4640 3622 4680 non
3639 4622 3746 4677 sint

2167 4718 2224 4770 in
2252 4717 2434 4776 nobis.
2460 4717 2558 4770 sed
2581 4731 2682 4770 nec
2705 4715 3088 4777 nominentur,
3111 4715 3246 4786 quia
3264 4715 3314 4769 si
3341 4711 3746 4779 fuerint,nomi-

2167 4805 2470 4860 nabuntur.
2501 4805 2560 4860 Si
2591 4821 2720 4859 vero
2743 4805 2946 4875 sepius
2967 4804 3258 4859 nominata
3286 4803 3500 4858 fuerint
3523 4801 3626 4857 nisi
3647 4814 3743 4872 pro

2166 4892 2552 4958 aediﬁcatione,
2581 4893 2798 4947 facilius
2824 4893 3126 4948 declinabit
3161 4893 3383 4947 animus
3411 4892 3484 4946 ad
3513 4907 3596 4946 ea.
3620 4890 3744 4945 00r-

2168 4989 2439 5052 rumpunt
2465 4982 2616 5037 enim
2643 4998 2820 5037 mores
2860 4985 3020 5037 bonos
3061 4984 3339 5051 colloquia
3365 4983 3541 5036 mala.
3568 4980 3744 5034 Estote

2164 5079 2354 5126 autem
2383 5072 2529 5126 sicut
2556 5071 2718 5125 decet
2735 5076 2977 5126 sanctos.
3009 5070 3154 5135 Quid
3179 5071 3341 5125 decet
3358 5067 3618 5124 sanctos?
3644 5065 3745 5121 Ho-

2165 5167 2439 5216 nestatem
2472 5176 2691 5214 morum
2747 5175 2992 5226 servare,
3032 5159 3267 5214 virtutes
3305 5165 3590 5229 appetere,
3622 5152 3743 5209 vitia

2163 5265 2376 5304 cavere.
2406 5251 2834 5317 Autturpitudo.
2859 5248 3171 5320 Turpitudo
3199 5253 3286 5302 est
3320 5247 3548 5318 quando
3589 5241 3740 5300 nimis

2166 5344 2352 5392 motus
2371 5337 2556 5391 carnis
2574 5343 2778 5392 nostra;
2797 5338 3227 5391 inflammantur
3237 5336 3308 5390 ad
3319 5334 3626 5399 libidinem,
3650 5329 3738 5384 sed

2165 5427 2497 5497 plerumque
2518 5433 2748 5497 propter
2774 5432 3011 5480 mortem
3040 5426 3158 5490 Dei,
3187 5431 3245 5479 et
3271 5425 3534 5480 timorem
3563 5434 3737 5494 prens-

2161 5529 2288 5569 rum
2317 5516 2689 5570 refrenantur.
2725 5518 2834 5569 Aut
2872 5517 3306 5582 stultiloquium.
3333 5510 3734 5583 Stultiloquium

2162 5610 2250 5659 est
2279 5603 2492 5660 otiosus
2519 5619 2706 5658 sermo
2731 5613 2789 5656 et
2832 5602 3041 5658 nullius
3069 5602 3350 5670 utilitatis,
3377 5601 3598 5674 quando
3618 5595 3732 5652 reli-
