3966 6156
305 249 408 360 iis

983 253 1363 352 EXPOSITIO
1395 297 1472 353 IN
1503 281 1652 354 EP'P.
1687 269 1746 356 's.
1780 300 2022 357 PAULI.
2064 282 2129 344 -'-
2156 271 2238 358 ‘IN
2269 302 2492 358 EPIST.
2525 302 2622 356 AD
2654 301 2902 357 EPHES.

3476 261 3582 376 726

301 390 408 486 ictis
428 395 694 484 proﬁcuis
709 391 776 470 et
799 397 1032 472 utilibus
1049 417 1238 486 rebus,
1274 418 1344 472 de
1367 417 1628 484 inanibus
1653 429 1710 477 et
1732 423 1906 480 inuti-
1923 429 1972 486 Α
1997 407 2134 482 tiam
2158 443 2271 497 qua
2294 425 2708 497 torquebuntur
2723 403 2989 498 graviter,
3009 426 3118 484 erit
3159 400 3216 481 et
3241 397 3582 503 astrinsecus

304 501 452 556 libus
471 507 767 578 tractatur.
788 507 899 560 Aut
919 508 1261 573 scurrilitas,
1285 524 1403 576 qua:
1425 511 1506 582 ad.
1517 526 1631 564 rem
1660 527 1772 584 non
1786 527 1910 580 per-

293 593 462 667 tinet,
483 592 586 666 sed
613 596 791 666 magis
815 597 1140 669 gratiarum
1169 599 1329 670 actio.
1365 597 1684 669 Scurrilitas
1712 605 1800 673 est
1827 600 1907 670 io-

305 676 590 742 cul'aritas,
618 698 743 751 quae
767 681 941 736 risum
958 684 1102 754 solet
1119 700 1366 759 movere.
1397 686 1516 740 Hoc
1533 693 1721 758 autem
1739 688 1912 758 distat

309 767 461 842 inter
488 768 902 844 stultiloquium
935 778 992 826 et
1043 773 1462 838 scarrilitatem,
1495 776 1643 847 quod
1670 777 1910 830 stultilo-

308 851 504 932 qiiium
533 858 742 932 nullius
771 859 1033 934 utilitatis
1052 867 1140 915 est
1166 863 1416 933 nihilque
1445 863 1504 917 in
1532 881 1593 918 se
1620 865 1908 936 sapientiae

301 944 519 1020 habet“:
557 947 871 1004 scurrilitas
896 965 1025 1020 vero
1054 950 1384 1021 plerumque
1440 952 1510 1022 ab
1556 970 1653 1025 ore
1679 955 1908 1026 sapien-

303 1034 446 1108 tium
479 1035 756 1109 procedit,
789 1043 847 1096 et
877 1043 1098 1094 constat
1126 1039 1366 1110 quadam
1394 1041 1732 1108 urbanitate,
1763 1049 1828 1096 ut
1843 1043 1907 1097 il-

301 1121 399 1182 Iud
427 1123 684 1198 Virgilii:

421 1227 520 1296 Qui
547 1229 742 1296 Bavium
770 1245 864 1287 non
891 1231 1015 1296 odit,
1037 1238 1162 1282 amet
1190 1239 1270 1280 tua
1292 1234 1526 1296 carmina,
1559 1235 1692 1285 Maevi
1721 1251 1731 1283 :

426 1291 583 1353 Atque
604 1291 727 1339 idem
750 1299 918 1355 Jungat
942 1291 1127 1356 vulpes,
1149 1300 1194 1342 et
1217 1297 1428 1356 mulgeat
1456 1291 1614 1347 hircos
1637 1313 1650 1357 ;

300 1392 615 1463 caeteraque
645 1389 782 1464 talia
810 1407 933 1460 qua:
966 1391 1106 1458 nihil
1165 1393 1222 1456 in
1265 1411 1327 1448 se
1356 1395 1488 1448 mali
1536 1396 1764 1462 habent,
1798 1397 1904 1452 nisi

300 1477 695 1549 tantummodo
718 1479 850 1550 quia
866 1479 1046 1550 otiosa
1082 1487 1234 1549 sunt,
1260 1489 1316 1536 et
1343 1483 1411 1536 ad
1446 1500 1562 1552 rem
1599 1486 1901 1555 perfectam

301 1579 417 1616 non
439 1566 740 1634 pertinent,
766 1568 862 1621 sed
895 1569 1074 1645 magis
1125 1577 1257 1624 sunt
1288 1571 1600 1644 gratiarum
1640 1574 1806 1643 actio,
1846 1575 1900 1628 id

298 1659 389 1705 est
421 1652 547 1708 ideo
577 1655 941 1725 proferuntur
989 1658 1378 1726 scurrilitates,
1411 1666 1475 1722 ut
1517 1678 1716 1730 graves
1753 1665 1902 1734 apud

1992 515 2194 584 vermis
2214 521 2272 569 et
2293 515 2444 585 ignis
2462 531 2496 568 a
2515 514 3127 588 quibuscruciabuntur
3139 515 3583 610 durissimalqa-

1991 601 2085 672 nia
2099 603 2250 658 enim
2280 601 2447 658 verba
2473 607 2530 673 et
2545 602 2861 660 seductoria
2881 602 3207 676 loquuntur,
3233 605 3327 674 qui
3350 601 3575 674 dicunt:

1993 692 2100 763 Qui
2117 691 2406 762 crediderit
2421 697 2469 764 et
2492 691 2800 763 baptizatus
2813 693 3008 760 fuerit,
3030 696 3217 764 salvus
3245 695 3576 769 eritU(VMarc.

1991 759 2124 842 'xvi):
2141 779 2198 830 et
2215 759 2261 830 si
2283 775 2431 834 mala
2451 759 2621 850 Opera
2641 759 2950 853 agat,quod
2974 759 3202 854 omnino
3224 759 3589 854 mendacissi-

1989 879 2144 930 mum
2175 869 2277 918 est.
2310 865 2534 936 Propter
2553 865 2661 917 haec
2688 868 2856 932 enim,
2885 863 2941 928 id
2968 870 3053 940 est
3082 870 3309 938 propter
3341 864 3583 944 fornica-

1988 951 2218 1025 tionem,
2239 950 2656 1022 immunditiam
2691 958 2745 1005 et
2770 953 3084 1028 avaritiam,
3116 956 3264 1029 venit
3286 957 3376 1028 ira
3403 955 3500 1008 Dei
3520 956 3582 1008 in

1986 1042 2128 1115 ﬁlios
2154 1041 2495 1113 difﬁdentiae,
2529 1039 2640 1093 sive
2665 1039 2889 1101 diaboli,
2921 1041 2975 1112 id
3007 1041 3170 1116 estin
3201 1041 3327 1112 illos
3356 1042 3450 1112 qui
3481 1058 3578 1120 pe-

1986 1111 2205 1182 rierunt
2231 1128 2289 1182 in
2311 1111 2516 1181 diluvio
2533 1133 2589 1181 et
2614 1129 2967 1198 postmodum
2992 1111 3051 1183 in
3072 1130 3328 1186 Sodomis
3345 1111 3580 1202 aliisque

1986 1216 2317 1283 civitatibus.
2344 1215 2432 1271 Illi
2454 1215 2678 1287 quidem
2706 1217 2799 1287 qui
2821 1217 2876 1270 in
2906 1217 3115 1284 diluvio
3136 1212 3579 1289 perierunt,pro-

1985 1311 2178 1377 pterea
2226 1305 2517 1376 perierunt
2565 1304 2694 1380 quia
2749 1311 2943 1358 contra
2991 1312 3327 1388 praeceptum
3354 1305 3577 1374 Domini

1987 1395 2175 1468 plures
2225 1386 2425 1448 uxores
2477 1398 2833 1463 acceperunt,
2865 1397 2921 1446 et
2963 1386 3160 1456 carnes
3189 1393 3586 1471 comederunt.

1983 1463 2202 1556 lieviori
2233 1498 2394 1554 poma
2424 1481 2836 1552 quodammodo
2864 1481 3151 1551 perierunt
3197 1465 3367 1551 quam
3388 1463 3577 1557 .Sodo-

1985 1553 2155 1634 mitte,
2197 1570 2292 1640 qui
2339 1553 2396 1642 in
2441 1569 2569 1641 igne
2597 1569 2846 1626 succensi
2875 1575 3026 1632 sunt,
3063 1569 3198 1640 quia
3238 1585 3348 1628 non
3375 1553 3579 1647 plures

1987 1674 2184 1734 uxores
2215 1663 2567 1733 acceperunt,
2602 1657 2696 1710 sed
2750 1656 3005 1735 insuper
3035 1658 3577 1735 contra_natui'alem

296 1741 592 1812 auditores
606 1743 842 1819 prolatio
861 1744 954 1819 sit.
977 1745 1220 1818 Ideoque
1234 1749 1396 1824 preci
1403 1749 1487 1820 pit
1505 1731 1809 1820 Apostolus
1833 1769 1900 1805 ea
1920 1731 1962 1788 Β
1983 1731 2142 1799 usum
2174 1731 2608 1798 fornica‘bantur-
2635 1744 2902 1798 Diabolus
2932 1731 3120 1798 autem
3151 1731 3463 1804 difﬁdentia
3483 1731 3579 1821 ap-

297 1845 518 1906 cavere,
553 1830 686 1904 quia
715 1831 784 1884 de
823 1833 1090 1906 omnibus
1139 1827 1320 1907 verbis
1375 1837 1569 1910 otiosis
1624 1839 1897 1910 reddituri
1931 1868 1934 1870 -

294 1923 432 1992 sunt
461 1918 718 1996 homines
738 1920 1034 1994 rationem.
1057 1919 1252 1996 Potest
1280 1930 1335 1978 et
1355 1925 1460 1979 hoc
1477 1926 1642 1980 aliter
1661 1926 1898 1998 intelligi

291 2006 448 2080 quod
479 2005 631 2070 dicit,
661 2008 757 2065 sed
789 2009 970 2080 magis
997 2010 1308 2085 gratiarum
1343 2013 1507 2068 actio.
1541 2001 1664 2068 Non
1691 2016 1802 2086 sint
1839 2015 1898 2068 in

292 2093 450 2148 vobis
470 2094 730 2172 ist-aquai
753 2097 1016 2170 dirimus,
1048 2100 1157 2174 sed
1175 2117 1279 2154 nec
1297 2102 1679 2174 nominentur,
1713 2104 1809 2158 sed
1826 2105 1897 2176 sit

287 2180 352 2257 in
380 2180 538 2258 vobis
558 2186 1060 2262 magisgratiarum
1091 2189 1255 2252 actio,
1283 2195 1344 2243 ut
1369 2191 1582 2260 gratias
1611 2192 1727 2262 Deo
1752 2191 1898 2246 refe-

288 2278 486 2346 rentes
513 2271 571 2326 in
600 2274 858 2329 omnibus
907 2291 1032 2346 quae
1087 2276 1258 2346 agitis
1286 2284 1340 2331 et
1386 2295 1510 2349 qua:
1541 2279 1779 2347 habetis,
1814 2281 1898 2334 vel

288 2359 420 2418 sitis
445 2376 545 2434 vos
570 2361 806 2430 gratiosi
837 2369 892 2416 et
920 2366 1135 2435 accepti
1165 2365 1281 2419 Deo
1311 2376 1367 2420 et
1397 2367 1734 2440 hominibus.

324 2449 440 2503 Hoc
460 2456 609 2513 enim
623 2453 806 2504 scitote
830 2455 1194 2520 intelligentes
1217 2457 1361 2524 quod
1371 2472 1496 2510 omn
1507 2459 1551 2526 is
1563 2460 1888 2524 fornicator,

284 2542 390 2612 aut
403 2539 856 2612 immundus,aut
869 2544 1244 2615 aval‘us,qu.od
1260 2549 1331 2597 est
1347 2546 1622 2598 idolorum
1636 2550 1797 2598 servit
1807 2563 1886 2606 us,

285 2640 408 2677 non
427 2626 586 2679 habet
619 2627 990 2702 hereditatem.
1003 2633 1065 2682 in
1088 2645 1253 2698 regno
1267 2632 1472 2686 Christi
1491 2637 1538 2685 et
1559 2633 1673 2685 lJc-i.
1713 2633 1891 2702 Supe-

291 2713 419 2768 rius
443 2717 566 2785 jam
593 2715 834 2791 diximus
853 2718 921 2792 de
950 2717 1039 2771 his
1060 2718 1224 2780 vitiis,
1243 2735 1392 2774 nunc
1415 2719 1697 2774 videamus
1726 2737 1897 2791 quare

287 2801 445 2856 dicat
501 2805 794 2860 avaritiam
848 2806 1275 2876 simulacrorum
1303 2808 1652 2866 servitutem.
1693 2810 1757 2876 ln
1794 2810 1897 2863 hoc

285 2907 429 2967 ergo
460 2892 668 2966 dicitur
719 2910 842 2952 esse
897 2895 1132 2950 avaritia
1178 2896 1607 2969 simulacrorum
1633 2898 1892 2965 servitus,

1980 1834 2240 1905 pellatur,
2266 1833 2397 1906 quia
2417 1832 2674 1887 homines
2692 1832 2947 1902 difﬁdere
2967 1840 3023 1887 et
3051 1833 3108 1887 in
3124 1832 3574 1906 desperationem

1979 1904 2178 1980 Cadere
2205 1904 2356 1990 facit.
3210 1988 3212 1990 _

2054 2011 2231 2083 Nolite
2254 2026 2378 2076 ergo
2399 2011 2543 2077 efﬁci
2550 2011 2865 2084 participes,
2889 2008 2947 2081 id
2967 2013 3070 2082 est,
3093 2009 3266 2064 nolite
3286 2009 3416 2085 ilicis
3443 2009 3572 2086 imi-

1981 2099 2110 2172 tari,
2141 2100 2273 2172 quia
2319 2098 2367 2152 si
2413 2097 2632 2151 fueritis
2687 2097 2822 2150 socii
2873 2096 2934 2150 in
2979 2112 3169 2168 opere,
3223 2098 3382 2170 eritis
3423 2102 3481 2170 et
3515 2099 3575 2169 in

1981 2203 2162 2258 poma.
2952 2241 2958 2256 ι
3032 2251 3034 2255 ι
3289 2255 3292 2258 ⁴
3395 2244 3401 2261 ,
3468 2249 3506 2258 ι,

2051 2277 2236 2330 Eratis
2255 2279 2404 2350 enim
2427 2276 2733 2344 aliquando
2755 2275 3000 2344 teneam,
3017 2290 3170 2344 nunc
3189 2281 3375 2344 autem
3400 2278 3498 2330 tux
3513 2279 3575 2344 in

1979 2347 2213 2434 Domino
2237 2347 2450 2436 (Ep/tes,
2469 2368 2538 2429 vf),
2566 2363 2617 2434 id
2637 2370 2722 2418 est
2764 2364 2936 2428 eratis
2967 2368 3286 2437 peccatores
3336 2369 3394 2435 et
3420 2364 3578 2440 igneo.

1978 2460 2168 2507 rantes
2199 2454 2374 2508 Deum
2427 2460 2730 2522 antequam
2761 2451 2829 2523 ad
2861 2451 3029 2524 ﬁdem
3059 2451 3342 2524 veniretis,
3381 2459 3444 2510 et
3475 2441 3577 2508 filii

1975 2541 2181 2594 diaboli
2215 2541 2478 2611 principis
2508 2520 2866 2606 tenebrarum
2896 2558 2907 2599 ;
2942 2520 3107 2593 nti-odd
3135 2520 3578 2614 estisjiistilieati

1971 2647 2074 2702 per
2102 2630 2292 2695 fidem,
2318 2647 2417 2699 per
2438 2628 2798 2700 baptismum,
2824 2640 2880 2682 et
2907 2627 3031 2697 Filii
3053 2628 3164 2696 Dei,
3190 2645 3292 2700 per
3319 2629 3576 2700 adoptio-

1979 2735 2131 2790 nem,
2185 2718 2278 2789 qui
2323 2718 2464 2772 dixit
2491 2735 2502 2771 ε
2535 2719 2642 2785 Ego
2671 2733 2794 2770 sum
2854 2720 2953 2769 tua:
2979 2719 3182 2771 mundi
3207 2718 3390 2784 (Joan.
3419 2720 3575 2789 vni).

1979 2806 2333 2877 Quapropter
2348 2808 2548 2876 utﬁlii
2570 2809 2704 2875 lucis
2725 2806 3023 2875 ambulate,
3041 2804 3154 2876 hoc
3180 2810 3267 2859 est
3291 2810 3354 2860 ut
3381 2805 3484 2876 ﬁlii
3502 2805 3579 2876 vi-

1975 2902 2064 2962 tae,
2099 2901 2157 2949 et
2179 2895 2585 2966 conversamini
2613 2900 2804 2964 sancte
2859 2899 2916 2948 et
2961 2893 3345 2964 immaculato,
3369 2893 3571 2966 ambu-

285 2980 432 3051 quia
456 2981 604 3056 sicut
633 2981 728 3036 ille
757 2983 930 3056 servit
955 2983 1194 3050 diabolo,
1230 2984 1327 3054 qui
1357 2986 1756 3055 omnipotentis
1795 2987 1894 3042 Dei
1912 3033 1958 3060 η
1977 2985 2158 3058 iantes
2184 2986 2246 3052 de
2267 2988 2473 3038 virtute
2503 2986 2566 3037 in
2595 2987 2856 3040 virtutem
2885 2985 3048 3055 (Psat.
3072 2985 3329 3056 Lxxxui).
3350 2975 3575 3056 Quanta

281 3069 578 3144 culturam
598 3069 658 3124 st
678 3071 1006 3145 religionem
1033 3089 1154 3145 quae
1175 3073 1258 3126 illi
1284 3073 1387 3127 soli
1409 3076 1686 3133 convenit.
1717 3083 1771 3128 et
1787 3075 1896 3128 sin-

280 3158 493 3228 gulare
507 3175 709 3233 nomen
728 3157 790 3230 ut
806 3161 961 3234 solus
989 3162 1138 3226 Deus
1169 3169 1413 3226 vocetur,
1441 3170 1710 3232 quantum
1739 3163 1797 3218 in
1834 3180 1894 3216 se

280 3254 372 3300 est
407 3246 490 3298 illi
519 3247 702 3320 aufert
725 3255 781 3302 et
801 3248 1148 3303 daemonibus
1176 3249 1471 3322 impendit,
1495 3251 1574 3324 ita
1603 3251 1766 3312 etille
1783 3269 1895 3305 ser-

281 3335 366 3402 vit
411 3333 657 3401 diabolo,
689 3337 786 3407 qui
825 3337 1226 3409 omnipotentis
1257 3339 1356 3392 Dei
1387 3340 1726 3405 communia,
1768 3358 1894 3413 qua:

278 3421 557 3494 omnibus
587 3423 904 3496 hominibus
933 3427 1310 3480 communiter
1337 3427 1469 3498 data
1495 3436 1645 3500 sunt,
1673 3428 1728 3483 in
1755 3446 1893 3500 pro-

275 3511 443 3583 prios
486 3511 592 3584 sibi
617 3507 752 3572 usus
786 3514 933 3586 male
961 3521 1213 3588 usurpat.
1267 3516 1487 3588 Aliter:
1534 3523 1683 3588 recte
1723 3519 1892 3572 etiam

275 3599 527 3672 avaritia
546 3600 872 3656 idololatriae
900 3609 1280 3674 comparatur,
1313 3605 1443 3676 quia
1489 3607 1624 3660 dum
1655 3607 1893 3660 metallis

275 3688 414 3742 auri
436 3694 496 3744 et
523 3691 760 3764 argenti,
787 3692 855 3750 de
872 3693 1074 3763 quibus
1113 3693 1414 3749 simulacra
1444 3695 1606 3760 fiunt,
1642 3696 1892 3750 homines

273 3777 662 3848 immoderate
681 3780 953 3852 serviunt,
971 3788 1024 3835 et
1039 3781 1302 3838 denarios
1314 3785 1682 3855 constituunt,
1699 3785 1753 3838 in
1777 3788 1896 3856 qui-

273 3864 388 3920 bus
409 3865 689 3940 imagines
703 3869 844 3940 ﬁnnt
864 3869 1286 3942 imperatorum,
1306 3887 1509 3925 aurum
1526 3879 1583 3926 et
1599 3881 1892 3943 argentum

270 3971 384 4028 pro
399 3955 522 4009 Deo
544 3964 902 4022 venerantur,
926 3958 1054 4028 quia
1083 3959 1228 4032 servi
1248 3967 1381 4018 sunt
1412 3961 1753 4030 divitiarum.
1791 3962 1894 4016 Vel

271 4043 459 4098 tertio
491 4046 679 4110 modo,
701 4046 993 4100 avaritiam
1027 4045 1354 4102 idololatriae
1384 4048 1509 4103 ideo
1530 4050 1892 4119 comparavit,

274 4141 343 4208 ut
409 4131 558 4194 nihil
588 4133 687 4188 illa
721 4134 1011 4191 scelestius
1061 4136 1493 4191 demonstraret.
1528 4137 1703 4192 Radix
1747 4139 1893 4194 enim

274 4219 553 4275 omnium
588 4222 864 4276 malorum
895 4230 981 4278 est
1017 4224 1271 4294 avaritia.
1316 4226 1384 4280 Et
1426 4227 1731 4280 notandum
1765 4228 1897 4297 quia

269 4309 531 4379 loquens
560 4308 630 4362 de
656 4310 1023 4379 turpitudine,
1060 4313 1412 4383 stultiloquio
1445 4323 1503 4367 et
1530 4315 1890 4380 scurrilitate,
1912 4346 1960 4404 Β

275 4414 401 4454 non
420 4397 718 4470 subiungit
735 4400 882 4469 quod
899 4401 1036 4455 talia
1056 4402 1320 4458 facientes
1339 4404 1648 4473 possessuri
1689 4420 1799 4458 non
1816 4421 1897 4459 es.

274 4494 415 4562 sent
437 4503 676 4556 regnum
692 4487 919 4553 Christi,
944 4488 1090 4544 sicut
1107 4475 1176 4543 de
1189 4491 1574 4558 fornicatione,
1596 4490 1896 4548 immundi-

273 4576 360 4650 tia
389 4581 454 4630 et
486 4575 743 4638 avaritia.
778 4575 899 4640 Quo
950 4576 1096 4632 facto
1137 4579 1388 4649 ostendit
1413 4580 1635 4649 quidem
1661 4581 1756 4646 illa
1772 4597 1894 4634 esse

272 4668 608 4739 peccatum,
633 4663 740 4736 ista
759 4681 889 4731 vero
905 4667 1104 4735 magis,
1129 4683 1194 4720 eo
1215 4668 1362 4738 quod
1386 4675 1651 4737 separant
1668 4686 1701 4722 a
1724 4685 1894 4739 regno

268 4754 518 4809 Christi.
531 4752 785 4823 Regnum
801 4760 991 4810 autem
1008 4755 1214 4809 Christi
1236 4762 1292 4810 et
1304 4756 1408 4822 Dei
1422 4756 1602 4810 Patris
1614 4757 1753 4810 dixit
1767 4759 1895 4827 quia

269 4842 435 4906 sicut
447 4856 562 4894 una
575 4847 660 4898 est
673 4841 990 4897 substantia
1008 4842 1193 4912 Patris
1212 4849 1269 4897 et
1289 4844 1416 4898 Filii
1441 4852 1496 4898 et
1515 4845 1756 4915 Spiritus
1774 4863 1897 4900 san-

276 4931 379 4995 cti,
400 4930 485 4983 ita
506 4936 593 4983 est
611 4945 726 4984 una
747 4937 1015 5001 potestas,
1034 4947 1146 4986 una
1168 4932 1414 4998 trinitas,
1431 4949 1606 4987 unum
1619 4950 1856 5003 regnum
1875 4980 1886 4990 .

342 5019 532 5072 Nemo
562 5033 651 5071 vos
687 5020 904 5090 seducet
935 5021 1202 5074 inanibus
1253 5022 1448 5076 verbis.
1499 5019 1700 5088 Inania
1726 5022 1893 5090 verba

267 5105 692 5178 loquuntur,id
714 5112 818 5172 est,
843 5124 966 5178 quae
985 5108 1197 5162 nullius
1217 5109 1478 5176 utilitatis
1499 5121 1651 5177 sunt,
1686 5111 1782 5181 qui
1810 5111 1892 5176 di-

272 5201 426 5250 cunt
447 5193 599 5264 apud
627 5193 835 5250 inferos
867 5195 1035 5263 aliam
1079 5212 1302 5266 pmnam
1336 5214 1447 5252 non
1475 5198 1760 5265 sustineri,
1782 5200 1890 5254 nisi

270 5275 638 5353 conscientia
665 5282 888 5353 prOpria
911 5287 1183 5355 torqueri,
1212 5302 1324 5354 non
1353 5287 1709 5342 attendentes
1743 5289 1891 5359 quod

269 5373 425 5427 dicit
452 5368 632 5440 Isaias
669 5370 726 5424 in
748 5372 860 5426 ﬁne
885 5373 973 5426 sui
1005 5373 1302 5428 voluminis
1331 5375 1400 5428 de
1429 5375 1680 5446 reprobis
1713 5391 1721 5430 :
1767 5378 1888 5430 Ver-

269 5465 390 5534 τηξξ
424 5466 1072 5532 ερταρὶηρηῃφρνξφιυτ,
1105 5468 1153 5516 ει
1172 5465 1322 5533 ignis
1353 5479 1469 5549 ῃρη.
1489 5466 1888 5548 etv-sineretur.

272 5555 417 5622 (Isa.
451 5548 526 5606 v).
561 5545 680 5601 Erit
709 5548 864 5603 enim
909 5549 987 5603 ibi
1040 5567 1208 5621 paena
1234 5545 1384 5606 intra
1413 5567 1574 5605 suam
1603 5545 1891 5605 conscien-

1977 3072 2247 3140 distantia
2263 3077 2347 3150 est
2367 3071 2711 3145 interlucem
2729 3077 2786 3130 et
2816 3063 3093 3144 tenebras,
3117 3075 3278 3148 tanta
3305 3070 3576 3148 distantia

1979 3168 2064 3220 est
2088 3161 2237 3214 inter
2267 3161 2456 3214 lumen
2483 3159 2612 3212 ﬁdei
2644 3165 2702 3214 et
2725 3159 3060 3233 cognitionis
3113 3157 3235 3235 Dei,
3266 3157 3573 3235 bonorum-

1977 3267 2084 3322 que
2104 3266 2358 3323 operum,
2383 3255 2438 3320 et
2483 3247 2632 3320 inter
2659 3248 2924 3304 tenebras
2960 3247 3309 3309 infidelitatis
3338 3253 3396 3317 et
3420 3249 3578 3320 igno-

1975 3340 2175 3394 rantiae
2205 3345 2374 3409 atque
2400 3337 2630 3409 peccati.
2946 3402 2950 3406 ,
3082 3387 3089 3413 ι
3208 3403 3232 3413 _,
3381 3409 3384 3414 λ
3443 3403 3486 3414 ,.

2046 3430 2278 3494 Fructus
2289 3431 2436 3482 enim
2457 3429 2616 3492 lucis,
2633 3425 2686 3478 id
2699 3430 2786 3484 est
2801 3425 3052 3496 operatio
3086 3421 3245 3501 bona;
3272 3442 3572 3484 conversa-

1977 3517 2144 3572 tionis
2166 3523 2223 3571 et
2243 3516 2390 3576 lidei.
2406 3519 2466 3570 in
2480 3516 2637 3568 omni
2660 3517 2919 3588 bonitate.
2936 3520 2984 3580 et
2994 3517 3244 3588 justiiz'a,
3267 3520 3314 3587 et
3344 3519 3574 3570 veritate

1974 3607 2176 3678 vivere,
2208 3611 2272 3675 ut
2292 3605 2387 3676 qui
2438 3605 2604 3657 ﬁdem
2652 3601 2856 3673 habet,
2884 3603 3188 3690 lumenque
3241 3602 3576 3677 cognitionis

1972 3695 2096 3766 .Dei,
2120 3695 2311 3766 omnia
2342 3692 2488 3746 bona
2517 3706 2688 3764 opera
2739 3695 3003 3762 sectetur,
3036 3691 3189 3764 iuste
3233 3690 3397 3761 vivat,
3445 3707 3576 3746 vera

1975 3765 2243 3853 loquatur
2272 3781 2341 3836 ad
2375 3780 2711 3852 proximum,
2753 3779 3050 3836 attendens
3080 3778 3229 3850 quod
3269 3777 3575 3853 Apostolus

1979 3871 2199 3944 subdit:
2231 3871 2522 3940 Probantes
2577 3869 2713 3938 quid
2741 3871 2810 3921 sit
2840 3869 3237 3940 beneplacitum
3267 3867 3388 3941 Deo.
3418 3867 3579 3922 Sicut

1978 3959 2269 4030 trapezita,
2293 3957 2347 4012 id
2379 3963 2464 4012 est
2493 3945 2856 4025 monetarius,
2905 3954 3103 4025 probat
3143 3955 3388 4029 metaila,
3421 3971 3573 4030 κροκι-

1977 4049 2131 4116 dere,
2165 4045 2408 4118 puritate
2438 4051 2495 4099 et
2540 4044 2769 4110 tinnitu,
2819 4043 2899 4096 ita
2943 4042 3211 4115 debemus
3263 4059 3367 4100 nos
3405 4059 3577 4114 opera

1978 4143 2171 4191 nostra
2199 4135 2452 4206 probare.
2487 4132 2766 4190 Debemus
2785 4132 2881 4186 illa
2910 4131 3148 4205 probare
3169 4131 3574 4207 pondere,.cqn-

1978 4225 2293 4300 siderantes
2321 4229 2533 4293 quanta
2577 4228 2634 4276 et
2657 4238 2825 4292 quam
2882 4237 3087 4292 magna
3118 4220 3573 4294 .sint,,.1?uritate,

1977 4301 2168 4382 utrum
2200 4329 2340 4384 puro
2366 4317 2423 4365 et
2441 4310 2680 4383 simplici
2716 4309 2926 4374 animo,
2975 4309 3233 4384 bonaque
3261 4309 3576 4370 intentione

1978 4405 2118 4462 ﬁant
2143 4422 2156 4456 :
2188 4393 2413 4461 tinnitu,
2444 4406 2636 4454 utrum
2665 4397 2868 4458 bonam
2897 4399 3104 4472 famam
3126 4399 3196 4471 de
3224 4415 3286 4474 se
3314 4399 3572 4472 reddant.

2053 4483 2548 4561 ania,subaudis
2562 4504 2758 4560 opera,
2777 4505 2895 4557 qua
2914 4488 3328 4559 arguuntur,id_
3347 4494 3434 4562 est
3453 4503 3575 4562 quae

1977 4578 2517 4651 reprehenduntura
2536 4576 2695 4630 bonis
2721 4582 2779 4630 et
2797 4577 3003 4629 sanctis
3023 4575 3342 4658 hominibus
3372 4575 3432 4630 in
3460 4591 3576 4647 ma-

1978 4669 2046 4723 lis
2072 4688 2084 4737 ;
2109 4685 2142 4721 a
2176 4670 2407 4734 lumine,
2427 4666 2479 4722 id
2515 4672 2602 4720 est
2615 4665 2685 4719 ab
2713 4664 2824 4718 illis
2845 4664 2948 4734 qui
2971 4663 3070 4734 ﬁlii
3098 4662 3238 4735 lucis
3255 4668 3414 4726 sunt,
3448 4678 3575 4715 ma-

1937 4750 2342 4826 ‘nifestantur,
2375 4771 2486 4809 non
2541 4770 2664 4808 esse
2713 4753 2880 4806 bona.
2915 4750 3176 4816 Quandiu
3222 4749 3371 4806 enim
3423 4749 3574 4816 mala

1977 4862 2151 4916 opera
2182 4861 2295 4907 non
2317 4842 2807 4914 reprehenduntur
2848 4857 2882 4896 a
2937 4839 3116 4903 bonis,
3153 4838 3414 4906 videntur
3450 4853 3573 4896 esse

1977 4931 2124 4996 bona
2154 4933 2318 5000 malis
2350 4951 2361 4985 :
2393 4948 2521 4998 cum
2551 4947 2681 4984 vero
2729 4928 2856 4983 boni
2884 4927 3151 4998 coeperint
3171 4927 3574 5000 ealreprehen-

1975 5023 2127 5088 dere,
2162 5021 2535 5078 ostenduntur
2574 5035 2686 5085 non
2707 5033 2828 5084 esse
2856 5016 3020 5070 bona.
3057 5017 3404 5100 Omneenim,
3429 5019 3576 5088 quod

1974 5113 2374 5178 manifestatur
2406 5111 2592 5170 lumen
2621 5111 2715 5166 est,
2747 5106 2804 5172 id
2861 5111 2947 5160 est
2998 5121 3167 5171 omne
3195 5105 3405 5176 malum
3433 5121 3576 5176 Opus

1973 5199 2120 5270 quod
2144 5199 2536 5254 manifestatur
2566 5212 2664 5266 per
2694 5194 3098 5263 confessionem
3124 5183 3244 5280 eive
3271 5211 3374 5266 per
3393 5195 3575 5267 pceni-

1971 5289 2230 5350 tentiam,
2277 5286 2469 5340 lumen
2491 5290 2594 5338 est.
2636 5284 2850 5351 Lumen
2881 5285 3000 5353 jam
3030 5281 3232 5355 incipit
3255 5299 3401 5351 esse,
3439 5284 3574 5356 quiia

1972 5376 2182 5442 bonum
2210 5381 2295 5430 est
2308 5379 2373 5439 ut
2388 5380 2618 5444 peccata
2654 5390 2755 5445 per
2785 5372 3188 5438 confessionem
3206 5378 3265 5428 et
3292 5371 3573 5444 poeniten-

1976 5465 2113 5530 tiam
2141 5462 2591 5540 manifestentun
2637 5527 2641 5530 ,
2755 5521 2767 5534 ,
2829 5521 2856 5532 ..
3089 5525 3135 5532 .,
3221 5505 3267 5531 ι,
3371 5525 3374 5528 .
3429 5519 3433 5527 .

2051 5554 2277 5617 Propter
2330 5554 2473 5620 quod
2527 5553 2699 5606 dicit:
2733 5550 2868 5614 Quis
2931 5554 3017 5602 est
3049 5549 3144 5619 qui
3204 5545 3379 5599 dicit?
3435 5543 3573 5596 dicit

2755 5521 2767 5534 Ι
