3966 6156
482 207 585 266 7‘27

905 209 1280 264 llAYMONIS
1322 207 1807 262 HALBERSTAT.
1855 206 2075 261 EPISC.
2118 206 2278 261 OPP.
2322 205 2503 259 PARS
2542 206 2587 258 Ι.
2633 235 2699 245 -
2739 205 3113 261 COMMENT.
3156 203 3334 258 BIBL.

3615 203 3702 261 7'28

487 335 689 390 beatus
734 324 1308 405 Hieronymus,'quia
1343 348 1525 402 neque
1562 333 1620 386 in
1659 331 1848 385 Veteri
1885 333 2078 385 Testa-
2100 333 2150 391 Α
2154 335 2370 404 pterea,
2405 328 2687 400 inquiens,
2746 328 2877 398 quia
2917 327 3035 380 dies
3091 326 3222 380 mali
3266 330 3412 391 sunt,
3449 327 3503 381 in
3536 327 3707 398 quibus

493 429 706 490 mento,
736 439 918 492 neque
946 422 1006 476 in
1037 421 1334 491 Evangelia
1365 421 1472 474 iste
1501 420 1804 474 versiculus
1854 419 2090 473 inveniri

495 515 699 584 potest,
728 510 835 564 nisi
863 508 1254 563 tantummodo
1282 508 1340 561 in
1362 507 1470 561 isto
1497 507 1638 572 loco,
1672 507 1780 560 nisi
1811 512 1864 561 et
1895 507 1965 560 ab
1988 508 2094 560 hoc

493 599 615 654 loco
645 597 885 668 exempli
912 612 1082 651 causa
1109 597 1184 650 sit
1239 595 1372 649 alibi
1426 595 1642 665 positus
1689 611 1722 648 a
1747 594 2087 649 doctoribus.

494 688 588 744 Sic
612 702 739 742 cum
767 687 1004 740 dictaret
1031 685 1334 755 Apostolus
1355 685 1500 738 hanc
1544 679 1870 755 Epistulam,
1902 683 2088 738 subito

493 775 737 847 Spiritus
773 791 875 844 per
928 790 1057 827 eum
1106 773 1325 827 locutus
1369 778 1457 827 est
1520 773 1642 838 hoc,
1702 773 1849 827 sicut
1885 779 1942 826 et
1977 772 2089 826 alia

493 863 694 924 multa,
713 861 950 930 ideoque
970 861 1081 915 ait:
1111 863 1341 928 Propter
1376 862 1537 928 quod,
1558 860 1613 914 id
1644 866 1731 914 est
1760 861 1894 930 quia
1923 876 2088 914 omne

494 951 644 1021 quod
697 949 1095 1003 manifestatur
1131 965 1231 1019 per
1268 948 1698 1010 confessionem,
1734 950 1853 1019 jam
1892 948 2092 1018 incipit

492 1039 684 1093 lumen
705 1053 848 1101 esse,
869 1037 1005 1091 dicit
1037 1037 1283 1108 Spiritus
1312 1043 1562 1105 sanctus,
1583 1037 1851 1091 subaudis
1860 1053 1961 1107 per
1977 1052 2087 1091 me.

493 1126 687 1194 Surge,
723 1129 821 1195 qui
844 1128 1054 1180 dormis
1085 1132 1131 1179 et
1161 1141 1387 1193 exsurge
1415 1143 1449 1178 ιι
1492 1129 1748 1191 mortuis,
1777 1131 1826 1179 et
1869 1128 2093 1179 illumi-

493 1217 651 1269 nabit
682 1220 728 1268 te
759 1213 1029 1269 Christus.
1055 1214 1313 1268 Dormire
1358 1214 1562 1267 dicitur
1591 1220 1648 1267 et
1677 1220 1932 1268 mortuus
1969 1230 2092 1268 esse

494 1303 590 1373 qui
619 1302 678 1356 in
732 1309 957 1373 peccato
1006 1303 1174 1370 jacet,
1209 1302 1340 1371 quia
1391 1301 1582 1354 anima
1619 1318 1742 1370 quae
1781 1301 2091 1372 peccaverit

494 1391 616 1461 ipsa
645 1391 939 1445 morietur.
963 1390 1141 1459 Surge
1164 1390 1233 1444 de
1255 1389 1404 1443 vitiis
1454 1390 1524 1443 ad
1566 1389 1818 1456 virtutes,
1841 1390 1938 1461 qui
1967 1390 2091 1444 dor-

493 1478 602 1531 mis
621 1477 787 1531 modo
816 1477 871 1530 in
909 1477 1169 1547 peccatis,
1200 1493 1434 1547 exsurge
1465 1494 1499 1530 a
1527 1478 1764 1532 mortuis
1793 1479 1862 1532 ad
1892 1477 2084 1544 vitam,

495 1566 564 1619 de
595 1571 824 1636 peccato
854 1567 924 1619 ad
947 1565 1090 1620 bona
1124 1581 1313 1636 opera,
1337 1572 1394 1619 et
1418 1565 1688 1636 praebebit
1706 1566 1806 1620 tibi
1828 1567 2083 1620 Christus

2176 419 2349 472 multa
2377 418 2523 471 mala
2555 417 2717 481 ﬁunt,
2753 419 2920 470 nolite
2946 419 3069 482 ﬁeri
3095 417 3473 482 imprudentes,
3489 414 3592 469 sive
3616 433 3709 471 non

2175 505 2614 568 considerantes.
2631 505 2721 558 sed
2743 508 2919 558 estote
2945 506 3305 571 intelligentes
3325 519 3438 570 qua:
3455 505 3520 556 sit
3543 507 3710 560 volun-

2179 601 2260 648 tas
2289 596 2402 660 Dei,
2434 593 2492 647 id
2519 598 2607 647 est
2630 593 2764 664 quid
2797 592 3014 662 placeat
3043 591 3176 656 Deo,
3200 590 3331 645 etin
3348 589 3540 661 quibus
3557 593 3712 662 operi-

2176 683 2279 737 bus
2308 683 2564 736 voluntas
2594 681 2694 736 Dei
2722 680 3043 752 impleatur.

2240 772 2307 825 Et
2338 773 2505 824 nolite
2531 772 2806 824 inebriari
2840 771 2989 830 cina,
3038 771 3102 823 in
3131 785 3235 837 quo
3286 773 3359 821 est
3389 770 3618 833 luxuria,
3645 771 3715 822 sed

2171 861 2528 926 impleamini
2553 858 2773 927 Spiritu
2796 863 3000 913 sancto.
3033 857 3143 912 Per
3179 855 3454 911 luxuriam
3488 854 3717 911 debemus

2171 947 2484 1017 intelligere
2513 947 2700 1000 omnia
2729 947 2862 1000 vitia
2890 963 3014 1017 quae
3065 962 3167 1017 per
3213 944 3534 999 ebrietatem
3568 944 3720 998 solent

2173 1036 2416 1099 evenire,
2441 1036 2593 1106 quia,
2628 1042 2689 1088 ut
2724 1035 2952 1105 quidam
2983 1035 3179 1090 doctor
3200 1034 3354 1097 dicit,
3383 1032 3608 1087 ebrietas
3622 1033 3720 1087 nul-

2174 1123 2291 1178 lum
2321 1123 2521 1178 vitium
2565 1131 2810 1178 excusat.
2847 1123 2955 1178 Sed
2995 1123 3303 1178 notandum
3335 1122 3464 1193 quia
3503 1122 3634 1176 sicut
3656 1121 3722 1175 illi

2176 1212 2269 1284 qui
2299 1213 2589 1283 replentur
2625 1212 2772 1278 vino,
2805 1213 3097 1282 replentur
3131 1209 3533 1274 inverecundis,
3573 1210 3722 1280 impa-

2173 1301 2391 1367 tientia,
2437 1302 2676 1365 luxuria,
2717 1301 3088 1371 impudicitia,
3118 1299 3399 1371 superbia,
3439 1299 3724 1368 caaterisque

2173 1389 2360 1446 vitiis:
2428 1390 2508 1443 ita
2545 1389 2630 1443 illi
2665 1390 2761 1460 qui
2801 1389 3092 1459 replentur
3150 1388 3361 1459 Spiritu
3400 1399 3580 1441 sancto
3604 1425 3616 1448 ,
3651 1401 3723 1439 re-

2171 1478 2399 1548 plentur
2427 1477 2706 1542 castitate,
2747 1477 3084 1543 humilitate,
3122 1475 3563 1540 mansuetudine,
3589 1481 3725 1529 catc-

2177 1567 2364 1638 risque
2392 1567 2713 1632 virtutibus,
2744 1569 3015 1636 loquentes
3045 1567 3436 1634 robz‘smetipsis
3453 1567 3512 1617 in
3530 1564 3725 1631 psalmis

492 1654 684 1708 lumen
708 1653 838 1708 ﬁdei
863 1662 915 1707 et
943 1654 1277 1723 cognitionis
1302 1655 1754 1725 suae,lumenque
1783 1654 1941 1709 bonae
1961 1671 2090 1726 ope-
2107 1643 2153 1702 Β
2176 1661 2225 1709 et
2251 1657 2476 1725 hymnis
2504 1662 2554 1709 et
2581 1658 2813 1710 canticis
2839 1651 3667 1723 spiritualibus.Nobismetipsis
3680 1650 3725 1704 in

487 1741 742 1796 rationis.

560 1831 798 1896 Fratres,
819 1832 992 1884 videte
1011 1832 1277 1898 quomodo
1297 1835 1452 1883 caute
1482 1847 1572 1884 am
1581 1833 1912 1896 buletis,non
1930 1834 2093 1900 quasi

491 1911 835 1986 insipientes,
873 1920 964 1972 sed
993 1923 1055 1972 ut
1078 1921 1373 1986 sapientes.
1431 1919 1753 1989 Alloquitur
1788 1921 2090 1990 Apostolus

492 2006 780 2078 Ephesios,
833 2017 890 2059 et
945 2006 1004 2059 in
1035 2005 1145 2059 illis
1177 2021 1374 2059 omnes
1407 2006 1684 2066 homines,
1717 2008 2090 2079 hortaturque

489 2099 554 2148 ut
566 2104 727 2148 caute
739 2093 1155 2148 etconsiderate
1174 2093 1362 2146 vivant
1385 2093 1530 2148 sicut
1557 2095 1858 2166 sapientes,
1892 2101 1948 2150 et
1976 2113 2089 2152 non

491 2180 636 2235 sicut
661 2181 1016 2251 insipientes.
1053 2181 1278 2234 Fratres
1307 2187 1495 2234 autem
1556 2183 1681 2235 illos
1711 2190 1870 2236 vocat
1893 2185 1945 2237 in
1979 2186 2089 2240 ﬁde

493 2274 551 2322 et
577 2268 635 2322 in
665 2269 932 2322 societate
954 2267 1286 2333 dilectionis,
1311 2269 1445 2338 quia
1470 2286 1648 2324 unum
1671 2272 1894 2326 Patrem
1909 2274 2094 2328 omni-

489 2362 776 2428 potentem
804 2357 983 2410 Deum
1005 2372 1199 2410 omnes
1226 2356 1500 2412 habemus
1534 2377 1544 2410 :
1569 2375 1681 2414 non
1711 2377 1812 2430 per
1833 2366 2095 2416 naturam

493 2445 592 2498 sed
623 2461 725 2516 per
743 2444 1122 2513 adeptionem.
1147 2444 1370 2508 Videte,
1392 2445 1616 2505 fratres,
1646 2446 1704 2500 id
1725 2452 1812 2501 est
1839 2449 2088 2503 conside-

491 2536 615 2586 rate
639 2531 917 2603 quomodo
942 2539 1104 2585 caute
1133 2531 1430 2586 ambuletis
1455 2539 1512 2587 et
1526 2534 1782 2589 ordinate
1812 2536 2007 2590 vivatis
2036 2543 2093 2591 et

495 2620 903 2674 conversamini
918 2620 978 2673 in
1015 2620 1200 2674 medio
1236 2621 1480 2675 nationis
1501 2639 1682 2693 pravae
1711 2631 1769 2678 et
1798 2641 2089 2694 perverse,

492 2724 604 2763 non
637 2709 797 2779 quasi
821 2708 1166 2779 insipientes,
1185 2709 1236 2762 id
1253 2716 1339 2763 est
1365 2710 1618 2764 inﬁdeles
1637 2713 1729 2781 qui
1753 2729 1864 2766 non
1885 2713 2095 2768 habent

491 2797 825 2869 sapientiam
852 2812 1041 2851 veram
1075 2797 1132 2851 in
1181 2814 1241 2851 se
1270 2797 1554 2852 Christum
1585 2799 1953 2864 habitantem,
1994 2803 2093 2857 sed

490 2891 557 2941 ut
582 2885 864 2957 sapientes
893 2885 1088 2939 ﬁdeles
1111 2886 1204 2956 qui
1221 2886 1553 2957 sapientiam
1575 2887 2003 2944 substantialem
2033 2890 2094 2946 in

2172 1743 2404 1815 psalmis
2429 1743 2737 1814 loquimur,
2758 1742 2981 1814 quando
3001 1741 3325 1796 alternatim
3345 1741 3584 1795 canimus
3609 1739 3726 1810 psal-

2173 1848 2315 1885 mos.
2346 1831 2555 1886 Psalmi
2585 1831 2851 1885 dicuntur
2879 1847 2911 1884 a
2953 1831 3261 1902 psallendo,
3309 1829 3404 1901 qui
3431 1829 3485 1882 in
3514 1828 3722 1900 psalmis,

2174 1919 2231 1973 id
2253 1920 2414 1974 estin
2443 1920 2707 1990 psalterio
2741 1919 3122 1974 inveniuntur.
3152 1920 3413 1990 Hymnus
3439 1917 3628 1983 Graece,
3647 1917 3727 1970 La-

2173 2008 2289 2062 tine
2318 2009 2541 2078 eloquio
2571 2014 2734 2062 sonat
2759 2009 2882 2062 laus
2902 2008 3022 2062 Dei.
3060 2008 3320 2079 Hymnus
3349 2010 3531 2060 autem
3551 2004 3592 2058 si
3610 2018 3723 2056 com-

2174 2097 2404 2168 ponitur
2415 2103 2472 2150 et
2490 2113 2598 2150 non
2626 2101 2904 2161 cantatur,
2926 2112 3037 2149 non
3057 2102 3146 2150 est
3186 2096 3433 2167 hymnus
3454 2094 3526 2148 :si
3543 2107 3728 2162 compo-

2174 2186 2330 2240 nitur
2363 2191 2420 2240 et
2448 2191 2728 2252 cantatur,
2772 2185 2870 2239 sed
2899 2202 3011 2240 non
3039 2185 3098 2239 in
3126 2184 3354 2238 laudem
3383 2183 3500 2247 Dei,
3538 2196 3636 2235 non
3659 2185 3726 2232 est

2182 2274 2446 2344 hymnus.
2473 2275 2726 2346 Hymnos
2753 2272 2941 2328 autem
2967 2274 3216 2340 Latinos,
3245 2270 3565 2326 Ambrosius
3581 2274 3632 2323 et
3646 2268 3726 2322 Hi-

2179 2363 2373 2426 larius,
2399 2363 2695 2418 clarissimi
2715 2362 2838 2426 viri,
2873 2366 3311 2433 composuerunt
3322 2358 3727 2432 praecipue.Bene

2175 2458 2386 2516 autem,
2413 2469 2542 2506 cum
2576 2451 2716 2506 dixit
2743 2454 2994 2516 canticis,
3040 2449 3333 2520 subjunxit
3360 2448 3724 2518 spiritualibus,

2177 2539 2310 2610 quia
2339 2547 2471 2593 sunt
2491 2539 2710 2593 cantica
2739 2555 2862 2609 quae
2897 2554 3010 2592 non
3029 2543 3164 2592 sunt
3181 2537 3458 2608 spiritalia
3493 2549 3654 2604 neque
3682 2532 3727 2585 in

2175 2627 2398 2681 laudem
2414 2626 2512 2681 Dei
2533 2627 2852 2692 cantantur,
2869 2626 3015 2680 sicut
3037 2630 3169 2680 sunt
3187 2625 3408 2679 cantica
3426 2621 3729 2678 saecularium

2176 2715 2487 2770 hominum.
2516 2715 2749 2769 Cantica
2768 2721 2956 2769 autem
2972 2714 3248 2786 spiritalia
3263 2719 3530 2782 suntquae
3545 2725 3727 2780 compo-

2177 2810 2414 2858 suerunt
2441 2805 2726 2875 prophetae
2756 2804 2931 2858 afﬂati
2952 2802 3166 2874 Spiritu
3185 2812 3384 2856 sancto
3404 2807 3460 2856 et
3483 2798 3728 2871 repleti,ut

2175 2899 2310 2946 sunt
2337 2892 2556 2946 cantica
2581 2892 2760 2964 Moysi
2781 2897 2838 2946 et
2860 2895 3034 2946 Annae
3051 2898 3110 2946 et
3133 2889 3490 2956 Debborae,et
3503 2889 3658 2950 Isaiae,
3685 2891 3730 2938 et

491 2979 646 3034 vobis
674 2977 916 3032 habetis'.
940 2978 1164 3042 Quanta
1185 2977 1333 3031 enim
1356 2978 1626 3033 distantia
1646 2982 2094 3037 estinterlumen
2109 2987 2153 3049 Ο
2177 2981 2445 3042 Ezechiae,
2497 2988 2941 3052 caaterorumque
2997 2980 3422 3050 prophetarum.
3463 2979 3572 3031 Hoc
3628 2989 3729 3026 vero

492 3073 552 3122 et
576 3065 857 3130 tenebras,
881 3066 1031 3120 inter
1054 3066 1275 3120 ﬁdelem
1306 3073 1364 3120 et
1400 3067 1704 3132 inﬁdelem,
1735 3075 1896 3123 tanta
1927 3070 2091 3126 diffe-

491 3157 678 3210 rentia
706 3160 792 3210 est
815 3155 965 3209 inter
995 3155 1308 3226 sapientem
1336 3160 1392 3208 et
1420 3155 1798 3225 insipientem,
1840 3159 1970 3228 quia
2001 3159 2090 3212 lu-

492 3261 623 3299 men
654 3250 712 3298 et
737 3243 1017 3315 sapientia
1045 3259 1155 3296 non
1177 3249 1362 3313 potest
1387 3259 1507 3297 esse
1561 3244 1618 3298 in
1648 3261 1734 3312 eo,
1774 3246 1883 3300 nisi
1921 3247 2088 3301 ﬁdem

491 3333 893 3403 omnipotentis
922 3331 1021 3386 Dei
1043 3331 1266 3385 habeat.

562 3422 897 3477 Redimentes
927 3426 1154 3487 tempus,
1189 3422 1458 3487 quoniam
1481 3421 1595 3474 dies
1611 3425 1752 3474 mali
1766 3429 1918 3476 sunt.
1947 3423 2092 3486 Quo-

495 3509 661 3564 modo
683 3515 905 3580 tempus
935 3508 1144 3561 malum
1174 3526 1186 3562 :
1239 3508 1383 3578 quod
1443 3509 1748 3563 secundum
1777 3510 2092 3581 dispositio-

496 3615 623 3652 nem
653 3598 757 3653 Dei
781 3613 1006 3668 semper
1033 3596 1271 3650 volvitur
1291 3596 1597 3661 mensibus,
1629 3597 1891 3653 diebuset
1909 3601 2088 3655 nocti-

497 3686 618 3746 bus,
655 3686 830 3750 horis,
869 3685 1284 3755 momentisque
1313 3686 1699 3740 currentibus?
1748 3687 1904 3742 Sicut
1940 3689 2090 3743 enim

494 3775 699 3830 dicitur
721 3775 870 3828 mala
897 3790 1019 3828 esse
1048 3773 1266 3838 domus,
1294 3791 1416 3844 quae
1431 3776 1609 3829 malos
1633 3775 1978 3831 habitatores
1996 3777 2092 3831 ha-

496 3863 592 3917 bet
625 3882 636 3916 :
665 3863 746 3916 ita
773 3857 1039 3916 dicuntur
1068 3862 1200 3916 mali
1231 3862 1370 3928 dies,
1402 3863 1459 3916 in
1483 3863 1682 3934 quibus
1704 3866 1851 3918 mala
1878 3866 2023 3919 ﬁunt
2059 3882 2092 3919 a

490 3951 654 4006 malis
684 3950 1023 4006 hominibus.
1057 3951 1202 4015 Quid
1245 3957 1332 4005 est
1379 3952 1524 4022 quod
1580 3952 1728 4016 dicit,
1764 3955 2092 4008 redimentes

497 4045 706 4108 tempus
735 4045 760 4093 ?
791 4039 847 4093 ld
882 4045 985 4103 est,
1018 4045 1264 4094 vestrum
1297 4040 1434 4094 illud
1459 4040 1624 4094 facite
1649 4060 1662 4107 ;
1687 4041 1838 4094 verbi
1863 4043 2083 4111 gratia:

493 4127 589 4181 alii
611 4129 859 4183 vendunt
884 4128 1046 4192 illud,
1072 4129 1220 4181 mala
1241 4128 1525 4199 operando
1547 4129 1616 4181 ad
1659 4129 1870 4182 malum
1900 4146 2084 4194 suum,

489 4232 586 4269 vos
606 4215 869 4268 redimite
888 4215 1025 4269 illud
1058 4215 1284 4275 avobis,
1311 4215 1445 4268 talia
1477 4231 1647 4285 opera
1682 4216 1956 4281 faciendo,
1988 4234 2090 4288 pro

2176 3069 2349 3123 distat
2367 3069 2516 3123 inter
2535 3069 2810 3123 canticum
2835 3075 2888 3122 et
2911 3069 3210 3139 psalmum,
3225 3068 3362 3138 quia
3381 3066 3638 3120 canticum
3653 3078 3728 3115 ore

2177 3157 2527 3212 solummodo
2544 3159 2827 3228 profertur
2847 3163 2903 3210 et
2921 3157 3269 3221 decantatur;
3295 3155 3542 3226 psalmus
3552 3158 3725 3212 autem.

2177 3246 2368 3300 addito
2382 3247 2626 3317 quodam
2647 3247 3022 3300 instrumento
3042 3245 3264 3298 musicae?
3285 3243 3504 3307 artis,id
3523 3247 3596 3295 est
3617 3239 3730 3310 psal-

2177 3334 2341 3388 terio.
2366 3335 2659 3390 Cantantes
2680 3341 2737 3388 et
2762 3337 3055 3402 psallentes
3086 3337 3145 3386 in
3159 3334 3415 3386 cordibus
3454 3332 3628 3384 vestris
3654 3330 3730 3381 Do-

2177 3427 2351 3476 mino.
2386 3423 2509 3477 Ideo
2535 3423 2675 3476 dixit
2690 3426 2751 3476 in
2777 3423 3030 3485 cordibus
3050 3424 3264 3486 vestris,
3290 3421 3428 3490 quia
3457 3417 3606 3472 multi
3624 3420 3729 3470 sunt

2179 3511 2273 3581 qui
2291 3517 2523 3565 cantant
2545 3528 2664 3578 ore,
2697 3527 2935 3582 quorum
2962 3526 3122 3563 mens
3146 3524 3259 3563 non
3295 3508 3590 3563 concordat
3613 3503 3726 3566 voci,

2175 3607 2234 3652 et
2254 3599 2350 3670 qui
2373 3599 2553 3669 magis
2583 3599 2887 3654 attendunt
2901 3600 2969 3653 ad
2985 3599 3353 3653 sonoritatem
3372 3590 3731 3661 vocis,utaudi-

2178 3687 2392 3742 toribus
2423 3688 2698 3756 placeant,
2731 3705 2897 3759 quam
2929 3687 3281 3742 considerent
3312 3692 3500 3741 mente
3527 3681 3645 3754 quid
3661 3679 3729 3732 di-

2175 3783 2327 3830 cunt.
2351 3776 2436 3830 llli
2462 3793 2588 3830 vero
2613 3782 2845 3830 cantant
2873 3777 2930 3830 in
2969 3777 3154 3840 corde,
3188 3791 3431 3846 quorum
3463 3787 3606 3827 mens
3622 3784 3728 3824 con-

2177 3865 2373 3918 cordat
2398 3865 2538 3926 voci,
2548 3866 2714 3934 juxta
2743 3865 2880 3918 illud
2911 3864 3060 3919 beati
3090 3864 3374 3919 Benedicti
3403 3882 3416 3917 :
3443 3863 3530 3918 Sic
3553 3866 3730 3914 stemus

2177 3954 2246 4006 ad
2274 3953 2646 4023 psallendum,
2682 3959 2748 4007 ut
2777 3970 2934 4007 mens
2971 3959 3167 4007 nostra
3193 3952 3497 4007 concordet
3522 3947 3626 4002 voci
3650 3960 3730 4000 no-

2174 4047 2323 4104 strm,
2353 4045 2566 4108 gratias
2593 4047 2810 4108 agentes
2838 4057 3048 4110 semper
3070 4057 3174 4109 pro
3190 4042 3449 4095 omnibus
3461 4043 3520 4093 in
3544 4036 3730 4090 nomine

2174 4130 2403 4183 Domini
2432 4132 2610 4183 nostri
2631 4132 2756 4183 Jesu
2778 4129 2993 4184 Christo
3022 4131 3125 4183 Deo
3153 4134 3203 4182 et
3233 4130 3410 4183 Patri.
3458 4129 3562 4182 Pro
3587 4119 3732 4178 omni-

2174 4215 2280 4271 bus
2300 4217 2584 4271 beneﬁciis
2614 4217 2776 4271 nobis
2805 4234 2838 4271 a
2867 4218 2981 4271 Deo
3012 4217 3178 4279 datis,
3239 4217 3321 4270 vel
3367 4233 3472 4287 pro
3509 4211 3730 4269 omnibus

490 4303 692 4373 quibus
720 4302 1233 4357 remunerationem
1287 4303 1521 4372 capiatis
1573 4303 1904 4373 Quicunque
1933 4306 2084 4361 enim
2105 4282 2156 4341 D
2170 4305 2454 4376 prosperis
2477 4311 2535 4359 et
2588 4306 2837 4360 adversis
2883 4305 3152 4360 debemus
3200 4305 3415 4376 gratias
3460 4299 3728 4374 agereDeo

488 4390 596 4444 hoc
624 4389 754 4445 facit
784 4389 930 4460 quod
961 4389 1067 4443 sibi
1097 4390 1237 4444 utile
1266 4395 1368 4450 est,
1403 4397 1627 4461 tempus
1648 4391 1873 4446 redimit
1893 4393 2000 4463 sibi
2027 4407 2083 4450 et

489 4478 750 4549 acquirit,
783 4477 917 4549 quia
938 4494 1102 4533 suum
1133 4478 1273 4533 illud
1297 4478 1446 4542 facit,
1480 4484 1538 4533 et
1562 4478 1619 4532 in
1649 4495 1808 4534 suam
1841 4482 2081 4538 salutem

485 4567 623 4623 illud
645 4571 899 4638 occupat.

557 4659 868 4724 Propterea,
901 4654 1168 4710 subaudis
1219 4655 1353 4726 quia
1407 4655 1526 4710 dies
1571 4657 1701 4711 mali
1729 4663 1880 4721 sunt,
1915 4662 2082 4714 nolite

486 4748 612 4814 ﬁeri
637 4746 1034 4815 imprudentes,
1065 4745 1154 4798 sed
1199 4747 1562 4812 intelligentes
1590 4763 1708 4814 qua:
1725 4749 1797 4801 sit
1828 4748 2082 4802 roluntas

480 4836 579 4889 Dei
591 4834 870 4891 .Prudens
890 4832 1098 4886 dicitur
1115 4832 1275 4903 quasi
1297 4848 1463 4903 porro
1485 4832 1697 4897 videns,
1723 4833 1818 4904 qui
1847 4851 1880 4887 a
1919 4835 2084 4906 longe

480 4922 801 4976 considerat
823 4937 991 4991 quem
1019 4921 1186 4974 ﬁnem
1220 4937 1321 4975 sua
1352 4937 1519 4991 opera
1556 4921 1818 4976 habitura
1843 4921 1958 4976 sint
1988 4947 2001 4981 :
2028 4930 2086 4977 et

481 5009 576 5081 qui
598 5009 706 5062 scit
734 5009 869 5078 quid
897 5007 1098 5062 debeat
1119 5015 1401 5079 appetere,
1429 5016 1488 5062 et.
1506 5009 1649 5081 quid.
1661 5010 1870 5074 vitare;
1903 5015 1962 5065 et
1987 5012 2083 5082 qui

475 5095 797 5150 considerat
824 5113 947 5166 qum
973 5097 1249 5165 placeant,
1282 5103 1381 5151 aut
1428 5113 1552 5168 qua:
1581 5098 1913 5167 displiceant
1940 5100 2076 5154 Deo.

474 5185 716 5238 Econtra
739 5184 836 5237 ille
866 5184 961 5254 qui
993 5184 1406 5238 inconsiderate
1461 5192 1516 5239 et
1547 5186 1854 5255 improvide
1883 5189 2073 5242 omnia

474 5272 592 5343 agit
613 5276 671 5326 et
697 5273 794 5341 qui
831 5287 944 5325 non
990 5271 1310 5326 considerat
1362 5273 1432 5327 ad
1479 5290 1644 5344 quem
1702 5275 1868 5328 ﬁnem
1900 5292 2070 5346 opera

469 5377 574 5416 sua
587 5360 846 5426 deducat,
878 5365 936 5415 et
955 5360 1088 5430 quid
1122 5361 1340 5430 placeat
1371 5361 1645 5416 voluntati
1666 5363 1787 5428 Dei,
1815 5365 2065 5435 appella-

469 5457 566 5508 tur
576 5450 906 5527 imprudens
921 5455 978 5505 et
997 5449 1223 5506 stultus.
1241 5450 1401 5506 Unde
1420 5449 1558 5506 dicit
1567 5452 1874 5523 Apostolus
1899 5467 1912 5503 :
1933 5455 2066 5511 Pro-

2168 4392 2345 4459 Patri,
2384 4393 2479 4464 qui
2500 4394 2762 4448 omnibus
2794 4394 3067 4448 creaturis
3095 4398 3183 4448 est
3211 4395 3360 4447 Deus
3387 4394 3568 4454 Pater,
3590 4388 3638 4442 id
3663 4391 3730 4440 est

2167 4489 2387 4535 creator
2414 4489 2472 4536 et
2497 4482 2691 4536 factor.
2727 4482 2801 4536 Et
2829 4483 3150 4553 quomodo?
3179 4480 3247 4536 In
3287 4483 3515 4536 nomine
3544 4473 3726 4534 Domini

2166 4571 2343 4624 nostri
2374 4571 2402 4625 J
2408 4587 2505 4625 esu
2535 4571 2764 4633 Christi,
2796 4571 3042 4625 dicentes
3063 4571 3114 4624 ei
3148 4589 3159 4624 :
3186 4570 3412 4625 Gratias
3440 4569 3538 4624 tibi
3565 4563 3728 4621 referi-

2167 4675 2312 4722 mus,
2376 4659 2633 4724 Domine,
2684 4666 2876 4713 sancte
2927 4660 3114 4721 Pater,
3151 4659 3248 4728 qui
3296 4674 3399 4712 nos
3429 4674 3528 4728 per
3555 4653 3725 4710 Filium

2168 4751 2327 4800 tuum
2359 4746 2536 4800 fecisti
2568 4752 2626 4801 et
2673 4745 2981 4807 redemisti,
3026 4751 3082 4800 et
3109 4745 3255 4799 viam
3298 4745 3495 4816 patria:
3522 4737 3729 4797 caelestis

2168 4835 2463 4904 aperuisti.
2498 4835 2566 4889 Et
2617 4835 2743 4889 ideo
2795 4836 2853 4889 in
2882 4835 3108 4888 nomine
3154 4834 3379 4888 Domini
3417 4831 3587 4888 nostri
3619 4830 3727 4885 Jesu

2170 4921 2377 4976 Christi
2399 4922 2613 4993 gratias
2638 4922 2846 4976 referre
2871 4921 3138 4976 debemus
3182 4923 3298 4976 Deo
3327 4929 3384 4976 et
3409 4921 3580 4982 Patri,
3618 4914 3726 4986 quia

2168 5027 2270 5081 per
2295 5011 2452 5065 illum
2484 5013 2580 5082 qui
2607 5011 2885 5065 mediator
2912 5015 2999 5064 est
3019 5015 3223 5075 noster,
3253 5027 3446 5081 preces
3469 5015 3524 5063 et
3549 5003 3728 5061 sacriﬁ-

2165 5100 2252 5153 cia
2277 5100 2560 5154 offerimus
2589 5104 2802 5158 nostra,
2833 5104 2888 5153 et
2915 5090 3350 5153 transmittimus
3371 5099 3440 5152 ad
3463 5099 3628 5153 Deum
3644 5094 3725 5146 Pa-

2156 5193 2324 5253 trem,
2358 5189 2607 5243 dicentes
2635 5207 2646 5241 :
2683 5187 2934 5258 Suscipe,
2967 5187 3223 5247 Domine.
3253 5204 3445 5257 preces
3465 5183 3642 5258 populi
3655 5179 3723 5235 tui

2154 5293 2255 5347 per
2281 5277 2582 5332 Dominum
2618 5282 2874 5330 nostrum
2895 5276 3086 5328 Jesum
3120 5275 3424 5329 Christum.

2220 5365 2462 5434 Subjeeti
2480 5368 2716 5420 invicem
2748 5368 2814 5418 in
2844 5366 3040 5416 timore
3061 5363 3284 5418 Christi.
3305 5361 3725 5418 Sicutauditores

2148 5459 2208 5508 et
2227 5453 2468 5526 subjecti
2490 5453 2610 5509 suis
2633 5451 2881 5524 praelatis
2899 5449 3112 5507 subditi
3133 5456 3265 5508 sunt
3293 5467 3463 5510 causa
3488 5448 3670 5505 obedie
3703 5462 3731 5500 η
