3852 6154
184 275 270 333 7‘29

803 271 1184 326 EXPOSITIO
1215 273 1290 328 IN
1325 271 1478 328 EPP.
1516 273 1570 328 S.
1608 270 1840 327 PAULI.
1879 302 1940 313 —
1971 273 2048 328 IN
2080 272 2301 329 EPIST.
2336 273 2430 328 AD
2461 272 2708 327 EPIIES.

3289 268 3393 326 730

176 401 252 456 tiae
272 403 324 454 et
347 395 665 461 reverentiae,
678 397 759 450 sic
777 396 980 450 debent
997 396 1164 450 etiam
1189 398 1403 468 praelati
1417 397 1716 452 humiliare
1735 399 1786 456 Α
1800 400 1858 450 et
1872 397 2016 452 solet
2039 416 2161 454 esse
2189 405 2470 469 rugatum.
2484 398 2541 452 id
2571 402 2658 452 est
2684 397 2950 469 plicatum
2975 401 3033 452 et
3051 397 3395 470 duplicatum

175 504 224 542 se
255 503 372 556 erga
397 484 684 554 subjectos,
720 483 1051 552 inquantum
1085 484 1274 538 vident
1304 485 1428 540 illos
1475 486 1717 555 aequales

172 575 258 629 sibi
280 576 330 628 in
358 572 638 627 virtutibus
663 579 720 626 et
745 572 867 626 vitae
896 572 1144 627 meritis:
1176 574 1507 645 inquantum
1529 580 1715 628 autem

170 663 332 717 vident
352 662 468 716 illos
494 661 629 731 erigi
658 661 716 714 in
747 661 1069 732 superbiam
1120 669 1315 717 contra
1346 681 1426 729 se,
1478 668 1535 718 et
1585 663 1718 717 vitia

169 749 561 812 sectari,debent
588 749 834 803 ofﬁcium
862 766 977 804 sua:
999 752 1377 822 praposituraa
1396 751 1712 816 ostendere,

170 844 217 892 et
252 838 448 892 fortiter
500 837 837 908 redarguere
889 844 946 893 et
975 839 1282 911 increpare,
1317 841 1464 912 quod
1495 839 1718 912 probari

167 931 324 997 potest
339 942 398 980 ex
424 925 579 979 factis
599 926 837 997 apostoli
863 928 1014 982 Petri
1032 975 1041 984 .
1056 928 1162 992 Qui
1182 944 1308 983 cum
1333 929 1717 998 vidisset§Cor-

167 1013 342 1067 nelium
362 1013 732 1068 centurionem
763 1030 891 1068 cum
914 1016 1067 1070 omni
1098 1016 1265 1070 domo
1293 1033 1395 1070 sua
1424 1016 1716 1070 humiliter

167 1115 216 1154 se
237 1101 356 1154 velle
381 1101 627 1167 adorare,
662 1107 891 1157 econtra
931 1103 1026 1158 ille
1055 1104 1370 1160 humiliavit
1395 1121 1455 1159 se
1492 1105 1592 1168 illi,
1625 1104 1715 1158 di-

166 1203 305 1241 cens:
335 1189 516 1256 Surge,
537 1205 671 1244 nam
693 1196 742 1244 et
768 1207 862 1258 ego
889 1193 1045 1246 homo
1073 1209 1198 1246 sum
1231 1197 1364 1264 (Act.
1382 1195 1461 1262 χ).
1481 1193 1587 1249 Ubi
1613 1209 1714 1247 au-

164 1279 258 1330 tem
276 1277 399 1331 vidit
417 1277 686 1332 Ananiam
715 1285 770 1332 et
792 1280 1083 1350 Saphiram
1118 1297 1150 1334 a
1182 1282 1269 1335 via
1297 1281 1548 1336 veritatis
1569 1298 1716 1335 rece-

163 1363 288 1427 dere,
317 1371 368 1419 et
394 1365 534 1420 vitiis
573 1367 882 1436 subjacere,
943 1371 1250 1438 potentiam
1303 1371 1388 1424 sui
1443 1369 1609 1424 officii
1659 1376 1716 1424 et

161 1453 498 1523 praepositum
536 1455 800 1518 ostendit,
845 1456 964 1510 solo
992 1455 1160 1510 verbo
1212 1457 1336 1512 illos
1373 1458 1714 1512 interficiens

162 1542 270 1609 (Act.
299 1544 367 1595 vl.
398 1543 501 1597 Sed
529 1543 637 1598 ista
657 1544 919 1599 omniain
940 1545 1144 1599 timore
1165 1547 1368 1600 Christi
1389 1552 1521 1601 sunt
1548 1563 1714 1618 agen-

1801 502 1901 555 per
1928 487 2064 539 loca.
2087 488 2182 541 Est
2213 494 2268 540 et
2297 487 2450 541 aliud
2481 486 3052 557 vestimentum,quod
3070 502 3250 557 neque
3271 503 3394 542 ma-

1799 573 1981 628 culam
1998 592 2178 645 neque
2199 592 2394 646 rugam
2419 575 2678 635 habet,ut
2692 583 2778 629 est
2795 574 3032 630 linteum
3051 574 3194 630 bene
3214 580 3400 631 exten-

1800 663 2086 717 sum.Post
2099 665 2566 718 resurrectionem
2584 663 2862 734 siquidem
2878 663 3122 718 Ecclesia
3134 664 3255 719 sine
3275 681 3398 720 ma-

1796 750 1923 805 cula
1952 756 2038 805 est
2063 756 2122 805 et
2161 769 2322 822 ruga,
2355 751 2489 822 quia
2516 751 2626 805 erit
2649 751 2770 804 sine
2798 757 3042 826 peccato.
3087 757 3144 806 et
3171 757 3400 807 extensa

1798 838 1858 892 in
1902 840 2374 910 contemplatione
2402 838 2804 910 omnipotentis
2832 838 2933 893 Dei
2961 839 3106 894 sicut
3133 839 3396 897 linteum.

1873 929 2043 982 Nemo
2053 945 2278 982 carnem
2291 945 2453 982 suam
2474 930 2596 982 odio
2616 928 2829 994 habuit,
2852 929 2944 981 sed
2973 931 3155 982 nutrit
3184 935 3235 982 et
3250 930 3392 996 fovet

1796 1031 1941 1081 eam,
1958 1019 2104 1070 sicut
2132 1023 2182 1070 et
2213 1018 2464 1072 Christus
2494 1007 2809 1072 Ecclesium.
2835 1017 2950 1070 Hoc
2973 1015 3277 1087 dupliciter
3304 1031 3399 1087 po-

1796 1108 1905 1158 test
1921 1104 2181 1175 intelligi,
2202 1111 2267 1161 ut
2295 1106 2370 1159 sit
2394 1121 2593 1159 sensus
2617 1123 2628 1155 :
2654 1105 2811 1160 Sicut
2837 1119 3064 1159 carnem
3086 1121 3246 1159 suam
3268 1105 3396 1160 odio

1796 1208 1961 1246 nemo
1987 1192 2174 1258 habet,
2210 1194 2291 1248 sic
2335 1193 2504 1247 etiam
2536 1209 2695 1247 suam
2741 1209 2972 1248 uxorem
3016 1208 3184 1247 nemo
3231 1191 3399 1246 debet

1797 1279 1926 1334 odio
1958 1280 2185 1344 habere,
2220 1282 2351 1352 quia
2380 1282 2449 1335 de
2479 1297 2710 1352 corpore
2739 1282 2860 1351 ejus
2887 1281 3034 1336 facta
3063 1287 3168 1336 est.
3187 1280 3393 1335 Aliter:

1796 1383 2020 1422 carnem
2045 1369 2230 1441 posuit
2257 1371 2349 1424 hic
2387 1386 2487 1440 pro
2511 1385 2832 1440 uxore,quaa
2846 1375 2932 1424 est
2953 1386 3022 1423 ex
3038 1370 3146 1425 viri
3169 1385 3400 1441 corpore

1796 1463 2044 1529 sumpta.
2076 1459 2258 1512 Nemo
2291 1457 2441 1512 enim
2475 1473 2702 1511 carnem
2731 1473 2891 1511 suam
2936 1457 3064 1512 odio
3105 1458 3321 1524 habuit,
3347 1458 3402 1512 id

1795 1550 1879 1600 est
1899 1561 2066 1600 nemo
2080 1561 2310 1600 uxorem
2327 1561 2487 1599 suam
2511 1545 2638 1598 odio
2661 1544 2827 1598 debet
2841 1544 3079 1598 habere:
3114 1545 3212 1598 sed
3238 1544 3405 1600 debet

159 1630 233 1694 da,
254 1630 304 1684 id
321 1635 401 1684 est
432 1648 528 1702 pro
555 1647 746 1687 amore
766 1634 888 1696 Dei,
906 1649 1020 1687 non
1041 1650 1209 1688 causa
1231 1635 1588 1701 adulationis,
1608 1652 1711 1690 nec
1731 1668 1777 1728 Β
1794 1633 1948 1688 illam
1978 1637 2200 1689 nutrire
2222 1639 2270 1687 et
2296 1636 2492 1701 fovere,
2523 1636 2668 1687 sicut
2694 1633 2946 1688 Christus
2975 1639 3092 1688 tam
3134 1649 3400 1704 corpora-

87 1731 94 1740 ·
157 1718 593 1787 patrocinationis.
619 1721 766 1792 quod
790 1721 1018 1792 quidam
1050 1723 1263 1778 faciunt
1288 1730 1351 1778 ut
1379 1724 1596 1795 possint
1622 1725 1710 1780 in-
1731 1718 1924 1776 "liter
1959 1738 2128 1794 quam
2173 1722 2544 1794 spiritualiter
2580 1721 2728 1776 fovet
2771 1728 2829 1776 et
2869 1723 3050 1776 nutrit
3078 1723 3397 1779 Ecclesium.

156 1805 313 1860 venire
335 1808 570 1877 gratiam
598 1809 832 1880 praelati,
884 1815 941 1864 et
968 1816 1033 1864 ut
1061 1809 1288 1865 liberius
1315 1827 1438 1883 quae
1486 1828 1581 1867 eos
1609 1813 1709 1867 de-
1792 1812 2034 1865 Membra
2054 1811 2202 1865 enim
2223 1827 2418 1866 sumus
2438 1814 2682 1879 corporis
2702 1814 2838 1879 ejus.
2868 1810 3027 1864 Sicut
3051 1810 3403 1880 generaliter

156 1892 332 1948 lectant
358 1902 678 1966 operentur.
1412 1911 1418 1913 '
1791 1899 1974 1953 omnis
2003 1898 2246 1954 Ecclesia
2279 1915 2481 1971 corpus
2510 1904 2598 1952 est
2622 1898 2850 1962 Christi,
2866 1898 2946 1952 ita
2961 1898 3170 1969 singuli
3195 1899 3397 1954 electo-

219 1983 546 2052 Viri,diligite
563 2001 760 2039 uxores
773 1989 1150 2052 vestras,sicut
1168 1991 1218 2040 et
1240 1988 1710 2056 Christusfditeait
1792 2004 1918 2042 rum
1950 1987 2202 2042 membra
2229 1993 2360 2042 sunt
2379 1987 2628 2058 corporis
2657 1987 2872 2057 ejus,id
2894 1992 2981 2042 est
3009 1986 3263 2042 membra
3284 1987 3391 2041 Ec-

155 2068 410 2125 Ecclesiam
437 2078 486 2126 et
511 2078 756 2141 seipsum
779 2075 1012 2127 tradidit
1025 2090 1128 2143 pro
1141 2092 1222 2138 ea,
1241 2080 1303 2127 ut
1327 2078 1489 2129 illam
1501 2079 1712 2130 sancti-
1791 2076 1995 2131 clesiae.
2017 2077 2140 2131 Non
2157 2077 2308 2131 illius
2335 2076 2584 2147 corporis
2612 2074 2863 2130 membra
2890 2093 3087 2131 sumus
3111 2076 3259 2146 quod
3277 2075 3398 2147 ipse

154 2157 326 2219 liceret.
356 2158 505 2214 Sicut
533 2159 794 2215 Christus
829 2160 1026 2215 dilexit
1043 2177 1308 2232 sponsam
1342 2179 1506 2218 suam
1525 2163 1712 2218 Eccle-

156 2242 288 2308 siam,
315 2245 591 2302 intantum
627 2254 694 2304 ut
715 2249 962 2321 seipsum
1003 2250 1253 2304 traderet
1277 2251 1484 2306 Iudaeis
1508 2269 1608 2323 pro
1645 2268 1711 2307 ea

153 2337 205 2384 ut
227 2349 334 2387 eam
359 2337 754 2394 sanctificaret.
786 2337 844 2392 id
875 2342 978 2398 est.
999 2343 1064 2392 ut
1091 2345 1345 2393 sanctam
1375 2339 1584 2394 faceret
1613 2355 1714 2410 per

154 2418 290 2474 ﬁdem
317 2439 488 2489 suam,
519 2441 624 2496 per
651 2425 914 2497 baptismi
946 2433 1381 2490 sacramentum,
1403 2444 1504 2498 per
1523 2427 1716 2481 remis-

151 2506 331 2564 sionem
361 2519 734 2582 peccatorum,
775 2513 855 2568 ita
883 2519 941 2568 et
971 2515 1054 2567 vir
1081 2514 1246 2570 debet
1280 2532 1510 2570 uxorem
1553 2532 1715 2570 suam

153 2595 369 2667 diligere,
401 2608 454 2654 et
481 2607 700 2657 castam
740 2603 1046 2670 custodire,
1091 2609 1155 2658 ut
1194 2604 1268 2658 sit
1295 2609 1490 2658 sancta
1523 2623 1533 2657 :
1570 2610 1627 2659 et
1664 2605 1713 2658 si

152 2686 416 2741 necessitas
435 2690 710 2755 evenerit,
737 2689 904 2743 debet
928 2706 1027 2760 pro
1055 2691 1152 2744 illa
1175 2691 1423 2744 animam
1439 2708 1598 2746 suam
1620 2709 1717 2762 po-

151 2786 278 2826 nere.
295 2775 551 2846 Sequitur
570 2793 704 2848 ergo
724 2778 794 2832 de
809 2779 1067 2834 Ecclesia.
1092 2782 1372 2834 mandans
1399 2796 1526 2834 eam
1557 2784 1716 2835 lava-

149 2874 224 2914 cro
238 2877 393 2931 aqua,
423 2866 478 2920 id
498 2873 592 2921 est
616 2867 838 2922 lavacro
866 2867 1240 2939 baptismatis,
1274 2871 1338 2922 in
1381 2871 1538 2923 verba
1566 2872 1712 2938 vitae,

150 2947 194 3000 id
214 2957 288 3004 est
303 2952 354 3006 in
376 2956 818 3012 sanctiﬁcatione
838 2957 926 3011 sui
947 2957 1316 3028 nominis,per
1326 2974 1494 3028 quam
1513 2959 1714 3013 sancti-

149 3035 427 3095 ﬁcationem
456 3043 678 3115 accepit
704 3046 872 3099 homo
897 3045 1062 3100 vitam
1093 3050 1380 3100 aternam.
1406 3045 1539 3101 Post
1556 3046 1715 3101 abre-

1793 2165 2104 2235 assumpsit
2132 2164 2189 2218 in
2229 2169 2392 2219 utero
2423 2163 2700 2234 virginali,
2731 2162 2828 2217 sed
2859 2163 3111 2217 membra
3142 2163 3398 2218 Ecclesiae

1794 2268 1916 2322 quae
1947 2257 2032 2306 est
2060 2268 2262 2323 corpus
2287 2251 2594 2321 ejus.Alius
2616 2257 2705 2305 est
2723 2252 2873 2304 enim
2903 2251 2961 2305 in
2992 2253 3238 2306 Ecclesia
3268 2268 3400 2306 ocu-

1794 2339 1904 2404 lus,
1938 2339 2083 2394 sicut
2115 2339 2350 2411 quilibet
2375 2340 2731 2410 praedicator:
2764 2339 2908 2394 alius
2929 2341 3102 2399 auris.
3127 2345 3193 2395 ut
3215 2339 3396 2395 bonus

1797 2428 2058 2482 auditor:
2088 2429 2234 2482 alius
2261 2444 2480 2491 manus,
2510 2427 2606 2499 qui
2637 2434 2722 2482 est
2745 2429 3218 2500 eleemosynator:
3254 2429 3400 2484 alius

1799 2517 2017 2587 pes,qui
2051 2533 2245 2571 curam
2279 2516 2632 2570 inﬁrmorum
2657 2521 2712 2570 et
2727 2522 3075 2572 mortuorum
3097 2518 3244 2588 gerit
3276 2536 3287 2571 :
3316 2519 3397 2573 De

1799 2621 1966 2658 carne
1994 2609 2110 2672 ejus
2133 2610 2182 2658 et
2211 2607 2275 2658 de
2301 2607 2509 2658 ossibus
2545 2608 2662 2673 ejus
2691 2621 2888 2658 sumus
2916 2621 3036 2659 nos.
3071 2606 3291 2676 Duplici
3318 2606 3401 2660 in-

1797 2692 2110 2762 telligentia
2140 2693 2312 2763 accipi
2335 2698 2535 2763 potest.
2563 2693 2641 2747 De
2665 2708 2834 2746 carne
2862 2699 2920 2746 et
2939 2693 3157 2748 ossibus
3173 2695 3296 2764 ejus
3308 2709 3401 2748 su-

1796 2781 2081 2852 mus,quia
2112 2781 2254 2835 sicut
2276 2797 2378 2834 nos
2399 2786 2722 2835 constamus
2749 2797 2816 2835 ex
2844 2797 3014 2835 carne
3055 2787 3113 2835 et
3149 2781 3388 2848 ossibus,

1795 2869 1877 2923 ita
1906 2873 1964 2923 et
1986 2869 2080 2923 ille
2110 2885 2301 2923 verum
2329 2885 2533 2940 corpus
2561 2868 2731 2924 habet
2754 2885 2819 2923 ex
2858 2885 3027 2924 carne
3068 2873 3125 2923 et
3151 2869 3387 2927 ossibus.

1794 2956 1978 3011 Aliter
2007 2951 2020 3010 ':
2049 2957 2106 3011 in
2136 2957 2384 3012 Ecclesia
2409 2962 2541 3011 sunt
2568 2957 2740 3011 fortes
2774 2957 2832 3010 in
2866 2957 2993 3021 fide,
3024 2957 3084 3011 in
3113 2973 3302 3029 Opere,
3333 2959 3394 3013 in

1795 3045 2210 3116 praedicatione,
2243 3045 2338 3116 qui
2367 3045 2738 3117 designantur
2774 3062 2876 3116 per
2901 3061 3046 3111 ossa,
3076 3050 3141 3099 ut
3169 3045 3398 3101 fuerunt

146 3129 518 3186 nuntiationem
550 3133 702 3186 enim
732 3133 962 3196 diaboli,
993 3134 1306 3188 sanctiﬁcat
1332 3135 1491 3189 illum
1522 3152 1711 3190 sacer-
1730 3175 1772 3205 ι,
1797 3134 2055 3204 apostoli,
2081 3139 2379 3205 martyres,
2411 3140 2470 3188 et
2507 3135 2672 3188 modo
2699 3133 2944 3205 episcopi
2962 3143 3020 3189 et
3047 3133 3292 3204 praelati;
3340 3140 3398 3190 et

146 3213 434 3278 dos,dicens
464 3239 476 3274 :
514 3224 744 3291 Baptizo
775 3227 822 3276 le
849 3225 913 3276 in
940 3226 1161 3276 nomine
1191 3225 1393 3286 Patris,
1408 3229 1458 3277 et
1495 3225 1711 3286 Fitii,et
1730 3213 1774 3236 υ
1796 3228 1930 3276 sunt
1949 3222 2177 3284 inﬁrmi,
2212 3223 2308 3293 qui
2338 3223 2708 3292 designantur
2743 3239 2845 3293 per
2881 3238 3131 3288 carnem,
3164 3223 3260 3294 qui
3303 3224 3394 3277 in-

145 3300 354 3371 Spiritus
373 3313 576 3364 sancti.
606 3309 678 3363 Et
705 3327 880 3381 quare
919 3311 1024 3365 hoc
1052 3311 1181 3365 fecit
1201 3311 1498 3366 Christus?
1527 3312 1712 3376 Quare
1793 3309 1994 3380 digent
2021 3311 2328 3365 sustentari
2358 3327 2392 3364 a
2421 3310 2680 3379 fortibus,
2709 3313 2856 3365 sicut
2894 3327 3026 3366 caro
3054 3310 3125 3366 ab
3157 3309 3395 3366 ossibus.

153 3394 486 3461 mundavit,et
511 3415 691 3470 quare
709 3399 959 3470 quotidie
972 3401 1209 3455 mundat
1228 3400 1515 3456 inlavacro
1536 3401 1714 3474 bapti-
1793 3398 1901 3462 Qui
1951 3399 2121 3452 fortes
2149 3405 2206 3453 et
2233 3399 2444 3453 inﬁrmi
2475 3399 2636 3454 sicuti
2667 3399 2919 3454 membra
2957 3401 3078 3470 ejus
3109 3399 3391 3466 dicuntur,

141 3481 229 3533 smi
261 3499 353 3552 per
371 3485 783 3542 invocationem
806 3488 893 3543 sui
921 3489 1196 3543 nominis!
1235 3491 1296 3544 Ut
1315 3490 1584 3544 exhiberet
1604 3494 1715 3559 ipse

141 3569 227 3620 sibi
241 3574 523 3637 gloriosam
548 3576 868 3643 Ecclesium,
897 3593 1010 3631 non
1041 3579 1325 3631 habentem
1343 3575 1566 3648 peccati
1600 3596 1714 3634 ma-

138 3659 293 3712 culam
319 3669 412 3715 aut
445 3679 657 3733 rugam
687 3665 1030 3736 duplicitatis
1049 3668 1716 3735 mente,autatiquidhu-

134 3751 358 3814 lusmodi,
390 3751 445 3806 id
492 3759 586 3807 est
639 3753 852 3824 aliquid
901 3754 1052 3821 vitii,
1103 3755 1196 3808 sed
1237 3759 1298 3806 ut
1337 3757 1410 3807 sit
1438 3761 1628 3808 sancta
1657 3760 1706 3809 et

136 3833 481 3894 immaculata.
516 3843 585 3896 In
608 3843 869 3912 praesenti
899 3843 1124 3914 quidem
1153 3844 1378 3907 smculo,
1408 3859 1517 3897 una
1548 3845 1715 3899 modo

135 3927 287 3988 potest
311 3927 412 3981 dici
438 3935 497 3983 et
533 3947 664 3984 esse
694 3930 937 3985 Ecclesia
976 3931 1241 4001 gloriosa,
1276 3931 1534 3986 videlicet
1577 3933 1711 4002 quia

133 4023 266 4079 reges
287 4020 341 4068 et
367 4018 654 4089 principes
684 4019 852 4088 hujus
881 4019 1067 4073 saeculi
1109 4018 1279 4074 habet
1319 4019 1627 4089 subjectos,
1653 4025 1711 4075 et

133 4101 350 4156 continet
366 4104 424 4159 in
445 4123 507 4161 se
537 4108 792 4161 diversos
818 4107 1044 4162 ordines
1068 4113 1124 4162 et
1142 4108 1567 4178 gradus,tamen
1588 4110 1710 4163 sine

137 4189 324 4245 macula
354 4195 577 4264 peccati
606 4201 664 4250 et
691 4212 837 4265 ruga
856 4213 968 4251 non
998 4203 1182 4268 potest
1209 4214 1350 4257 esse,
1386 4199 1515 4269 quia
1544 4195 1708 4254 multi

1797 3487 1878 3540 ita
1905 3487 2077 3541 etiam
2107 3493 2259 3542 recte
2290 3504 2416 3542 ossa
2445 3493 2502 3542 et
2531 3504 2660 3542 caro
2687 3488 2839 3541 illius
2865 3489 3240 3558 appellantur.

1867 3577 2098 3643 PrOpter
2118 3575 2296 3642 hoc,id
2318 3582 2660 3646 est.pr0pter
2681 3577 2826 3629 hanc
2848 3576 3204 3629 dilectionem
3218 3591 3385 3646 quam

1797 3662 1965 3716 debet
2001 3663 2208 3717 habere
2225 3664 2310 3716 vir
2337 3680 2463 3717 cum
2486 3679 2674 3726 uxore,
2699 3666 2974 3731 relinquet
2997 3664 3156 3716 homo
3168 3668 3388 3730 patrem

1799 3755 1847 3804 et
1870 3757 2106 3805 matrem
2127 3767 2307 3814 suam,
2325 3756 2372 3804 et
2392 3752 2689 3805 adhaerebit
2705 3753 2876 3803 uxori
2893 3767 3022 3815 suae,
3037 3755 3085 3804 et
3107 3757 3272 3804 erunt
3284 3753 3393 3805 duo

1797 3842 1860 3893 in
1873 3854 2042 3893 carne
2073 3856 2209 3894 una.
2244 3840 2529 3904 Quantum
2551 3839 2620 3893 ad
2641 3839 2887 3893 litteram
2919 3839 3184 3909 pertinet,
3209 3839 3290 3894 ita
3309 3840 3391 3894 fit:

1800 3928 2087 3999 Relinquit
2096 3928 2262 3982 homo
2274 3933 2491 3999 patrem
2504 3934 2562 3982 et
2580 3934 2819 3982 matrem
2835 3932 2890 3982 et
2900 3928 3024 3997 conj
3034 3928 3190 3997 ungit
3207 3944 3267 3982 se
3283 3944 3397 3983 suae

1792 4016 1970 4081 uxori,
1987 4022 2046 4070 et
2071 4022 2204 4071 sunt
2228 4017 2339 4070 duo
2370 4016 2427 4070 in
2457 4033 2624 4070 carne
2655 4031 2787 4080 una,
2810 4016 2866 4069 id
2887 4022 2974 4070 est
2991 4015 3060 4069 de
3077 4031 3190 4068 una
3203 4032 3391 4070 carne.

1792 4103 1898 4158 Vel
1925 4105 2094 4159 etiam
2110 4105 2376 4176 relinquit
2403 4105 2461 4158 in
2491 4105 2589 4158 illa
2614 4104 3010 4174 conjunctione
3035 4103 3384 4171 concubitus,

1792 4193 2018 4263 quando
2042 4195 2208 4248 simul
2237 4194 2564 4258 miscentur,
2595 4193 2651 4247 in
2671 4209 2841 4248 carne
2873 4209 2987 4248 una
3019 4199 3152 4248 sunt
3187 4210 3201 4247 :
3231 4192 3392 4265 spiri-

130 4277 309 4332 suntin
338 4296 402 4335 ea
427 4284 787 4353 pmnitentes.
822 4287 887 4340 Et
917 4289 968 4339 si
1010 4287 1323 4340 dixerimus
1356 4290 1491 4355 quia
1515 4303 1699 4355 pecca-
1720 4287 1769 4346 D
1788 4282 2020 4337 tualiter
2047 4288 2235 4337 autem
2265 4287 2447 4353 potest
2475 4281 2669 4336 referri
2703 4283 2774 4336 ad
2801 4282 3087 4337 Christum
3111 4287 3168 4336 et
3194 4281 3266 4336 ad
3297 4283 3394 4337 Ec-

132 4363 226 4417 tum
251 4382 352 4422 non
382 4371 670 4437 habemus,
701 4377 940 4442 nosipsos
967 4375 1300 4438 seducimus,
1320 4379 1370 4428 et
1411 4379 1613 4430 veritas
1641 4379 1705 4431 in

129 4452 254 4506 nobis
280 4472 388 4512 non
417 4465 494 4513 est
524 4460 709 4530 (Joan.
735 4465 796 4528 Ι),
821 4469 926 4517 etc.
960 4465 1087 4519 Non
1108 4468 1183 4516 est
1210 4464 1370 4518 homo
1393 4479 1560 4532 super
1592 4470 1702 4519 ter-

129 4549 346 4624 ram,qui
371 4549 551 4614 faciat
579 4550 802 4612 bonum,
848 4557 894 4605 et
927 4567 1037 4606 non
1063 4556 1238 4620 peccet
1269 4553 1375 4622 (ΙΙΙ
1402 4555 1525 4620 Reg.
1560 4554 1698 4624 vm).

127 4623 446 4705 Quapropter
473 4637 680 4692 melius
707 4643 794 4691 est
835 4644 902 4692 ut
930 4638 1239 4693 referamus
1268 4639 1385 4694 harc
1422 4639 1590 4693 verba
1631 4623 1702 4696 add

123 4722 408 4782 generalem
431 4726 1162 4797 resurrectionem,quando
1182 4727 1290 4781 erit
1299 4729 1704 4800 gloriosa,quia

123 4800 324 4874 fulgebit
347 4812 496 4867 sicut
519 4813 606 4868 sol
625 4813 679 4867 in
705 4830 880 4884 regno
898 4815 1084 4869 Patris
1105 4815 1211 4881 sui,
1226 4823 1283 4870 et
1304 4816 1414 4870 erit
1433 4817 1553 4870 sine
1576 4833 1698 4870 ma-

124 4891 226 4947 cula
250 4901 474 4966 peccati,
510 4908 570 4957 et
619 4903 741 4957 sine
769 4919 911 4974 ruga
935 4904 1280 4974 duplicitatis
1315 4920 1326 4954 :
1356 4904 1487 4975 quia
1516 4906 1700 4960 incor-

121 4983 369 5050 ruptibilis
393 4989 504 5044 erit
531 4990 589 5044 in
622 5006 873 5061 corpore,
899 4997 956 5046 et
980 4992 1456 5046 incommutabilis
1492 4993 1549 5047 in
1582 4995 1701 5049 ani-

121 5080 214 5120 ma.
241 5071 342 5127 Per
365 5076 471 5131 hoc
501 5078 669 5132 etiam
715 5080 864 5150 quod
901 5080 1036 5135 dicit
1057 5081 1177 5135 sine
1208 5082 1427 5136 macula
1452 5087 1508 5136 et
1533 5099 1693 5154 ruga,

120 5161 333 5216 ostendit
360 5165 535 5220 etiam
570 5167 868 5222 Ecclesium
901 5169 1296 5224 vestimentum
1321 5187 1446 5225 esse
1463 5171 1692 5238 Christi,

115 5241 252 5307 lima
277 5253 417 5319 quod
443 5254 496 5308 ei
531 5255 696 5309 Pater
719 5257 855 5310 dicit
885 5273 985 5327 per
1012 5258 1344 5328 prophetam
1379 5273 1390 5308 :
1435 5260 1555 5312 Vivo
1577 5275 1688 5326 ego.

117 5330 230 5387 dicit
247 5338 534 5407 Dominus,
550 5347 681 5410 quia
716 5347 973 5398 omnibus
994 5347 1079 5398 his
1104 5349 1250 5400 velut
1275 5349 1593 5401 vestimento
1613 5363 1694 5400 ve-

117 5423 1019 5504 stieris(Isa.xux).Vestimentum
1051 5433 1201 5487 enim
1233 5433 1515 5504 quoddam
1547 5433 1693 5489 solet

116 5503 296 5570 habere
305 5519 558 5574 maculas
569 5525 626 5574 et
643 5521 914 5592 quasdam
931 5526 1094 5576 notas
1110 5537 1176 5575 ex
1187 5503 1378 5593 aliqua
1393 5520 1684 5587 tinctione,

1789 4369 2037 4438 clesiam,
2069 4372 2165 4442 qui
2195 4377 2426 4442 propter
2453 4370 2716 4426 Ecclesiae
2753 4371 3108 4426 dilectionem
3165 4371 3396 4441 reliquit

1785 4459 1966 4513 Deum
1999 4461 2244 4525 Patrem,
2275 4477 2375 4532 per
2395 4460 2499 4515 hoc
2527 4460 2676 4530 quod
2707 4476 2818 4514 non
2849 4461 2908 4514 in
2926 4460 3110 4514 forma
3131 4460 3389 4514 divinita-

1785 4549 1878 4614 tis,
1931 4565 2055 4620 qum
2101 4550 2331 4620 aequalis
2381 4556 2468 4604 est
2519 4549 2692 4616 Patri,
2744 4550 3024 4620 apparuit,
3059 4549 3156 4603 sed
3185 4553 3389 4604 semet-

1783 4637 1968 4707 ipsum
2017 4639 2341 4702 exinanivit,
2374 4645 2433 4692 et
2473 4638 2712 4692 adhaesit
2737 4637 2892 4692 uxori
2922 4654 3037 4691 sum
3057 4642 3262 4691 sanctae
3292 4637 3389 4690 Ec-

1782 4726 1966 4781 clesiae
1995 4727 2310 4790 dilectione,
2341 4735 2399 4782 et
2429 4743 2598 4781 carne
2619 4743 2786 4797 quam
2821 4724 3141 4794 assumpsit,
3174 4730 3231 4778 et
3248 4729 3383 4779 sunt

1784 4815 1950 4869 modo
1970 4816 2083 4870 duo
2105 4815 2361 4870 Christus
2381 4821 2437 4869 et
2461 4814 2705 4869 Ecclesia
2720 4814 2778 4867 in
2801 4829 2969 4867 carne
2984 4828 3096 4867 una
3119 4831 3131 4865 ε
3151 4813 3284 4884 quia
3311 4813 3382 4868 de

1783 4919 1896 4958 una
1915 4922 2083 4960 carne
2103 4911 2320 4970 sunt,et
2332 4903 2589 4960 Christus
2610 4919 2771 4956 verus
2789 4907 2875 4956 est
2894 4903 3080 4968 homo,
3099 4919 3199 4974 per
3214 4919 3275 4957 se
3293 4920 3384 4958 ve-

1783 5010 1908 5048 rum
1923 4993 2402 5064 corpushominis,
2417 4997 2474 5045 et
2490 4989 2733 5045 Ecclesia
2749 4989 3170 5046 similiter.ch
3188 4998 3382 5046 autem

1781 5082 1961 5153 primo
1985 5087 2135 5136 vates
2152 5081 2329 5135 Adam
2347 5081 2418 5134 de
2437 5078 2660 5134 Christo
2671 5085 2728 5132 et
2741 5078 2984 5133 Ecclesia
3005 5080 3380 5151 prophetavit.

1849 5171 2277 5226 Sacramenlum
2309 5170 2422 5232 hoc,
2439 5167 2709 5222 subaudis
2739 5169 2887 5239 quod
2922 5169 3033 5224 dixi
3061 5169 3385 5234 modo,ma-

1777 5274 1952 5325 gnum
1981 5264 2076 5311 est.
2101 5258 2242 5312 Sunt
2264 5260 2618 5310 sacramenta
2645 5258 2879 5327 majora,
2895 5265 3032 5313 sunt
3055 5264 3113 5313 et
3137 5259 3377 5314 minora.

1777 5346 1852 5400 Ut
1882 5363 2014 5415 ergo
2043 5344 2342 5416 Apostolus
2372 5343 2696 5398 ostenderet
2731 5352 2846 5399 tam
2892 5348 3201 5402 secundum
3234 5348 3381 5402 litte-

1773 5450 1916 5500 ram,
1949 5449 2116 5504 quam
2149 5433 2456 5487 secundum
2487 5433 2838 5504 spiritualem
2878 5451 3126 5499 sensum,
3145 5436 3263 5489 haec
3291 5435 3384 5487 de-

1774 5523 1902 5579 bere
1931 5521 2192 5602 intelligi,
2221 5520 2349 5575 ideo
2392 5521 2685 5593 subjunxit
2725 5537 2740 5572 :
2788 5524 3215 5608 Sacramenlum
3262 5521 3377 5588 sivel
