3852 6154
521 322 621 396 73ι
1005 325 1385 397 HAYMONIS
1415 291 1902 380 HALBERSTAT.
1938 322 2156 399 EPlSC.
2191 323 2348 380 opp.
2386 325 2569 398 PARS
2601 327 2646 387 ι,
2684 357 2748 368 -
2779 289 3147 394 comitem.
3179 330 3342 387 BIBL.
3613 337 3690 396 τῃ

521 450 857 527 mysterium
900 450 997 524 hoc
1029 449 1176 521 quod
1209 467 1313 520 ego
1350 450 1484 516 dixi,
1513 455 1742 519 propter
1764 447 1911 518 quod
1937 447 2110 500 relin-
2131 448 2179 504 A
2201 456 2284 502 est
2313 449 2472 504 nobis
2499 451 2818 506 colluctatio
2847 453 3110 521 adversus
3139 454 3256 507 illos
3273 457 3592 523 solummodo,
3619 464 3693 516 sed

521 540 648 610 quit
664 539 832 599 homo
845 537 1064 609 patrem
1085 545 1141 594 et
1162 545 1425 604 matrem,
1447 544 1580 600 etc.,
1599 552 1869 604 magnum
1889 534 2123 605 est,quia
2205 537 2472 592 adversus
2492 540 2784 608 daemones
2807 541 2904 612 qui
2943 541 3317 612 principantur
3343 545 3486 600 malis
3516 547 3697 610 homini-

520 628 763 699 pertinet
790 628 862 684 ad
888 627 1172 688 Christum
1193 634 1252 683 et
1278 626 1349 684 ad
1379 626 1682 690 Ecclesiam
1713 644 1724 679 ε
1772 625 1921 690 unde
1950 624 2119 680 etiam
2203 624 2326 690 bus.
2345 633 2402 682 et
2425 633 2759 697 potestatem
2789 635 3047 684 exercent
3074 647 3238 700 super
3263 631 3396 696 illos,
3417 645 3587 703 regunt
3607 635 3697 690 illos

517 717 712 776 subdit
741 731 754 770 :
809 717 917 783 Ego
943 721 1127 771 autem
1157 718 1276 770 dico
1307 719 1369 770 in
1398 717 1614 771 Christo
1642 719 1691 769 et
1743 717 1804 767 in
1860 715 2116 779 Ecclesia,
2198 715 2391 784 potius
2427 715 2496 772 ad
2541 717 2752 774 malum
2784 735 2954 788 quam
2997 719 3067 772 ad
3095 719 3313 785 bonum,
3343 721 3537 790 ipsique
3558 724 3698 794 appel-

521 802 790 861 subaudis
816 803 875 860 id
905 819 1028 860 esse
1053 803 1418 873 completum.
2205 801 2394 864 lantur
2412 803 2711 874 spiritalia,
2733 805 3004 870 subaudis
3037 807 3326 876 daemonia.
3363 810 3612 880 Nequitia,
3629 813 3700 866 hoc

2197 896 2289 961 est
2319 892 2669 963 malitim,qui
2699 902 2994 960 morantur
3022 895 3079 948 in
3111 896 3211 950 hoc
3237 912 3377 953 aere.
3401 898 3520 962 lei
3537 901 3702 962 nomine

1161 945 1394 1001 CAPUT
1429 943 1528 998 VL
2197 943 2669 1050 magna“;
2698 943 2778 1036 ὦ
2795 943 3704 1053 ἆιῖιῖἐυῖἷε“’ᾆᾶηἷιξεῖίἷιέιὲἒῖἷ’νὲξ

593 1069 834 1136 Fratres,
871 1071 934 1124 de
975 1074 1163 1124 artem
1190 1071 1596 1139 confortamini
1621 1076 1684 1123 in
1714 1072 1947 1126 Domino
1977 1077 2022 1122 rt
2058 1075 2120 1126 in
2202 1068 2325 1122 caeli
2344 1068 2763 1137 dicuntur.Qui,
2790 1078 2856 1138 ut
2876 1072 3160 1143 prophetae
3176 1072 3424 1136 dixerunt
3443 1077 3707 1136 etutdoeto-

516 1161 760 1226 potentia
775 1161 1004 1214 virtutis
1021 1163 1158 1226 qius.
1179 1159 1314 1212 Post
1333 1159 1600 1228 specialia
1617 1166 1894 1229 praecepta
1917 1161 2120 1230 quibus
2203 1172 2294 1209 res
2325 1156 2495 1210 etiam
2525 1158 2702 1211 nostri
2731 1159 3052 1228 opinantur,
3085 1160 3166 1214 ita
3192 1161 3382 1230 plenus
3405 1169 3484 1216 est
3499 1164 3705 1224 daemoni-

518 1246 816 1304 ndmonuit
835 1247 1137 1317 Apostolus
1151 1247 1296 1302 viros
1309 1251 1366 1300 et
1382 1247 1861 1318 mulieres,patres
1876 1249 2116 1314 etiilios,
2203 1243 2307 1298 bus
2333 1252 2390 1299 et
2420 1245 2682 1314 malignis
2702 1246 3010 1317 spiritibus,
3046 1247 3211 1302 sicuti
3241 1249 3418 1303 radius
3436 1251 3554 1306 solis

520 1335 784 1409 dominos
809 1341 869 1390 et
891 1351 1098 1398 servos,
1122 1333 1413 1404 subjunxit
1432 1335 1542 1394 illis
1573 1335 1682 1390 ista
1697 1337 1987 1405 generalia
2007 1353 2118 1393 non
2201 1332 2450 1386 tissimus
2475 1334 2700 1402 atomis,
2740 1334 2796 1389 id
2824 1345 2911 1390 est
2954 1336 3274 1406 pulvisculis
3296 1337 3577 1393 individuis.
3603 1341 3709 1402 Con-

523 1424 704 1480 solum
722 1423 793 1478 ad
813 1423 1102 1494 Ephesios,
1134 1423 1338 1494 quibus
1356 1422 1615 1478 mittebat
1632 1424 1776 1480 hanc
1792 1425 2120 1496 Epistolam,
2203 1426 2291 1487 ιτα
2319 1421 2421 1474 hos
2451 1437 2584 1490 ergo
2602 1423 2968 1492 pugnandum
2988 1430 3075 1478 est
3095 1424 3254 1478 nobis
3274 1425 3448 1494 potius
3465 1442 3606 1496 quam
3620 1445 3712 1503 cop-

523 1511 624 1566 sed
654 1512 724 1566 ad
749 1528 974 1567 omnem
1001 1529 1195 1567 sexum
1228 1519 1286 1566 et
1314 1513 1384 1566 ad
1408 1529 1632 1568 omnem
1666 1513 2044 1571 conditionem
2064 1522 2124 1568 et
2203 1515 2292 1562 tm
2311 1509 2566 1576 homines
2589 1517 2920 1580 constantes
2947 1529 3011 1566 ex
3041 1529 3210 1568 mne
3253 1519 3310 1568 et
3335 1514 3590 1584 sanguine,
3615 1517 3713 1586 quia

523 1598 697 1655 dixit:
723 1601 802 1656 De
820 1609 1042 1665 caetero,
1067 1601 1124 1658 id
1143 1607 1230 1655 est
1252 1601 1532 1672 deinceps,
1552 1609 1616 1656 et
1647 1610 1850 1673 prater
1876 1603 1974 1658 illa
1999 1620 2122 1674 quae
2205 1597 2475 1668 quidquid
2505 1599 2635 1652 mali
2653 1605 2980 1668 contranos
3000 1600 3259 1668 hamines
3283 1602 3641 1668 minantur,
3661 1603 3712 1658 ob

521 1689 782 1759 superius
811 1689 1074 1755 diximus,
1105 1688 1310 1742 fratres
1351 1689 1462 1744 mei
1491 1690 1547 1746 in
1578 1689 1688 1744 fide
1717 1699 1774 1744 et
1801 1690 2116 1752 dilectione,
2205 1685 2316 1742 illis
2347 1687 2692 1757 suggeritur,
2726 1693 2785 1741 et
2807 1689 2875 1754 lsi
2917 1689 3306 1758 superavimus
3356 1690 3473 1744 illos
3507 1691 3586 1759 qui
3618 1701 3715 1750 sunt

519 1781 580 1834 et
608 1777 706 1846 qui
736 1792 912 1834 unum
935 1777 1113 1832 Deum
1136 1777 1579 1847 omnipotentem
1601 1777 1892 1843 habemus,
1908 1780 2118 1846 confor-
2141 1799 2186 1857 Β
2203 1774 2483 1846 principes
2515 1775 2746 1841 militiae,
2777 1782 2836 1830 et
2866 1793 3110 1846 quorum
3144 1777 3405 1845 instinctu
3444 1777 3559 1840 vitia
3577 1780 3715 1841 carnis

521 1868 729 1924 tamini
757 1868 821 1919 in
839 1867 1088 1926 Domino,
1110 1871 1165 1920 et
1185 1865 1245 1924 in
1269 1865 1378 1920 (ide
1397 1866 1569 1931 illius,
1589 1873 1637 1920 et
1659 1870 1982 1934 inpotentia
2003 1871 2121 1922 oir-
2205 1868 2411 1917 nostrae
2437 1869 2633 1916 contra
2661 1881 2764 1917 nos
2789 1865 3041 1927 sieviunt,
3069 1872 3207 1918 tunc
3233 1865 3388 1935 facile
3404 1881 3629 1936 superam
3644 1882 3714 1937 po.

523 1957 658 2008 tutis
685 1953 822 2021 ejus.
845 1955 1033 2010 Nolite
1061 1955 1343 2009 conlidere
1367 1955 1425 2032 in
1446 1961 1632 2010 vestra
1660 1955 2119 2015 fortitudineme-
2203 1951 2440 2006 terimus
2471 1967 2666 2005 omnes
2712 1952 2998 2006 ministros
3027 1953 3202 2020 illius,
3234 1953 3381 2008 verbi
3406 1955 3583 2028 gratia,
3613 1955 3716 2008 sicut

525 2058 637 2115 que
663 2041 723 2096 in
751 2042 967 2100 meritis
996 2043 1407 2114 vestris,neque
1437 2044 1494 2098 in
1511 2043 1765 2114 potentia
1800 2043 2116 2115 principum
2201 2046 2466 2110 superato
2521 2040 2790 2110 principe,
2834 2041 3111 2098 exercitus
3142 2041 3305 2106 facile
3347 2043 3569 2112 fugatur.
3599 2041 3714 2106 Quod

520 2129 692 2199 hujus
720 2130 928 2191 seculi,
961 2129 1060 2186 sed
1099 2133 1160 2184 in
1188 2133 1422 2186 Domino
1451 2133 1586 2186 etin
1612 2134 1859 2199 potentia
1888 2134 2116 2184 virtutis
2198 2128 2424 2200 probari
2444 2135 2632 2198 potest
2651 2145 2716 2182 ex
2737 2128 2880 2192 libro
2898 2130 3234 2201 Iudith,un
3255 2130 3713 2196 narrante,dicimus

520 2221 638 2284 qius
666 2219 1084 2283 confortamini.
1695 2291 1698 2294 ἢ
2197 2216 2330 2286 quia
2358 2216 2655 2272 Holoferne
2678 2217 3158 2288 principemilitiaa
3175 2217 3716 2288 interempto,multitu-

595 2306 815 2359 lnduite
844 2322 933 2358 vos
961 2310 1317 2363 armaturam
1362 2307 1477 2367 Dei,
1514 2312 1573 2362 ut
1598 2309 1813 2374 possitis
1842 2313 1988 2362 stare
2011 2309 2112 2363 ad-
2197 2305 2268 2361 do
2280 2306 2622 2359 exercituum
2642 2305 2700 2360 in
2717 2306 2909 2375 fugam
2927 2323 3084 2373 versa
3105 2307 3716 2370 est,etaludaeisfacillime

525 2409 715 2448 versus
743 2394 978 2448 insidias
1005 2395 1233 2450 diaboli.
1266 2394 1332 2449 In
1359 2394 1462 2448 hoc
1490 2395 1716 2452 nomine
1745 2395 1893 2466 quod
1915 2402 2002 2450 est
2023 2413 2120 2452 ar-
2200 2399 2285 2447 est
2311 2400 2576 2463 superata
2597 2396 2806 2449 {Judith
2834 2396 2912 2462 χ).
2943 2396 3050 2450 Sed
3073 2396 3432 2466 quaerendum
3453 2401 3716 2465 estquam-

521 2487 746 2540 πλείω-β
774 2481 1326 2553 comprehenduntur
1340 2482 1529 2536 omnia
1554 2499 1686 2538 vasa
1713 2483 1927 2546 bellica,
1947 2485 2121 2562 lorica
2202 2483 2274 2536 do
2314 2473 2566 2552 pugnare
2596 2499 2892 2552 possumus
2913 2491 3112 2550 contra
3139 2484 3524 2555 damnosam
3546 2483 3717 2553 spiritus

524 2570 798 2646 videlicet,
841 2571 1027 2641 galea,
1071 2577 1315 2640 scutum,
1367 2571 1576 2635 lancea,
1629 2573 1760 2637 tela,
1810 2579 2120 2644 ceteraque
2203 2571 2381 2624 sunt?
2406 2572 2605 2624 Nonne
2635 2570 2894 2625 omnibus
2920 2577 3075 2642 patet
3110 2579 3311 2630 contra
3337 2573 3572 2643 spiritum
3595 2570 3716 2631 amnis

521 2658 899 2716 instrumenta
926 2676 1214 2715 armorum
1240 2659 1601 2734 ;spiritaliter
1628 2666 1817 2716 autem
1850 2663 1998 2732 quod
2027 2662 2120 2718 de-
2199 2657 2586 2714 materialibus
2615 2674 2724 2712 non
2754 2675 2918 2728 posse
2949 2676 3221 2729 pugnare,
3255 2661 3385 2730 quia
3412 2659 3610 2731 spiritus
3625 2661 3719 2711 sunt

525 2747 721 2804 bemus
748 2749 1065 2819 intelligere
1094 2765 1196 2820 per
1240 2755 1589 2804 armaturam
1618 2750 1719 2806 Dei
1739 2751 1763 2802 7
1817 2750 2118 2810 Dominum
2203 2746 2544 2812 invisibiles?
2565 2747 2918 2817 Quapropter
2937 2763 3165 2803 necesse
3191 2755 3278 2802 est
3298 2755 3366 2802 ut
3389 2765 3531 2804 arma
3547 2745 3716 2817 spirita-

521 2837 712 2896 Jesum
743 2837 1033 2894 Christum
1054 2839 1218 2908 cujus
1242 2838 1586 2909 protectione
1603 2837 1985 2894 defenduntur
2003 2856 2119 2894 om-
2202 2837 2274 2900 lia
2296 2836 2627 2900 formentur,
2649 2835 2901 2901 videlicet
2919 2853 3090 2906 supra
3113 2843 3442 2904 memorata,
3455 2844 3507 2891 et
3528 2836 3717 2890 decerte-

520 2941 622 2983 nes
641 2926 825 2991 electi,
841 2933 898 2980 et
910 2942 1080 2997 quam
1097 2927 1357 2989 induunt,
1376 2928 1539 2997 juxta
1559 2927 1867 2998 quodidem
1884 2930 2119 2999 Aposto-
2201 2941 2328 2980 mus
2349 2941 2414 2979 eo
2445 2923 2609 2990 modo
2628 2940 2738 3006 quo
2762 2924 3003 2994 legimus
3039 2926 3198 2996 (Gen.
3223 2934 3366 2992 xxxi)
3383 2927 3622 2990 lactatum
3636 2937 3720 2980 esse

521 3013 610 3071 lus
629 3014 767 3068 alias
797 3015 936 3074 dixit
970 3033 981 3068 :
1015 3015 1300 3086 Quotquot
1329 3016 1388 3072 in
1417 3015 1640 3092 Christo
1669 3018 1936 3085 baptizati
1967 3022 2120 3092 estis;
2199 3012 2366 3068 Iacob
2412 3029 2539 3068 cum
2579 3014 2798 3082 angelo,
2830 3013 3062 3080 orando,
3107 3015 3439 3086 jejunando,
3483 3010 3714 3084 vigilando,

525 3100 808 3176 Christum
855 3105 1120 3178 induistis
1153 3105 1292 3168 (Gal.
1338 3105 1444 3165 in).
1497 3105 1653 3162 Tunc
1684 3105 1832 3164 enim
1875 3105 2177 3166 induuntC
2199 3101 2526 3173 ceterisque
2585 3100 2744 3156 bonis
2771 3102 3035 3172 operibus
3067 3103 3397 3168 insistendo,
3433 3110 3493 3158 ut
3516 3103 3635 3162 sicut
3653 3099 3718 3162 ille

521 3189 685 3246 electi
713 3190 1020 3254 Christum,
1053 3192 1280 3260 quando
1332 3193 1567 3248 virtutes
1615 3209 1738 3262 quae
1790 3193 1849 3252 in
1894 3194 2116 3250 Christo
2201 3190 2409 3244 meruit
2449 3189 2519 3242 ab
2547 3191 2748 3259 angelo
2791 3197 2984 3254 sancto
3016 3190 3294 3257 benedici,
3325 3208 3446 3246 cum
3475 3205 3571 3260 quo
3593 3188 3719 3248 luciﬁ-

519 3283 672 3342 sunt,
696 3294 797 3347 per
823 3278 1166 3348 adjutorium
1189 3279 1340 3335 illius
1359 3287 1671 3336 assumunt.
1697 3281 1855 3344 Quod
1877 3297 2011 3350 ergo
2029 3282 2116 3338 di-
2201 3278 2368 3332 batur
2393 3277 2623 3344 orando,
2657 3278 2737 3331 ita
2788 3284 2847 3331 et
2875 3293 3001 3342 nos,
3039 3286 3310 3349 superato
3360 3279 3580 3346 diabolo,
3603 3294 3630 3330 υ
3649 3274 3724 3328 Do.

520 3366 598 3423 cit
617 3381 630 3416 :
649 3367 872 3422 lnduite
895 3372 1255 3421 armaturam
1276 3369 1388 3429 Dei,
1420 3367 1533 3420 tale
1560 3373 1646 3422 est
1682 3385 1748 3421 ac
1773 3368 1819 3422 si
1850 3368 2062 3424 diceret
2101 3388 2111 3422 :
2199 3366 2355 3421 mino
2384 3365 2634 3432 benedici
2672 3381 3009 3422 mereamur.
3043 3368 3326 3436 Caeterum
3375 3367 3534 3439 queri
3573 3367 3723 3435 potest.

519 3454 738 3511 lnduite
760 3454 1064 3510 Dominum
1081 3453 1115 3508 J
1119 3471 1276 3510 esum
1294 3455 1601 3516 Christum,
1617 3455 1671 3510 id
1693 3461 1780 3510 est
1792 3473 1990 3510 omnes
2005 3459 2114 3512 vir-
2199 3445 2293 3509 ubi
2329 3455 2606 3524 acceperit
2635 3454 2958 3524 Apostolus,
3007 3460 3072 3509 ut
3120 3439 3408 3522 daemones
3431 3461 3489 3524 et
3513 3452 3722 3526 malignos

515 3548 672 3600 tutos
688 3559 828 3615 quas
860 3543 1089 3598 scitisin
1110 3543 1204 3596 illo
1225 3561 1366 3605 esse,
1392 3544 1447 3600 in
1471 3543 1623 3598 vobis
1643 3545 1933 3609 assumite,
1965 3546 2114 3600 verbi
2199 3543 2431 3613 spiritus
2460 3541 2738 3613 principes
2774 3548 2832 3595 et
2856 3548 3160 3612 potestates
3191 3560 3266 3598 ac
3285 3551 3515 3598 rectores
3536 3537 3726 3594 tenebra-

513 3631 698 3702 gratia
731 3649 744 3684 :
779 3631 848 3686 Et
875 3631 967 3685 ille
989 3633 1198 3702 justus,
1235 3649 1415 3690 verus.
1448 3632 1688 3702 patiens,
1722 3639 1929 3697 castus,
1955 3650 2115 3688 man-
2207 3648 2330 3690 rum
2363 3631 2586 3696 harum,
2619 3631 2674 3684 id
2713 3638 2800 3686 est
2846 3631 3138 3690 hominum
3190 3632 3496 3688 inﬁdelium
3546 3625 3725 3700 appella-

517 3725 734 3782 suetus,
766 3720 1081 3790 appellatus
1110 3726 1195 3774 est
1221 3736 1424 3788 agnus,
1456 3727 1514 3774 et
1539 3721 1644 3786 leo,
1675 3728 1732 3775 et
1761 3721 1966 3776 \itulus
1999 3737 2008 3768 :
2034 3723 2122 3776 in-
2206 3726 2306 3778 ret.
2340 3721 2516 3774 Deum
2549 3721 2931 3790 ignorantium
2963 3726 3021 3775 et
3047 3731 3428 3792 peccatorum,
3455 3722 3519 3774 de
3544 3728 3722 3789 quorum

513 3809 641 3864 duit
670 3825 764 3864 vos
782 3809 1086 3878 justitiam,
1121 3809 1430 3874 veritatem,
1489 3810 1842 3879 patientiam,
1875 3811 2121 3865 charita-
2204 3824 2440 3863 numero
2490 3807 2713 3874 fuerant
2760 3808 2842 3870 illi
2892 3808 3097 3879 quibus
3149 3810 3434 3880 quondam
3497 3805 3675 3862 dicebat
3715 3820 3722 3850 ε

513 3901 650 3960 tem,
682 3895 1022 3959 castitatem.
1055 3897 1543 3954 mansuetudinem
1578 3915 1589 3950 :
1624 3903 1802 3952 estote
1831 3915 2029 3978 agnus,
2060 3899 2112 3952 id
2199 3899 2400 3952 Fuisti:
2427 3899 2731 3964 aliquando
2763 3898 2990 3951 tenebrae
3019 3898 3230 3966 (Ephes.
3250 3902 3326 3967 ν),
3350 3899 3404 3952 id
3432 3904 3512 3951 est
3535 3889 3726 3970 inﬁdeles

517 3989 605 4042 est
633 3985 800 4042 mites
832 4004 842 4040 :
876 3987 980 4050 leo,
1015 3986 1186 4042 fortes
1216 3986 1274 4040 in
1299 3986 1408 4040 ﬁde
1443 3993 1500 4040 et
1541 3986 1686 4042 bono
1724 4003 1892 4058 opere
1921 3993 2115 4044 contra
2198 3991 2256 4038 et
2303 3991 2645 4055 peccatores,
2701 3985 2877 4042 Deum
2929 3985 3401 4055 ignorantes?Ad
3430 3984 3562 4057 quod
3597 3980 3730 4043 ἀλωμ-

515 4074 798 4130 diabolum
835 4093 846 4128 :
881 4081 1060 4130 estote
1099 4081 1157 4131 et
1186 4075 1410 4137 vitulus,
1440 4075 1843 4132 mortilicantes
1872 4084 2113 4134 vosmet-
2197 4073 2352 4138 dum,
2387 4073 2519 4143 quia
2557 4091 2620 4127 ex
2649 4073 2791 4130 libro
2826 4075 3070 4143 Danielis
3117 4075 3261 4130 illud
3302 4075 3523 4146 accepit,
3551 4069 3630 4136 ubi
3672 4066 3723 4120 le-

515 4163 668 4232 ipsos
698 4179 824 4218 cum
855 4163 1001 4216 vitiis
1029 4168 1086 4216 et
1111 4163 1598 4232 concupiscentiis,
1622 4170 1684 4220 ut
1709 4164 1936 4234 possitis
1965 4171 2114 4218 stare
2193 4162 2351 4231 gitur
2385 4179 2396 4214 :
2431 4161 2714 4233 Principes
2745 4162 3064 4230 Grincorum
3095 4169 3153 4217 et
3186 4164 3466 4234 principes
3491 4162 3723 4222 Persarum

516 4251 783 4306 adversus
835 4250 1067 4306 insidias
1119 4250 1344 4305 diaboli.
1381 4251 1574 4308 Multis
1606 4253 1783 4306 modis
1814 4252 2114 4308 insidiatur
2199 4252 2359 4315 (Dan.
2393 4255 2471 4319 x);
2503 4267 2568 4304 ex
2598 4249 2739 4304 libro
2769 4266 2993 4320 quoque
3023 4251 3328 4318 Ezechielis
3367 4252 3459 4322 ubi
3485 4239 3724 4304 dicitnl'ﬁd

511 4336 676 4406 nobis
704 4335 979 4392 diabolus.
1013 4337 1264 4408 Denique
1284 4337 1586 4414 insidiatur
1613 4338 1774 4394 nobis
1805 4357 1903 4410 per
1936 4341 2137 4414 malas
2195 4338 2500 4410 principem
2531 4339 2699 4409 Tyri:
2733 4341 2810 4398 Tu
2837 4341 3187 4406 signaculum
3207 4341 3588 4404 similitudinis
3605 4337 3730 4401 ξιιμ·

513 4424 921 4494 suggestiones.
952 4425 1253 4479 insidiatur
1290 4443 1389 4498 per
1415 4427 1552 4480 vitia
1590 4429 1776 4486 carnis
1811 4437 2016 4484 nostra;
2054 4413 2380 4484 etDradiso
2409 4427 2508 4482 Dei
2541 4431 2705 4494 fuisti
2737 4428 2950 4494 (Exeo/1.
2979 4429 3208 4496 xxviii):
3244 4435 3303 4486 et
3346 4435 3536 4484 cetera
3561 4438 3659 4494 qua
3678 4415 3730 4474 ibi

512 4513 792 4570 incentiva
843 4514 1116 4568 malarum
1148 4512 1581 4572 delectationum
1616 4534 1628 4569 :
1678 4517 1974 4572 insidiatur
2013 4535 2111 4585 per
2191 4516 2456 4572 dicuntur
2481 4515 2551 4568 de
2571 4515 2674 4569 hoc
2699 4515 2851 4568 etde
2885 4513 3230 4586 principibus
3245 4516 3482 4574 aliarum
3511 4508 3727 4583 gentium.

508 4601 796 4660 ministros
821 4619 1088 4674 suos,per
1118 4603 1409 4658 haereticos
1443 4603 1698 4660 videlicet
1729 4611 1785 4662 et
1805 4605 1974 4660 falsos
2004 4607 2110 4663 fra-
2192 4604 2581 4676 Egyptiorum
2636 4602 2911 4669 videlicet,
2960 4605 3344 4674 Assyriorum,
3401 4603 3728 4666 Idumam!"-

511 4700 645 4756 tres,
687 4699 857 4764 atque
903 4708 1150 4764 paganos
1190 4709 1200 4744 :
1232 4692 1329 4746 sed
1361 4700 1556 4752 contra
1585 4693 1688 4748 hos
1719 4709 1912 4751 omnes
1941 4695 2109 4750 debe-
2193 4695 2336 4758 Nam
2382 4693 2661 4764 principes
2705 4692 2807 4753 illi,
2837 4692 2893 4760 id
2924 4697 3011 4746 est
3050 4693 3355 4762 daemones,
3407 4690 3732 4759 intelligunt}!r

511 4799 640 4839 mus
660 4800 762 4839 nos
783 4783 1019 4841 viriliter
1037 4798 1307 4854 pugnare,
1329 4799 1397 4836 ne
1422 4781 1698 4852 possimus
1719 4784 1990 4852 superari.
2015 4785 2111 4838 Po-
2192 4782 2303 4836 illis
2329 4781 2591 4851 gentibus
2637 4780 2938 4851 praepositi.
2996 4780 3152 4840 Sicut
3213 4782 3366 4850 enirn
3414 4777 3730 4848 unusquisque

511 4876 660 4926 terat
680 4873 882 4942 aliquis
899 4871 1116 4928 dicere:
1143 4874 1188 4926 0
1211 4870 1584 4940 Paule,quare
1600 4870 1852 4942 praecipis
1875 4889 1976 4926 nos
1997 4888 2113 4928 om-
2195 4871 2446 4925 fidelium
2479 4869 2648 4924 habet
2701 4869 2808 4922 sibi
2865 4869 3126 4939 angelum
3157 4870 3476 4940 delegatum
3505 4867 3567 4922 ad
3594 4867 3733 4916 custo-

510 4974 640 5015 nem
676 4969 1022 5016 armaturam
1051 4960 1151 5016 Dei
1180 4959 1414 5015 induere
1441 4958 1466 5012 ?
1501 4959 1586 5015 Ad
1610 4960 1726 5016 haec
1752 4959 1848 5016 ille
1877 4960 2113 5030 subjun-
2195 4961 2345 5018 diam
2373 4959 2460 5013 sui
2489 4977 2501 5014 :
2533 4959 2613 5012 ita
2633 4964 2692 5013 et
2719 4957 2922 5028 pagani
2953 4957 3161 5013 habent
3190 4960 3372 5022 malos
3396 4959 3486 5029 qui
3525 4956 3596 5010 eis
3622 4949 3735 5021 prin'

508 5045 607 5110 xit,
643 5046 776 5115 quia
804 5047 982 5110 nobis,
1015 5048 1296 5118 inquiens,
1331 5065 1443 5104 non
1471 5053 1547 5100 est
1585 5050 1898 5102 colluctatio
1923 5051 2112 5102 adver-
2195 5051 2454 5119 cipantur
2477 5047 2843 5118 permissione
2869 5047 2989 5114 Dei,
3022 5054 3080 5104 et
3117 5049 3264 5102 sicut
3305 5046 3534 5104 Michael
3561 5052 3728 5114 proptr

509 5148 601 5187 sus
617 5147 841 5188 carnem
861 5139 908 5188 et
928 5139 1381 5201 sanguinem,sed
1398 5139 1658 5190 adversus
1668 5138 1943 5204 principes
1955 5142 2005 5192 et
2022 5154 2112 5204 po-
2194 5138 2337 5192 situs
2351 5144 2437 5190 est
2455 5136 2610 5205 genti
2636 5135 2958 5196 Judaeorum
2982 5135 3065 5188 vel
3089 5135 3550 5195 Christianorum,
3572 5129 3630 5182 de
3650 5136 3728 5194 quo

514 5225 745 5285 testatos,
777 5223 1036 5275 adversus
1058 5227 1260 5277 mundi
1273 5231 1502 5280 rectores
1515 5227 1866 5284 tenebrarum
1880 5227 2104 5285 harum,
2193 5223 2426 5278 dicitur:
2457 5225 2523 5278 Et
2545 5239 2702 5284 nemo
2731 5229 2806 5277 est
2826 5224 3063 5292 adjutor
3087 5240 3239 5277 meus
3261 5227 3374 5280 nisi
3393 5219 3606 5278 Michael
3619 5214 3735 5282 ιγηή-

509 5313 702 5365 contra
723 5311 1045 5375 spiritantia
1077 5315 1332 5377 nequitia:
1356 5317 1416 5368 in
1449 5317 1763 5368 calestibus.
1798 5314 2034 5368 Carnem
2053 5320 2112 5368 et
2192 5331 2310 5383 ceps
2342 5321 2512 5369 vester
2533 5317 2696 5380 (Dan.
2721 5328 2794 5367 x3:
2823 5315 2900 5368 ita
2927 5313 3136 5370 habent
3167 5321 3224 5369 et
3253 5321 3448 5383 gentes
3473 5313 3528 5366 in
3549 5299 3731 5364 inﬁdeli

508 5396 840 5466 sanguinein
863 5397 1109 5466 appellat
1128 5397 1308 5454 inisto
1334 5401 1454 5455 loco
1476 5403 1776 5472 Apostolus
1799 5419 1992 5456 omnes
2012 5403 2106 5472 qui
2191 5410 2309 5460 tate
2330 5411 2620 5464 manentes
2648 5404 2826 5457 malos
2857 5403 3155 5473 principes.
3185 5403 3444 5458 Dicamus
3484 5411 3536 5453 et
3572 5392 3728 5450 altius:

507 5491 766 5550 constant
798 5501 862 5542 ex
883 5500 1051 5541 carne
1085 5491 1141 5538 et
1159 5487 1432 5556 sanguine
1463 5507 1496 5542 a
1527 5492 1728 5560 quibus
1751 5492 2104 5562 plerumque,
2188 5494 2495 5563 Apostolus
2523 5493 2773 5563 repletus
2789 5491 2977 5562 gratia
3002 5492 3103 5548 Dei
3125 5491 3388 5562 cognovit
3403 5505 3502 5561 per
3519 5481 3733 5557 ερίτίιιιηι

513 5573 782 5629 suadente
814 5571 1054 5639 diabolo,
1088 5574 1510 5646 impugnantur,
1541 5585 1597 5631 et
1615 5579 1750 5632 dicit
1776 5597 1786 5631 :
1820 5580 1966 5644 Quia
1994 5597 2107 5634 non
2193 5587 2472 5645 sanctum,
2497 5563 2629 5653 quia
2647 5580 2795 5634 sicut
2823 5579 2954 5634 boni
2981 5596 3142 5651 reges
3167 5567 3537 5637 lsraelitarum
3564 5563 3732 5640 δὶὲηίθ·
