3966 6156
235 339 345 420 733
567 357 570 360 -
897 304 1278 398 exposmo
1308 344 1387 399 1N
1420 317 1576 420 Epp.
1613 320 1670 399 s.
1703 304 1940 401 PAULI.
1977 374 2049 386 —
2075 313 2155 401 iN
2183 303 2410 401 sp'lsrr.
2441 317 2538 410 in
2571 305 2884 416 rulime.
3427 321 3531 402 734

227 463 447 529 cabant
486 468 790 547 Dominum
830 467 1022 532 Iesum
1062 472 1120 520 et
1157 467 1447 539 principes
1496 470 1594 541 qui
1631 476 1768 524 sunt
1794 470 1912 530 inA
1933 470 2120 530 libus:
2153 471 2240 525 vel
2268 470 2438 528 etiam
2469 470 2604 542 quia
2629 475 2862 542 propter
2904 469 3317 536 observantiam
3353 471 3533 539 Evan-

231 554 509 622 Ecclesia,
533 556 681 610 verbi
701 556 904 626 gratia,
927 556 1111 626 qualis
1128 556 1236 618 fuit
1259 557 1434 612 David
1461 559 1558 628 qui
1581 559 1856 630 interpre-
1933 559 2068 629 gelii
2095 576 2381 616 meremur
2406 559 2758 627 reconciliari
2787 561 2924 616 Deo.

229 650 399 700 tatur
423 661 596 704 manu
636 645 796 710 fortis
825 645 940 699 sive
968 644 1378 709 desiderabilis.
1413 647 1624 716 aliique
1653 633 1853 717 quam-
2005 650 2074 706 In
2101 650 2377 714 omnibus,
2410 648 2680 704 subaudis
2707 648 2997 720 discipulis
3025 655 3084 704 et
3111 639 3536 714 certaminibus,

228 733 476 814 plurimi
512 752 523 787 :
555 741 615 788 et
644 733 789 794 sicut
818 733 1055 804 populus
1095 735 1268 790 Israel
1299 735 1653 805 signiﬁcabat
1678 752 1852 806 popu-
1933 725 2206 803 sumentes
2230 743 2448 814 scutum
2469 739 2613 804 ﬁdei,
2639 740 2704 792 in
2729 754 2835 804 quo
2856 742 3076 805 possitis
3104 742 3295 796 omnia
3317 740 3422 804 tela
3449 755 3541 813 ne-

227 823 358 878 lum
384 822 738 885 credentium
760 822 856 892 qui
881 827 1013 887 sunt
1039 823 1153 877 veri
1186 821 1480 890 Israelita,
1507 826 1590 880 ita
1609 824 1742 880 mali
1767 840 1852 878 re-
1931 828 2194 894 quiasimi
2222 829 2384 894 ignea
2403 829 2764 893 exstinguere.
2783 826 3068 898 Quidquid
3099 827 3310 882 missile
3331 833 3420 887 est
3449 827 3540 882 vel

221 926 330 982 ges
355 916 418 967 et
446 911 727 982 principes
749 928 876 966 eum
893 911 1014 966 suis
1030 911 1314 982 gentibus,
1338 912 1434 983 qui
1455 919 1658 980 contra
1679 929 1853 984 popu-
1925 915 2153 984 jacitur,
2175 915 2348 979 telum
2379 920 2564 985 potest
2591 915 2863 985 appellari
2887 935 2901 970 :
2928 916 3154 986 proprie
3175 921 3369 978 tamen
3395 915 3540 971 illud

224 999 358 1060 lum
384 1000 490 1056 Dei
508 998 854 1076 pugnabant.
875 1006 939 1054 ut
969 1000 1201 1056 fuerunt
1224 1017 1386 1070 reges
1410 1001 1846 1074 lsmaelitarum,
1935 1004 2081 1074 quod
2113 1003 2171 1058 in
2217 1003 2445 1082 longum
2477 1003 2849 1073 protenditur,
2883 1011 2948 1058 ut
2976 1006 3188 1064 lancea.
3219 1006 3360 1062 Nam
3393 1007 3538 1060 telon

224 1089 624 1158 Assyriorum.
657 1093 716 1142 et
741 1089 1144 1158 Iclummorum,
1176 1094 1234 1144 et
1262 1089 1748 1153 Philisthinorum,
1783 1091 1850 1144 si-
1934 1092 2129 1147 dicunt
2177 1092 2356 1148 Graeci
2405 1092 2658 1162 longum,
2692 1092 2840 1152 unde
2886 1094 3128 1154 mustela
3173 1093 3380 1152 dicitur
3408 1109 3536 1148 mus

222 1177 602 1248 gniﬁeabant.
620 1177 919 1239 daemones,
956 1179 1048 1248 qui
1098 1179 1489 1250 principantur
1536 1179 1768 1250 paganis
1798 1192 1854 1234 et
1937 1182 2154 1250 longus.
2189 1180 2344 1235 Sicut
2379 1196 2511 1249 ergo
2540 1187 2760 1260 scutum
2802 1197 2863 1235 se
2891 1169 3175 1260 tenentem
3207 1182 3451 1252 protegit
3479 1187 3539 1236 et

221 1266 540 1330 heareticis,
569 1265 664 1336 qui
694 1265 995 1320 Ecclesiam
1028 1266 1126 1322 Dei
1157 1283 1379 1338 semper
1407 1267 1767 1338 impugnant.
1934 1270 2048 1323 tela
2071 1269 2311 1339 repellit,
2339 1269 2418 1333 ita
2443 1268 2583 1322 ﬁdes
2609 1257 2893 1330 hominem
2919 1257 3121 1332 munit.
3147 1277 3204 1324 et
3227 1270 3297 1324 ab
3325 1287 3391 1332 eo
3420 1269 3536 1326 dia-

297 1357 628 1423 Propterea,
655 1353 924 1408 subaudis
949 1353 1080 1424 quia
1111 1371 1222 1408 non
1251 1360 1325 1409 est
1358 1357 1510 1408 nobis
1539 1355 1853 1409 colluctatio
1935 1357 2249 1426 bolijacula
2266 1361 2324 1412 et
2341 1355 2728 1416 infestationes
2749 1357 2986 1427 repellit,
3003 1346 3346 1416 itatam-ensi
3363 1358 3536 1414 ﬁxerit

221 1444 507 1505 adversus
521 1459 746 1497 carnem
757 1445 1264 1510 etsanguinem,sed
1274 1445 1533 1499 adversus
1548 1447 1850 1511 principes;
1935 1444 2096 1504 bonis
2124 1445 2386 1518 Operibus
2410 1447 2703 1505 adornata.
2725 1446 2859 1500 Tela
2873 1445 3114 1516 denique
3141 1445 3348 1501 diaboli
3367 1446 3536 1522 ignea

221 1533 472 1599 accipite
493 1537 854 1585 armaturam
876 1533 988 1594 Dei,
1016 1531 1174 1585 illam
1195 1547 1366 1602 quam
1386 1548 1558 1602 supra
1586 1532 1848 1596 diximus,
1934 1535 2183 1605 appellat
2209 1535 2625 1605 suggestionem
2649 1551 2900 1604 pravam,
2925 1551 3048 1605 quas
3067 1551 3170 1590 nos
3196 1535 3445 1594 incendit
3460 1535 3535 1589 ad

220 1618 280 1678 id
299 1625 420 1684 est,
435 1635 638 1682 omnes
653 1619 907 1696 virtutes,
924 1625 988 1673 ut
997 1623 1218 1690 possitis
1236 1624 1484 1676 resistere
1503 1625 1564 1674 in
1577 1623 1665 1680 die
1681 1624 1847 1684 malo,
1935 1622 2082 1690 mala
2103 1639 2274 1692 opera
2293 1623 2530 1691 agenda,
2549 1627 2606 1686 et
2625 1639 2748 1692 quae
2763 1623 3140 1692 exstinguitur
3155 1638 3254 1693 per
3269 1623 3533 1682 virtutem

218 1711 271 1775 et
292 1711 362 1760 in
392 1708 654 1767 omnibus
679 1709 908 1776 perfecti
925 1715 1090 1776 stare,
1116 1708 1171 1763 id
1193 1715 1279 1763 est
1306 1727 1317 1762 :
1347 1708 1406 1763 in
1437 1709 1700 1784 omnibus
1721 1725 1851 1780 pro-
1877 1739 1918 1796 Β
1935 1710 2170 1781 ῧάθί.ξΕι
2189 1713 2403 1779 galeam
2431 1713 2631 1777 salutis
2651 1713 2934 1766 assumite.
2955 1711 3130 1773 Galea
3151 1711 3210 1766 in
3239 1711 3422 1786 capite
3438 1727 3534 1786 p.0-

220 1795 423 1871 speris
450 1801 513 1849 et
539 1796 784 1862 adversis
809 1803 1160 1866 perseverate
1183 1799 1330 1856 ﬁrmi
1355 1798 1415 1854 in
1444 1797 1554 1852 fide
1578 1797 1852 1868 bonisque
1882 1795 1896 1796 ί
1934 1798 2109 1863 nitur,
2134 1815 2441 1870 omnesque
2470 1799 2720 1868 corporis
2747 1816 2946 1860 sensus
2975 1799 3161 1856 munit
3183 1805 3240 1854 et
3268 1799 3530 1880 protegit,

221 1883 526 1954 operibus.
545 1884 703 1938 Diem
722 1885 932 1940 malum
953 1886 1200 1956 appellat
1217 1903 1461 1957 praesens
1477 1891 1720 1956 tempus.
1740 1902 1852 1944 non
1937 1887 2118 1946 visum
2132 1887 2388 1944 videlicet
2403 1887 2458 1946 in
2475 1887 2649 1952 oculis
2667 1906 2678 1952 ;
2694 1887 2947 1946 auditum
2965 1888 3020 1946 in
3039 1888 3533 1958 auribus,gustum

222 1972 389 2042 quod
426 1988 532 2043 per
558 1989 619 2026 se
653 1972 728 2026 sit
756 1974 988 2037 malum,
1019 1973 1117 2028 sed
1148 1974 1281 2045 quia
1311 1975 1491 2038 multa
1522 1974 1672 2030 mala
1700 1973 1760 2028 in
1787 1989 1853 2043 eo
1937 1976 1991 2042 in
2025 1992 2140 2042 ore,
2173 1976 2440 2029 olfactum
2463 1976 2519 2034 in
2544 1975 2799 2041 naribus,
2821 1982 3036 2038 tactum
3063 1976 3118 2038 in
3139 1981 3257 2032 toto
3278 1992 3530 2047 corpore.

217 2061 398 2131 (iant.
423 2061 532 2116 Vel
558 2061 727 2116 etiam
759 2061 909 2118 diem
941 2064 1150 2117 malum
1181 2063 1338 2131 dicit,
1367 2064 1516 2119 diem
1543 2064 1762 2134 judicii,
1795 2064 1854 2117 in
1935 2064 2085 2134 Quid
2113 2063 2380 2126 debemus
2407 2081 2541 2134 ergo
2567 2065 2880 2134 intelligere
2912 2081 3011 2136 per
3034 2066 3276 2135 galeam,
3301 2082 3443 2136 quae,
3471 2070 3537 2122 ut

220 2166 337 2220 qup
371 2166 584 2205 omnes
611 2151 743 2205 mali
767 2151 1205 2214 damnabantur.
1933 2141 2196 2221 diximus,
2223 2169 2418 2228 omnes
2439 2170 2635 2221 sensus
2654 2154 2902 2223 corporis
2922 2153 3203 2224 protegit?
3232 2153 3534 2226 Dominum

294 2239 466 2300 State
498 2255 623 2309 ergo
659 2243 926 2301 succincti
971 2242 1184 2298 lumbos
1212 2246 1413 2309 uestros
1448 2243 1512 2296 in
1541 2242 1848 2296 ceritatem.
1933 2242 2126 2296 Jesum
2159 2241 2444 2310 Christum
2477 2247 2534 2297 et
2563 2242 2965 2310 protectionem
3000 2241 3192 2309 illius;
3240 2258 3341 2311 per
3367 2246 3539 2322 caput

223 2327 496 2394 Lumbos
541 2327 935 2399 succingimus,
988 2345 1116 2399 cum
1169 2329 1447 2388 luxuriam
1477 2328 1848 2400 refrenemus.
1936 2345 2067 2382 vero
2100 2335 2370 2401 mentem,
2405 2329 2538 2400 quia
2566 2329 2710 2396 sicut
2745 2331 2927 2401 capite
2958 2337 3233 2400 reguntur
3259 2329 3537 2394 membra,

227 2416 428 2480 State,
470 2417 673 2489 inquit,
715 2417 773 2471 in
803 2417 931 2482 fide,
965 2417 1023 2483 in
1051 2417 1196 2474 bono
1225 2433 1413 2488 opere.
1447 2424 1504 2472 et
1530 2416 1854 2489 restringite
1935 2417 2017 2482 ita
2042 2416 2408 2490 cogitationes
2431 2423 2620 2472 mente
2643 2417 3037 2488 disponuntur.
3058 2419 3343 2483 Ponamus
3366 2416 3539 2487 igitur

223 2505 471 2570 lumbos
501 2521 538 2562 a
565 2505 803 2576 luxuria,
833 2505 929 2560 ubi
959 2507 1198 2562 maxime
1221 2506 1371 2576 viget
1402 2513 1458 2560 et
1485 2505 1590 2560 hoc
1618 2505 1678 2559 in
1707 2505 1854 2564 veri-
1933 2506 2155 2577 galeam
2185 2506 2242 2560 in
2267 2506 2470 2576 capite,
2493 2506 2548 2560 id
2576 2511 2661 2562 est
2689 2507 3092 2576 protectionem
3113 2506 3321 2570 Christi
3347 2521 3539 2573 recon-

219 2585 358 2646 tate‘
381 2591 579 2656 facite,
604 2609 714 2646 non
740 2594 798 2646 in
822 2577 1135 2659 mendacio,
1160 2587 1342 2665 neque
1364 2610 1463 2664 per
1488 2595 1848 2667 hypocrisim,
1936 2594 2137 2654 damus
2182 2594 2240 2660 in
2285 2601 2499 2656 secreto
2528 2595 2734 2648 mentis
2779 2601 3004 2660 nostrae,
3035 2593 3306 2652 habentes
3341 2595 3401 2661 in
3439 2594 3536 2664 illo

220 2697 428 2753 neque
461 2686 528 2734 ut
552 2681 773 2750 laudem
804 2683 1095 2758 hominum
1119 2682 1388 2755 capiatis;
1415 2683 1501 2737 vel
1531 2682 1589 2738 in
1620 2683 1854 2738 veritate
1940 2683 2222 2755 ﬁduciam,
2269 2699 2383 2737 non
2431 2683 2489 2751 in
2545 2682 2981 2754 nobismetipsis,
3021 2689 3079 2751 et
3113 2684 3240 2754 ipse
3286 2682 3538 2749 tuebitur

222 2770 400 2837 dicit,
426 2769 592 2838 quasi
613 2786 712 2842 pro
738 2786 929 2842 amore
960 2771 1204 2844 nominis
1225 2770 1452 2844 Christi.
1481 2771 1684 2842 quiest
1711 2771 1856 2844 veri-
1939 2788 2135 2826 omnes
2161 2787 2361 2827 sensus
2403 2778 2644 2836 nostros,
2680 2787 2750 2824 ne
2789 2789 2817 2823 a
2864 2771 3083 2838 diabolo
3112 2772 3274 2837 hoste
3304 2770 3536 2855 antiquo

220 2865 334 2932 tas.
373 2859 587 2912 Induti
633 2860 865 2933 loricam
903 2862 1159 2926 justitiam
1210 2859 1380 2922 Recte
1411 2859 1632 2932 iustitia
1672 2860 1856 2934 loricae
1938 2858 2156 2932 possint
2183 2857 2500 2929 vulnerari;
2531 2864 2580 2911 et
2608 2859 2862 2928 gladium
2889 2861 3140 2926 spiritus,
3162 2859 3306 2925 quod
3323 2863 3400 2916 est
3420 2872 3537 2910 ver-

221 2951 634 3021 eomparatur,
677 2947 812 3022 quia
852 2948 998 3020 sicut
1024 2949 1199 3004 lorica
1241 2949 1435 3004 multis
1465 2948 1691 3022 circulis
1723 2963 1856 3008 cnn-
1940 2948 2069 3018 bum
2093 2948 2204 3008 Dei,
2235 2945 2504 3012 subaudis
2523 2949 2805 3002 assumite.
2830 2946 3063 3015 Gladius
3093 2946 3336 3018 Spiritus
3355 2945 3536 3013 sancti

218 3037 476 3106 texitur,
497 3034 579 3088 ita
593 3035 817 3106 iustitia
841 3036 1031 3110 multis
1053 3035 1350 3093 virtutibus
1377 3043 1613 3111 constat.
1640 3037 1853 3106 Aliter:
1939 3034 2278 3110 intelligitur
2323 3034 2552 3098 verbum
2601 3036 2721 3112 Dei,
2775 3042 2840 3104 ut
2879 3035 3181 3106 Apostolus
3216 3034 3316 3104 ait,
3357 3033 3412 3098 id
3451 3039 3539 3102 est

211 3125 466 3200 justitia
489 3125 700 3201 etenim
744 3125 930 3184 loricae
956 3130 1138 3196 potest
1176 3125 1512 3197 comparari,
1547 3126 1680 3199 quia
1711 3125 1857 3180 sicut
1877 3122 1919 3183 C
1939 3123 2195 3188 doctrina
2239 3129 2298 3178 et
2330 3124 2563 3196 scientia
2592 3121 2902 3194 divinarum
2942 3117 3379 3194 Scripturarum,
3413 3138 3538 3194 qua:

217 3213 412 3284 lorica
434 3217 634 3282 pectus
657 3213 862 3280 munit.
884 3218 1132 3287 ventrem
1156 3213 1402 3286 stringit.
1426 3214 1641 3284 femora
1671 3219 1856 3284 prote-
1938 3229 2038 3286 per
2053 3212 2322 3285 Spiritum
2345 3218 2600 3270 sanctum
2623 3213 2784 3270 nobis
2803 3213 3090 3283 tribuitur.
3115 3212 3325 3280 Idcirco
3345 3217 3538 3279 autem

215 3302 326 3372 git,
350 3303 448 3362 ita
455 3301 684 3379 justitia
701 3302 1017 3378 superfluas
1032 3302 1402 3377 cogitationes
1415 3319 1538 3373 qua:
1555 3303 1612 3356 in
1630 3307 1853 3379 pectore
1934 3301 2156 3374 gladius
2168 3302 2503 3376 appellatur,
2519 3302 2651 3373 quia
2665 3302 2828 3370 sicuti
2843 3302 3030 3373 gladio
3042 3301 3311 3384 fugantur
3324 3301 3535 3365 hostes,

221 3389 455 3460 versari
492 3389 697 3464 solent,
739 3390 978 3461 repellit,
1021 3390 1324 3462 ingluviem
1364 3391 1574 3460 ventris
1601 3390 1850 3464 stringit,
1936 3389 2018 3464 ita
2047 3405 2146 3460 per
2173 3391 2550 3462 cognitionem
2571 3391 2887 3452 divinarum
2911 3391 3326 3464 Scripturarum
3345 3405 3540 3460 possu-

218 3475 531 3548 luxuriam
559 3463 781 3578 quoque
810 3477 1149 3554 comprimit.
1759 3462 1762 3464 I
1938 3462 2065 3542 mus
2097 3478 2292 3549 fugare
2315 3495 2508 3550 omnes
2530 3479 2760 3542 insidias
2789 3485 2846 3542 et
2874 3462 3066 3548 omnia
3087 3478 3538 3546 machinamenta

299 3567 374 3620 Et
403 3568 644 3644 calceati
659 3564 836 3632 p'edes,
856 3565 1124 3636 subaudis
1140 3566 1257 3640 sint
1281 3565 1454 3633 vobis,
1483 3571 1543 3622 in
1568 3583 1855 3636 praepara-
1938 3564 2164 3644 diaboli.
2222 3567 2538 3638 appetendo
2589 3568 2686 3636 illa
2741 3584 2863 3637 quae
2909 3567 3200 3636 Scriptura
3244 3567 3446 3646 docet,
3482 3571 3539 3619 et

221 3641 766 3728 tionern'Evangelii
780 3656 960 3720 pacis:
996 3659 1050 3706 et
1072 3639 1158 3706 est
1182 3669 1416 3708 sensus:
1449 3653 1605 3708 Sicut
1631 3654 1727 3708 ille
1757 3655 1853 3728 qui
1941 3639 2166 3726 vitando
2193 3672 2318 3726 quae
2349 3656 2606 3726 prohibet
2636 3674 2646 3707 :
2682 3661 2738 3710 et
2765 3671 2877 3722 non
2916 3656 3098 3720 solum
3127 3655 3410 3720 daemones
3438 3639 3539 3724 per

218 3725 530 3818 calceatus
550 3739 720 3804 habet
745 3741 934 3811 pedes,
969 3747 1260 3818 serpentes
1289 3741 1522 3812 spernit,
1557 3725 1858 3814 spinasque
1942 3744 2064 3812 ejus
2092 3725 2466 3816 cognitionem
2497 3751 2555 3798 et
2584 3744 2922 3812 adjutorium
2966 3743 3068 3810 Dei
3114 3758 3412 3813 possumus
3449 3759 3539 3810 su-

220 3815 1103 3906 omnernqueasperitatem'vitm
1121 3816 1404 3900 pronihilo
1424 3830 1684 3896 ducit,ita
1697 3837 1754 3884 et
1767 3847 1861 3884 vos
1943 3815 2161 3906 perare,
2203 3833 2302 3888 sed
2345 3834 2512 3886 etiam
2543 3831 2874 3894 auctoritate
2904 3831 3056 3898 illius
3089 3831 3374 3899 haereticos
3402 3847 3537 3888 con-

217 3904 536 3975 diabolum
554 3923 871 3996 serpentem
889 3918 1204 3988 antiquum,
1226 3918 1416 3988 spinas
1433 3935 1678 3989 quoque,
1697 3919 1753 3972 id
1777 3915 1866 3974 est
1945 3904 2186 3988 vincere,
2213 3927 2270 3994 et
2288 3936 2534 3990 errorem
2565 3920 2789 3989 illorum
2819 3908 3130 3986 destruere.

215 4008 584 4084 punctiones
607 4006 951 4076 passionum,
975 4023 1312 4076 omnemque
1342 4007 1701 4078 asperitatem
1735 4007 1858 4078 vitae
2013 4008 2253 4070 Gratias,
2284 4007 2341 4070 id
2369 4015 2456 4080 est
2498 4009 2636 4064 fides
2666 4017 2723 4061 et
2768 4008 3024 4066 remissio
3060 4013 3434 4092 peccatorum,
3466 4007 3543 4061 sit

216 4099 410 4167 hujus
451 4095 817 4158 contemnite,
841 4101 897 4149 et
925 4095 1083 4148 liberi
1113 4096 1183 4148 ad
1205 4095 1657 4166 praedicationem
1682 4097 1858 4153 Evan-
1939 4094 2095 4151 vobis
2112 4100 2172 4149 in
2195 4099 2628 4164 incorruptione,
2645 4095 2699 4155 id
2713 4095 2864 4152 estin
2885 4095 3344 4170 integritatecum
3360 4099 3540 4165 omni-

214 4186 361 4264 gelii
396 4183 672 4238 incedite.
698 4183 910 4237 Aliter:
941 4200 1041 4254 per
1064 4183 1447 4256 calceamenta
1475 4200 1597 4254 quae
1618 4201 1684 4239 ex
1711 4201 1858 4238 mor—
1941 4186 2038 4246 bus
2060 4187 2159 4253 qui
2187 4186 2431 4252 diligunt
2461 4187 2761 4254 Dominum
2779 4187 2968 4256 Iesum
2999 4185 3300 4251 Christum.
3325 4173 3536 4252 Aliter:

216 4275 342 4338 tuis
377 4272 738 4330 animalibus
767 4272 928 4335 fiunt,
963 4271 1233 4330 debemus
1266 4271 1581 4342 intelligere
1610 4273 1760 4347 dicta
1800 4279 1858 4327 et
1939 4271 2154 4337 Gratia,
2184 4271 2238 4324 id
2265 4278 2352 4326 est
2377 4273 2517 4347 fides
2543 4279 2600 4327 et
2618 4273 2874 4334 remissio
2898 4277 3272 4344 peccatorum,
3302 4273 3540 4342 societas

217 4361 508 4431 exempla
521 4365 843 4416 sanctorum
860 4365 1083 4430 patrum
1102 4344 2148 4453 praecedentiumﬁalceatosDaetcrna
2197 4363 2272 4418 sit
2317 4360 2472 4416 vobis
2503 4344 2630 4415 cum
2663 4361 2923 4418 omnibus
2960 4362 3170 4431 sanctis
3199 4362 3256 4415 in
3287 4362 3540 4430 insonu-

218 4467 371 4521 ergo
406 4448 591 4520 pedes
619 4447 912 4514 habemus,
937 4465 1063 4501 cum
1089 4447 1252 4502 dictis
1278 4454 1336 4526 et
1361 4448 1629 4517 exemplis
1656 4465 1858 4524 praece-
1875 4447 1915 4453 '
1937 4448 2148 4519 ptione,
2181 4449 2286 4506 hoc
2315 4456 2401 4508 est
2429 4450 2485 4506 in
2514 4451 2766 4520 generali
2809 4451 3237 4528 resurrectione,
3275 4450 3372 4508 ubi
3394 4450 3541 4506 acci-

215 4538 504 4617 dentium
546 4543 770 4608 patrum
821 4536 1045 4598 muniti,
1090 4536 1274 4602 securi
1331 4536 1400 4616 ad
1440 4536 1854 4606 praedicandum
1937 4537 2094 4616 pient
2121 4553 2315 4616 omnes
2342 4535 2504 4612 electi
2527 4525 3001 4617 incorruptionem
3027 4540 3086 4596 in
3110 4556 3342 4611 corpore
3361 4546 3418 4609 et
3437 4541 3542 4593 im-

217 4623 618 4695 Evangelium
665 4623 818 4695 pacis
875 4623 1210 4689 accedimus.
1255 4623 1617 4692 Evangelium
1666 4630 1853 4680 autem
1938 4626 2342 4699 mortalitatem
2371 4627 2428 4690 in
2457 4628 2666 4694 anima,
2693 4623 2971 4700 fulgentes
2996 4627 3142 4690 sicut
3169 4627 3252 4682 sol
3277 4627 3336 4694 in
3365 4643 3538 4698 regno

214 4714 390 4784 pacis
413 4711 648 4770 dicitur.
673 4711 803 4782 quia
825 4710 900 4765 ibi
932 4712 1252 4780 continetur
1278 4727 1382 4788 pax
1405 4726 1574 4791 quam
1597 4701 1854 4792 Christus
1937 4716 2122 4779 Patris
2151 4717 2260 4772 sui.
2281 4733 2410 4780 cum
2433 4734 2542 4788 quo
2563 4717 2748 4778 felices
2771 4717 2830 4770 in
2847 4717 3052 4774 saecula
3070 4714 3401 4786 siliculorum
3423 4731 3537 4786 ina-

212 4800 518 4874 apostolis
537 4799 966 4870 commendavit,
991 4805 1048 4854 et
1067 4799 1123 4853 in
1145 4799 1413 4868 apostolis
1434 4799 1694 4856 omnibus
1715 4803 1853 4862 fide-
1937 4805 2170 4864 nebunt.
2201 4805 2402 4870 Arnen.

786 5007 905 5082 IN
953 5007 1561 5083 EPISTOLAM
1608 4951 1941 5086 PAULI
1988 5014 2140 5087 AD
2190 5015 3000 5107 PHILIPPENSES.

784 5244 1320 5322 ARGUMENTUM,
1933 5260 2022 5310 ter
2047 5262 2234 5312 autem
2267 5258 2448 5310 omnis
2475 5262 2626 5310 terra
2649 5258 2969 5319 Graecorum
3002 5261 3216 5336 Graecia
3246 5266 3477 5322 vocatur
3503 5278 3539 5315 a

298 5355 714 5426 Philippenses
733 5361 867 5412 sunt
884 5355 1298 5420 Macedones,id
1315 5361 1402 5409 est
1423 5356 1853 5412 Graeci.Graecia
1936 5348 2127 5408 Graeco
2150 5365 2300 5418 rege,
2336 5352 2396 5401 ut
2437 5347 2663 5424 Servius
2691 5349 2861 5406 dicit:
2889 5350 2962 5409 Hi
3000 5351 3364 5422 Phlippenses
3389 5356 3536 5420 post-

216 5448 388 5505 enim
421 5460 461 5497 a
483 5444 718 5498 diversis
748 5443 973 5513 regibus
1002 5443 1222 5508 diversa
1250 5445 1482 5506 nomina
1510 5445 1709 5516 sortita
1742 5449 1846 5500 est.
1934 5454 2103 5508 quam
2123 5442 2459 5508 acceperunt
2472 5435 2702 5497 verbum
2727 5438 3138 5508 praedicationis
3156 5438 3227 5494 ab
3247 5437 3530 5510 Apostolo,

209 5536 495 5606 Vocatur
521 5533 672 5590 enim
691 5532 1016 5607 Macedonia
1037 5548 1072 5586 a
1091 5533 1392 5591 Macedone
1411 5549 1564 5602 rege,
1589 5540 1646 5589 et
1665 5533 1850 5588 Ema-
1932 5528 2105 5591 tortas
2133 5526 2192 5584 in
2217 5527 2325 5602 ﬁde
2346 5525 2580 5590 fuerunt
2605 5543 2708 5587 nec
2740 5533 3076 5603 receperunt
3098 5527 3268 5586 falsos
3295 5530 3532 5596 aposto-

209 5623 347 5677 thia
369 5619 456 5673 ab
473 5620 755 5682 Ematho,
787 5627 843 5674 et
869 5621 1160 5676 Thessalia
1180 5637 1216 5674 a
1237 5621 1536 5677 Thessalo:
1569 5621 1850 5690 generali-
1932 5619 2038 5684 los,
2061 5618 2206 5673 sicut
2233 5617 2292 5672 in
2321 5622 2658 5688 argumento
2689 5616 3022 5670 ostenditur.
