3966 6156
535 211 689 288 735’

1043 356 1278 412 CAPUT
1313 355 1621 414 PRIMUM.

617 450 845 503 Paulus.
889 446 1077 511 Quare
1103 445 1290 517 posuit
1316 462 1523 501 nomen
1548 462 1712 502 suum
1742 446 1798 501 in
1830 445 2139 518 primordio

542 535 802 609 Epistolas
826 536 852 589 ?
888 535 964 592 Ut
1017 536 1249 606 majoris
1295 535 1646 591 auctoritatis
1681 540 1831 590 esset
1866 535 2137 607 Epistola.

545 624 641 680 Sic
690 639 937 695 namque
981 622 1133 677 soliti
1180 627 1313 678 sunt
1344 639 1513 693 agere
1554 640 1716 694 reges
1744 629 1803 678 et
1839 622 2140 711 principes.

993 232 1372 287 HAYMONIS
1407 232 1901 288 HALBERSTAT.
1939 230 2159 287 EPISC.

2202 229 2361 285 OPP.
2396 228 2579 284 PARS
2608 228 2653 284 Ι.
2689 258 2755 269 —-
2785 226 3157 284 COMMENT.
3191 229 3370 284 BIBL.
3679 229 3769 286 736

2152 358 2199 416 Α
2220 360 2378 422 nant,
2407 369 2522 409 non
2550 359 2638 409 est
2664 369 2891 409 necesse
2925 370 3055 409 cum
3086 369 3323 409 maerore
3352 369 3526 415 orare,
3548 353 3637 408 sed
3661 370 3772 424 gra-

2222 445 2326 500 tias
2354 446 2470 500 Deo
2500 444 2736 498 reddere
2768 461 2780 497 :
2815 460 2917 515 pro
2958 443 3048 498 his
3075 459 3205 498 vero
3242 442 3339 513 qui
3376 441 3642 508 labuntur,
3668 459 3774 497 cum

2219 534 2434 605 gemitu
2455 539 2513 588 et
2539 549 2778 588 maerore
2800 538 2888 588 est
2914 532 3209 587 orandum.

2292 622 2472 691 Super
2498 624 2997 676 communicatione
3020 625 3222 684 vestra,
3244 619 3301 674 id
3330 625 3435 678 est.
3467 618 3536 673 de
3559 634 3776 674 commu-

542 713 727 777 Quare
755 728 868 767 non
897 711 1139 766 servavit
1177 727 1390 766 morem
1424 727 1610 777 suum,
1649 712 1908 783 ponendo
1938 706 2144 767 nomen
2224 710 2391 766 nione
2420 726 2590 781 quam
2630 709 2848 765 habetis
2896 708 3206 773 nobiscum,
3237 708 3323 762 vel
3371 706 3503 778 quia
3535 707 3779 778 recepistis

547 801 897 871 apostolatus
932 798 1020 853 sui
1052 799 1110 853 in
1140 799 1391 870 Epistola
1426 800 1552 866 hac,
1576 799 1722 856 sicut
1761 800 1821 855 in
1864 800 2143 884 omnibus,
2226 799 2590 870 Evangelium
2620 805 2679 853 et
2700 797 3079 870 participastis
3099 797 3230 852 ﬁdei
3257 796 3380 866 ejus
3400 795 3525 884 :Avel
3725 796 3779 849 de

545 892 746 957 pmter
765 886 821 941 in
854 886 952 940 illa
977 887 1049 941 ad
1073 885 1376 942 Hebrmos?
1403 888 1468 942 In
1489 904 1601 960 qua
1619 888 1745 943 ideo
1764 882 2143 959 praetermisit,
2228 887 2622 943 communione
2645 893 2704 942 et
2731 886 3177 958 participatione,
3202 902 3315 957 qua
3341 882 3504 939 nobis
3529 883 3781 955 participa-

542 990 615 1029 ne
628 975 846 1031 utilitas
866 974 1123 1030 lectionis
1143 975 1486 1030 differretur.
1506 976 1894 1048 Philippenses
1909 984 2144 1048 ergo,ut
2227 977 2329 1031 stis
2358 976 2417 1031 in
2445 974 2862 1049 prmdicatione.
2903 975 3037 1046 quia
3075 973 3389 1046 pradicatis
3420 974 3541 1043 jam
3583 973 3712 1026 sicut
3737 979 3783 1026 et

544 1061 810 1131 diximus,
844 1072 1141 1135 postquam
1171 1080 1273 1135 per
1298 1064 1458 1119 illum
1489 1066 1865 1131 crediderunt,
1900 1082 2009 1120 non
2038 1067 2142 1119 du-
2228 1082 2348 1130 nos,
2377 1082 2413 1121 a
2440 1070 2624 1135 primo
2652 1066 2758 1127 die,
2792 1064 2850 1118 id
2896 1070 2983 1118 est
3019 1079 3054 1117 a
3094 1061 3399 1134 primordio
3440 1061 3585 1124 ﬁdei,
3615 1062 3783 1127 fratre:

545 1151 867 1208 bitaverunt
884 1152 1155 1224 quinipse
1176 1159 1327 1208 esset
1344 1154 1644 1225 Apostolus
1663 1160 1722 1208 et
1737 1155 2146 1226 magistergen-
2226 1155 2553 1222 conﬁdimus
2581 1154 2637 1208 in
2670 1154 2910 1208 Domino
2937 1152 2973 1207 J
2977 1167 3097 1218 esu,
3127 1155 3263 1221 quia
3289 1153 3391 1220 qui
3416 1153 3568 1219 erepit
3589 1153 3646 1204 in
3670 1151 3784 1203 iubis

543 1237 710 1306 tium,
744 1237 982 1311 ideoque
1003 1257 1115 1294 non
1136 1240 1245 1295 fuit
1272 1254 1498 1296 necesse
1526 1248 1590 1297 ut
1618 1241 1699 1298 eis
1728 1243 1997 1312 scribens,
2017 1260 2145 1315 apo-
2227 1261 2360 1314 opus
2385 1245 2608 1315 bonum,
2641 1243 2696 1298 id
2725 1249 2812 1298 est
2840 1241 3098 1298 Christus
3127 1239 3222 1311 qui
3249 1240 3405 1294 dedit
3430 1238 3585 1293 vobis
3602 1236 3784 1292 initium

545 1325 750 1385 stolum
783 1346 844 1384 se
874 1328 1210 1384 nominaret.
1232 1331 1508 1385 Corinthii
1529 1348 1679 1397 vero,
1704 1332 1919 1387 seducti
1939 1349 1970 1386 a
1992 1332 2145 1387 falsis
2227 1331 2358 1389 ﬁdei
2387 1338 2445 1388 et
2485 1331 2645 1388 bona;
2675 1330 3135 1395 conversationis,
3166 1328 3325 1383 dabit
3371 1333 3428 1383 et
3465 1342 3785 1400 perseveran—

547 1418 857 1489 prophetis,
882 1422 1233 1472 recesserunt
1260 1435 1291 1472 a
1322 1419 1450 1485 ﬁde,
1478 1425 1535 1474 et
1563 1419 1960 1475 dubitaverunt
1986 1420 2145 1475 illum
2227 1420 2367 1474 tiam
2401 1436 2577 1491 usque
2618 1419 2675 1473 in
2701 1419 2851 1474 diem
2882 1416 3100 1485 mortis,
3132 1416 3221 1471 vel
3257 1432 3438 1487 usque
3466 1416 3536 1471 ad
3562 1415 3694 1470 diem
3713 1414 3787 1484 ju-

549 1522 671 1561 esse
718 1506 1031 1576 apostolum
1060 1523 1095 1561 a
1122 1506 1239 1561 Deo
1267 1508 1504 1562 electum
1553 1514 1613 1563 et
1658 1509 1911 1575 missum,
1956 1509 2146 1563 dicen-

544 1600 632 1650 tes
662 1613 674 1648 :
706 1595 851 1649 Vere
885 1595 1088 1649 Paulus
1118 1612 1232 1650 non
1261 1596 1398 1651 vidit
1425 1597 1711 1652 Christum
1742 1598 1799 1652 in
1830 1614 2017 1659 carne,
2054 1614 2150 1653 ne-

2231 1508 2363 1563 dicii
2391 1525 2492 1580 per
2516 1508 2947 1563 successionem.

2298 1597 2455 1653 Sicut
2484 1604 2560 1651 est
2587 1598 2729 1672 mihi
2745 1599 2991 1666 justum,
3014 1597 3071 1651 id
3093 1600 3180 1651 est
3197 1597 3415 1666 justum
3449 1599 3537 1649 est
3562 1594 3685 1648 mihi
3708 1594 3790 1648 hoc

547 1699 656 1755 que
684 1684 805 1753 ejus
829 1684 1083 1739 doctrina
1107 1690 1192 1739 est
1239 1701 1387 1739 vera.
1430 1686 1478 1739 A
1508 1702 1618 1757 quo
1648 1703 1872 1742 necesse
1897 1686 2058 1742 duxit
2084 1703 2145 1742 se
2166 1672 2213 1732 Β
2231 1685 2549 1757 intelligere
2567 1686 2637 1741 de
2650 1685 2822 1751 vobis,
2840 1686 2974 1757 quia
2988 1682 3387 1757 permanebitis
3405 1683 3467 1737 in
3481 1681 3790 1745 ﬁdeChristi,

547 1771 865 1841 apostolum
908 1771 1220 1837 nominare,
1272 1773 1566 1844 inquiens;
1630 1777 1834 1830 Paulus
1876 1779 2150 1844 apostolus

548 1874 661 1913 non
679 1861 751 1912 ab
770 1860 1107 1926 hominibus,
1126 1877 1296 1930 neque
1312 1878 1415 1931 per
1434 1863 1555 1917 hom
1565 1865 1840 1932 inem,sed
1855 1879 1954 1933 per
1964 1866 2150 1918 Jesum

545 1948 831 2004 Christum
874 1956 924 2004 et
985 1951 1153 2004 Deum
1202 1952 1423 2005 Patrem
1475 1953 1684 2019 (Galat.
1732 1957 1800 2019 ι).
1848 1953 2146 2009 Sciendum

545 2036 717 2091 etiam
752 2036 917 2093 beato
948 2038 1122 2094 Paulo
1161 2040 1466 2094 revelatum
1495 2057 1619 2095 esse
1648 2057 1749 2112 per
1789 2042 1967 2096 visum
2002 2041 2149 2113 quod

546 2125 1000 2197 Philippensibus
1025 2127 1256 2183 verbum
1278 2129 1378 2183 Dei
1397 2128 1628 2184 deberet
1655 2131 1980 2202 praedicare.
2004 2131 2149 2185 Nam

548 2214 811 2286 apparuit
830 2215 902 2277 ei.
928 2221 991 2271 ut
1010 2216 1250 2287 legimus
1268 2217 1326 2271 in
1346 2219 1582 2273 Actibus
1602 2219 1983 2290 apostolorum
2003 2222 2146 2289 (cap.

540 2307 684 2372 va).
714 2303 797 2357 vir
824 2305 1073 2369 Macedo,
1103 2305 1410 2376 deprecans
1433 2323 1561 2361 eum
1594 2313 1651 2362 et
1679 2307 1870 2362 dicens
1905 2326 1918 2361 :
1953 2310 2152 2363 Trans-

552 2395 669 2447 iens
690 2396 755 2447 in
774 2393 1171 2460 Macedoniam,
1195 2396 1402 2464 adjuva
1429 2412 1544 2450 nos.
1564 2395 1675 2463 Qui
1695 2396 1778 2450 vir
1797 2397 2031 2468 angelus
2050 2398 2150 2452 Dei

2231 1779 2291 1829 et
2316 1775 2443 1829 ideo
2470 1774 2644 1829 debeo
2662 1774 2909 1845 gaudere
2930 1779 2988 1828 et
3010 1775 3107 1827 hoc
3127 1773 3351 1836 sentire,
3375 1771 3434 1825 id
3451 1776 3540 1825 est
3558 1771 3791 1840 intellige‘

2231 1881 2313 1928 re,
2340 1879 2397 1918 eo
2424 1865 2569 1933 quod
2598 1864 2825 1917 habeam
2854 1880 2943 1918 vos
2973 1865 3035 1917 in
3056 1862 3215 1917 corde
3242 1865 3293 1915 et
3320 1862 3385 1914 in
3408 1862 3642 1914 uinculis
3664 1861 3789 1925 meis,

2230 1951 2501 2008 subaudis
2529 1952 2699 2006 vestri
2723 1951 3074 2006 reminiscor.

2307 2042 2474 2095 Testis
2494 2046 2570 2095 est
2598 2042 2744 2095 mihi
2769 2042 2910 2095 Deus
2929 2039 3194 2108 quomodo
3222 2055 3313 2093 vos
3334 2041 3563 2108 cupiam
3590 2037 3647 2090 in
3664 2038 3792 2090 visee-

2229 2131 2388 2185 ribus
2410 2133 2538 2186 Jesu
2569 2129 2797 2187 Christi.
2824 2129 3054 2183 Viscera
3081 2127 3349 2182 dicuntur
3374 2125 3478 2181 ﬁlii
3506 2142 3520 2179 :
3563 2130 3617 2180 et
3648 2124 3791 2178 viscus

2231 2219 2435 2274 dicitur
2448 2219 2718 2291 quidquid
2739 2219 2890 2273 intra
2906 2218 3119 2272 corium
3139 2224 3245 2271 est.
3270 2216 3405 2271 Ideo
3418 2214 3633 2271 duobus
3650 2212 3791 2268 modis

2231 2309 2590 2381 intelligitur.
2640 2309 2837 2380 Cupio,
2870 2307 3149 2378 inquiens,
3192 2323 3386 2362 omnes
3415 2323 3513 2360 vos
3552 2305 3684 2360 ﬁlios
3715 2302 3792 2357 Dei

2232 2415 2376 2466 esse,
2404 2398 2490 2452 vel
2519 2397 2683 2469 cupio
2713 2402 2778 2452 ut
2803 2397 2923 2467 ipse
2947 2396 3022 2450 sit
3048 2395 3321 2466 templum
3352 2400 3619 2453 vestrum.
3649 2400 3698 2447 et
3718 2407 3793 2445 vos

549 2479 725 2536 fuisse
743 2482 994 2537 creditur
1015 2482 1097 2536 illi
1113 2484 1269 2553 genti
1292 2484 1508 2555 positus
1526 2501 1561 2539 a
1580 2486 1713 2540 Deo.
1731 2487 1799 2540 Et
1819 2486 2147 2541 Timotheus.
2232 2486 2713 2542 communicantes
2732 2484 2952 2556 corpori
2971 2488 3030 2538 et
3049 2484 3310 2554 sanguini
3330 2485 3453 2554 ejus
3470 2484 3728 2538 maneatis
3748 2482 3792 2535 in

554 2568 741 2634 Quare
760 2570 1151 2642 interponebat
1171 2573 1400 2627 nomina
1423 2574 1826 2645 discipulorum
1852 2574 1911 2628 in
1938 2574 2153 2646 Episto-
2233 2576 2350 2630 illo.

551 2658 623 2713 lis
652 2659 812 2713 suis?
853 2660 930 2715 Ut
967 2661 1199 2731 majoris
1243 2662 1596 2718 auctoritatis
1644 2669 1810 2728 esset,
1843 2664 2153 2719 secundum
2306 2666 2371 2720 Et
2399 2665 2495 2719 hoc
2522 2680 2615 2719 oro
2645 2669 2710 2718 ut
2756 2665 2998 2719 charitas
3044 2669 3246 2729 vestra,
3281 2668 3340 2718 et
3378 2667 3602 2726 caetera,
3628 2661 3677 2715 id
3711 2664 3792 2723 est,

553 2748 704 2820 quod
730 2748 1001 2804 Dominus
1029 2749 1170 2805 dixit
1202 2768 1214 2804 :
1259 2752 1327 2805 In
1354 2767 1445 2806 ore
1473 2753 1717 2807 duorum
1753 2754 1835 2806 vel
1866 2755 2042 2806 trium
2074 2758 2150 2807 te-
2236 2754 2381 2809 sicut
2426 2753 2567 2808 ﬁdes
2595 2752 2766 2808 habet
2810 2753 3056 2819 initium,
3112 2751 3283 2807 habet
3336 2751 3728 2806 incrementum
3753 2754 3798 2800 et

551 2840 722 2891 stium
753 2842 852 2891 stet
883 2854 1042 2893 omne
1068 2840 1295 2894 verbum
1336 2841 1514 2908 (Deut.
1542 2846 1733 2910 xxvn),
1768 2847 1825 2896 et
1853 2857 1924 2896 ne
1952 2842 2156 2913 aliquis
2237 2843 2658 2915 perfectionem,
2689 2842 2771 2896 ita
2799 2841 3063 2896 charitas.
3096 2841 3230 2905 Oro,
3272 2840 3478 2912 inquit,
3510 2846 3578 2894 ut
3603 2853 3703 2893 non
3725 2851 3799 2890 so-

553 2925 784 2992 diceret,
806 2926 864 2981 in
895 2927 1187 2983 mendacio
1213 2928 1323 2984 ista
1347 2930 1657 3001 excogitata
1684 2936 1838 2997 sunt,
1869 2931 1955 2986 vel
1983 2931 2156 2985 etiam
2237 2932 2353 2986 lum
2393 2931 2451 2986 in
2491 2931 2670 2986 Deum
2699 2936 2757 2985 et
2783 2930 3124 3003 proximum,
3154 2929 3253 2984 sed
3283 2929 3454 2984 etiam
3481 2928 3551 2983 ad
3578 2926 3799 2982 inimicos

552 3014 867 3084 complebat
895 3015 1015 3087 ipse
1042 3018 1344 3087 Apostolus
1369 3018 1516 3089 quod
1548 3019 1817 3075 docuerat
1843 3019 2035 3074 dicens
2062 3020 2155 3076 :Si
2171 3027 2215 3088 ο
2238 3020 2574 3075 extendatur
2616 3019 2862 3074 charitas
2906 3024 3109 3085 vestra,
3154 3021 3219 3073 in
3265 3021 3516 3083 scientia,
3568 3012 3803 3071 subaudis

554 3102 646 3156 cui
674 3106 976 3157 revelatum
1003 3107 1179 3172 fuerit
1210 3107 1421 3160 sedenti
1447 3109 1683 3176 aliquid,
1706 3111 1866 3176 prior
1896 3112 2068 3163 taceat
2098 3108 2157 3179 (Ι

557 3189 680 3245 Cor.
712 3195 840 3257 xxv).
886 3191 1027 3245 Nam
1073 3192 1299 3262 quando
1345 3192 1591 3248 dictabat
1628 3194 1928 3266 Epistolas.
1959 3212 2155 3249 omnes

555 3277 813 3350 discipuli
844 3279 966 3348 ejus
1004 3280 1242 3334 aderant
1268 3298 1280 3332 :
1316 3287 1374 3334 et
1401 3282 1448 3335 si
1480 3282 1644 3336 alicui
1675 3283 1897 3338 illorum
1928 3283 2042 3338 alia
2065 3300 2158 3339 re-

556 3365 738 3420 velata
758 3371 966 3430 essent,
992 3383 1115 3438 quae
1139 3368 1259 3438 ipse
1279 3384 1391 3422 non
1415 3369 1654 3435 dicebat,
1682 3374 1781 3424 aut
1798 3371 1967 3426 aliter
1985 3359 2152 3443 quani

557 3453 797 3519 dicebat,
821 3455 953 3527 quia
966 3456 1115 3510 idem
1133 3457 1377 3528 Spiritus
1387 3464 1616 3513 sanctus
1630 3466 1754 3513 erat
1767 3459 1826 3513 in
1845 3460 2155 3532 discipulis,

559 3543 656 3615 qui
685 3550 742 3599 et
769 3544 823 3598 in
853 3546 1121 3616 magistro
1149 3562 1161 3597 :
1195 3544 1359 3600 sicuti
1385 3545 1457 3600 ab
1489 3547 1583 3601 illo
1612 3547 1921 3612 dicebatur,
1952 3549 2033 3604 ita
2064 3566 2156 3622 po-

557 3631 729 3687 nebat
750 3632 845 3688 ille
867 3632 926 3686 in
955 3633 1230 3701 ordinem,
1257 3650 1372 3689 non
1402 3634 1656 3690 invidens
1682 3635 1861 3691 bonus
1888 3638 2158 3708 magister

556 3723 675 3778 suis
703 3722 1012 3794 discipulis,
1045 3728 1103 3777 et
1141 3723 1373 3795 insuper
1416 3740 1620 3779 nomen
1650 3726 1802 3781 illius
1829 3727 2073 3798 ponebat
2098 3727 2156 3781 in

561 3810 786 3866 exordio
811 3827 937 3866 cum
967 3828 1088 3877 suo,
1112 3812 1243 3883 quia
1273 3818 1491 3883 partem
1516 3814 1639 3884 ejus
1665 3814 1923 3870 habebat.
1934 3816 2153 3872 Servus.

561 3898 736 3954 Sicuti
763 3899 1115 3970 gloriabatur
1140 3901 1346 3972 aliquis
1372 3903 1667 3957 consulum
1695 3920 1917 3959 servum
1947 3922 2007 3959 se
2036 3921 2159 3960 esse

558 3986 935 4059 imperatoris,
968 3995 1034 4043 ut
1061 3988 1484 4045 Andromachae
1513 4007 1706 4046 servus
1735 3993 2047 4056 Octaviani,
2079 3992 2162 4047 ita

560 4081 619 4131 et
641 4077 963 4148 Apostolus,
993 4083 1056 4132 ut
1086 4079 1208 4148 ejus
1233 4079 1481 4149 Epistola
1511 4080 1729 4135 firmior
1747 4086 1914 4140 esset,
1941 4070 2164 4136 dicebat

561 4180 623 4220 se
645 4181 866 4219 servum
896 4181 1019 4219 esse
1048 4166 1275 4227 Christi,
1306 4168 1563 4221 omnibus
1589 4171 1816 4231 sanctis,
1840 4168 1895 4222 id
1920 4174 2006 4223 est
2032 4185 2158 4222 om-

502 4286 509 4289 ι
562 4251 728 4306 nibus
756 4253 1117 4307 sanctiﬁcatis
1145 4254 1203 4307 in
1230 4253 1591 4325 baptismate,
1622 4262 1680 4309 et
1722 4256 1780 4310 in
1810 4272 1879 4310 ca
1909 4257 2160 4313 sanctiﬁ-

2182 3098 2187 3103 ’
2232 3108 2394 3180 legis,
2414 3111 2548 3162 etin
2568 3111 2725 3163 omni
2746 3124 2927 3171 sensu,
2951 3107 3009 3162 id
3039 3112 3126 3163 est
3154 3107 3410 3163 doctrina
3440 3103 3731 3177 Evangelii,
3752 3102 3802 3154 ut

2234 3200 2492 3268 probetis,
2524 3196 2582 3250 id
2618 3202 2707 3251 est
2732 3196 3065 3266 intelligatis
3095 3197 3310 3267 majora
3338 3196 3409 3251 de
3436 3196 3573 3261 Deo,
3612 3198 3671 3249 ut
3703 3191 3801 3248 siti:

2237 3290 2460 3350 sinceri,
2489 3286 2542 3339 id
2567 3292 2655 3340 est
2682 3285 2910 3357 perfecti
2936 3285 2994 3339 in
3014 3286 3151 3347 Deo,
3173 3291 3232 3339 et
3248 3285 3381 3349 ﬁde,
3399 3290 3458 3340 et
3483 3286 3539 3339 in
3560 3284 3702 3340 omni
3723 3280 3802 3335 bo-

2239 3375 2438 3429 nitate.
2464 3373 2706 3429 Sinceris
2735 3373 2974 3428 materia
2989 3379 3077 3427 est
3094 3373 3275 3429 solida
3293 3380 3351 3428 et
3370 3375 3554 3439 ﬁrma,
3577 3390 3691 3445 quae
3706 3372 3802 3426 nul-

2237 3464 2346 3517 lius
2368 3463 2447 3517 rei
2477 3462 2747 3517 varietate
2769 3463 3104 3528 maculatur,
3131 3463 3211 3516 ita
3237 3461 3405 3517 debet
3425 3468 3483 3517 et
3502 3463 3637 3517 ﬁdes
3656 3460 3800 3515 solida

2237 3568 2378 3607 esse.
2408 3551 2541 3607 Sine
2569 3554 2791 3618 o/fensa,
2838 3551 2895 3605 id
2938 3557 3042 3609 est.
3078 3549 3201 3605 sine
3243 3551 3570 3616 olfensione,
3601 3554 3657 3605 in
3684 3550 3801 3602 diem

2232 3641 2455 3710 iudicii,
2488 3642 2685 3707 repleti
2725 3641 2917 3707 fructu
2949 3642 3209 3708 justitise,
3241 3639 3299 3693 id
3330 3646 3436 3704 est,
3472 3640 3594 3694 sitis
3636 3633 3804 3708 repleti

2237 3728 2499 3784 omnibus
2523 3726 2844 3792 virtutibus,
2869 3727 2939 3781 de
2962 3727 3165 3799 quibus
3185 3727 3323 3782 dicit
3339 3728 3667 3799 Apostolus:
3694 3725 3795 3778 Fru-

2239 3822 2357 3872 ctus
2388 3823 2575 3871 autem
2603 3816 2851 3884 Spiritus
2882 3822 2957 3870 est
2982 3817 3275 3883 gaudium,
3303 3831 3422 3884 pas:
3449 3816 3584 3882 (Gal.
3609 3817 3679 3879 γ),
3706 3816 3797 3866 etc.

2242 3908 2309 3961 In
2336 3908 2578 3973 gloriam
2617 3910 2665 3958 et
2697 3906 2915 3959 laudem
2954 3905 3068 3970 Dei,
3105 3910 3171 3958 ut
3204 3904 3554 3975 gloriﬁcetur
3584 3902 3721 3957 Deus
3757 3898 3805 3952 in

2241 3993 2394 4048 vobis
2420 3999 2478 4048 et
2507 3992 2780 4048 Dominus
2805 3993 2966 4047 Jesus
2996 3991 3275 4060 laudetur,
3312 4008 3413 4064 per
3449 4008 3613 4064 quem
3646 3987 3807 4044 omnia

2243 4082 2393 4137 bona
2416 4080 2710 4136 habemus.

2314 4173 2467 4227 Scire
2495 4176 2680 4225 autem
2718 4185 2807 4224 vos
2834 4172 2971 4234 volo,
3002 4171 3229 4237 fratres,
3264 4171 3401 4238 quia
3440 4185 3557 4238 qua
3583 4172 3713 4222 circa
3738 4179 3805 4217 mc

2242 4265 2392 4322 sunt,
2420 4262 2596 4328 magis
2617 4260 2691 4312 ad
2702 4261 3013 4327 profectum
3038 4262 3308 4312 venerunt
3329 4258 3630 4326 Evangelii.
3647 4254 3808 4311 Sciens

562 4339 782 4395 catione
812 4340 1189 4404 manentibus,
1218 4345 1318 4411 qui
1344 4348 1475 4397 sunt
1507 4344 1775 4413 Philippis
1806 4362 1932 4399 cum
1961 4350 2159 4415 episce-
2176 4339 2224 4397 D
2240 4349 2440 4404 beatus
2458 4346 2762 4418 Apostolus
2785 4344 3166 4416 Philippenses
3184 4346 3505 4400 contristari
3529 4346 3597 4401 de
3616 4344 3715 4399 suis
3727 4341 3806 4396 tri-

557 4429 667 4498 pis,
707 4428 763 4482 id
801 4434 890 4483 est
916 4445 1052 4499 cum
1092 4429 1435 4502 presbyteris
1467 4450 1479 4485 :
1513 4430 1649 4502 quia
1687 4448 1799 4487 una
1825 4434 2020 4489 civitas
2045 4450 2159 4489 non

562 4524 751 4593 potest
777 4519 985 4575 habere
1001 4519 1191 4591 plures
1228 4520 1531 4592 episcopos.
1557 4521 1830 4594 Philippis
1853 4529 1940 4577 est
1966 4523 2161 4579 civitas

563 4609 810 4676 Gracia},
834 4625 1003 4680 quam
1032 4608 1326 4664 aediﬁcavit
1357 4609 1650 4680 Philippus
1677 4617 1839 4682 pater
1864 4612 2162 4683 adoptivus

562 4699 884 4765 Alexandri,
909 4714 1109 4753 vocans
1129 4714 1253 4752 eam
1278 4698 1508 4753 nomine
1527 4715 1635 4753 suo
1649 4699 1949 4772 Philippis;
1973 4706 2023 4755 et
2044 4703 2163 4755 dia-

563 4791 806 4853 conibus,
831 4788 1100 4844 subaudis
1129 4788 1203 4843 sit
1224 4788 1377 4844 salus
1397 4794 1455 4842 et
1481 4789 1738 4843 remissio
1766 4795 2152 4860 peccatorum.

638 4881 858 4936 Gratias
886 4895 988 4947 ago
1019 4880 1119 4933 Deo
1148 4893 1264 4931 meo
1289 4880 1352 4931 in
1384 4880 1541 4931 omni
1581 4881 1851 4932 memoria
1880 4883 2064 4943 vestri,
2102 4880 2160 4935 id

565 4973 672 5032 est,
701 4968 758 5022 in
799 4967 1071 5021 memoria
1102 4966 1234 5021 ﬁdei
1263 4970 1478 5028 vestrm,
1509 4965 1567 5020 in
1600 4982 1712 5039 qua
1736 4965 1911 5021 solide
1940 4983 2162 5038 perma-

563 5055 731 5121 netis,
759 5055 972 5125 gratias
1000 5054 1172 5109 reddo
1201 5054 1316 5109 Deo
1361 5055 1446 5109 vel
1490 5071 1708 5109 memor
1743 5054 1914 5108 vestri
1955 5072 2166 5124 semper

567 5144 631 5195 in
666 5143 806 5194 meis
847 5141 1193 5194 orationibus
1221 5141 1434 5210 gratias
1460 5157 1567 5212 ago
1595 5140 1704 5206 illi,
1727 5139 1823 5212 qui
1850 5157 1944 5197 vos
1968 5145 2168 5197 conﬁr-

565 5234 683 5283 mat
711 5243 937 5299 semper
964 5228 1022 5282 in
1046 5227 1174 5281 ﬁde.

638 5318 778 5373 Cum
801 5317 1022 5385 gaudio,
1044 5315 1313 5370 subaudis
1336 5317 1596 5388 spiritali,
1623 5318 2054 5388 deprecationem
2073 5321 2169 5390 fa-

565 5408 868 5474 ciens,non
891 5420 1019 5459 cum
1051 5420 1310 5460 maerore.
1346 5406 1456 5461 Pro
1486 5407 1598 5461 illis
1628 5407 1723 5478 qui
1751 5408 1809 5462 in
1837 5408 1947 5463 ﬁde
1977 5425 2169 5481 perse-

494 5568 503 5577 _
571 5499 768 5567 verant
796 5499 855 5549 et
888 5492 1056 5549 ﬁdem
1083 5509 1253 5564 quam
1282 5499 1498 5571 tenent,
1537 5494 1698 5564 bonis
1723 5497 1989 5569 operibus
2008 5513 2170 5553 exor-

2240 4433 2624 4492 bulationibus
2653 4441 2707 4489 et
2736 4434 3033 4488 condolere
3061 4433 3131 4488 de
3159 4434 3276 4488 suis
3303 4434 3726 4496 inﬁrmitatibus,
3750 4446 3807 4484 ne

2241 4525 2323 4579 illi
2351 4524 2656 4578 deﬁcerent
2682 4523 2741 4577 in
2771 4523 2879 4578 ﬁde
2909 4522 3205 4578 audientes
3233 4539 3363 4577 eum
3384 4522 3525 4577 talia
3545 4521 3673 4593 pati,
3692 4517 3808 4573 scri-

2244 4614 2414 4669 bebat
2435 4614 2516 4667 eis
2538 4613 2729 4667 dicens
2760 4631 2772 4666 :
2809 4613 2934 4668 Scio
2954 4612 3183 4683 quidem
3204 4628 3299 4666 vos
3324 4607 3574 4683 compati
3595 4605 3810 4664 afﬂictio-

2243 4701 2407 4756 nibus
2453 4701 2612 4763 meis,
2660 4700 2756 4755 sed
2807 4700 3153 4755 innotescere
3196 4700 3353 4755 vobis
3402 4704 3521 4755 volo
3567 4702 3809 4768 quicqu!

2243 4794 2393 4843 circa
2420 4807 2505 4843 me
2537 4795 2688 4846 sunt.
2732 4789 2955 4844 \incula
3001 4789 3278 4851 videlicet.
3326 4805 3518 4844 carcer
3544 4795 3600 4843 et
3625 4787 3805 4857 cippus,

2244 4881 2421 4945 magis
2441 4880 2515 4933 ad
2529 4880 2855 4946 profectum,
2881 4877 2935 4932 id
2960 4884 3063 4939 est,
3088 4879 3158 4931 ad
3181 4877 3485 4932 utilitatem
3508 4885 3565 4932 et
3583 4885 3811 4945 augmen-

2244 4972 2367 5022 tum
2395 4972 2529 5021 sunt
2556 4967 2864 5034 Evangelii,
2887 4982 3056 5036 quam
3079 4965 3149 5019 ad
3169 4966 3645 5020 contrarietatem.
3666 4964 3733 5016 Ita
3756 4961 3808 5009 ut

2246 5058 2472 5110 vincula
2502 5071 2623 5109 mea
2650 5059 2714 5109 in
2744 5056 2979 5119 Christo,
3008 5054 3064 5108 id
3094 5060 3199 5120 est,
3231 5070 3356 5126 qua:
3384 5070 3499 5108 non
3531 5068 3627 5125 pro
3653 5048 3810 5117 aliquo

2248 5143 2359 5198 alio
2382 5141 2616 5196 crimine
2644 5141 2914 5207 sustineo,
2946 5141 3044 5195 sed
3070 5148 3299 5212 prOpter
3317 5141 3622 5203 Christum,
3654 5138 3809 5190 mani-

2246 5233 2385 5300 festa
2417 5234 2606 5299 ﬁerent
2637 5233 2701 5284 in
2728 5233 2886 5285 omni
2908 5233 3168 5299 praetorio
3199 5237 3247 5285 et
3276 5234 3341 5284 in
3366 5233 3569 5285 ceteris
3592 5223 3810 5283 omnibus

2247 5319 2403 5374 locis.
2429 5320 2644 5375 Praetor
2661 5318 2870 5374 dicitur
2887 5335 2921 5373 a
2943 5319 3244 5391 praeeundo
3262 5324 3323 5374 et
3340 5318 3503 5390 quasi
3524 5317 3805 5390 praeceptor.

2251 5408 2383 5481 quia
2404 5414 2690 5481 Praecepta
2708 5408 2808 5463 dat
2830 5409 3054 5479 populo.
3078 5407 3412 5463 Pretorium
3431 5413 3615 5462 autem
3637 5399 3808 5457 dicitur

2253 5498 2415 5570 quasi
2436 5497 2886 5570 prmeeptorium,
2911 5514 2978 5553 eo
2998 5497 3149 5569 quod
3177 5495 3256 5552 ibi
3278 5500 3547 5584 praetores
3571 5494 3677 5549 sive
3694 5500 3807 5563 pre-
