3852 6154
126 325 207 385 737
710 315 1091 372 EXPOSI'I‘IO
1121 318 1200 372 1N
1233 318 1386 373 EPP.
1419 321 1475 374 S.
1511 319 1748 375 PAULI.
1785 348 1849 358 —
1880 319 1958 373 IN
1989 319 2211 376 EPIST.
2239 321 2336 374 AD
2367 321 2674 378 PHILIPP.
3214 330 3318 387 738

125 455 330 523 ceptores
349 448 398 499 et
413 440 652 514 praefecti
681 440 916 494 sedeant
934 441 1004 495 ad
1027 437 1383 497 discutienda
1403 444 1654 513 qumdnm
1681 445 1723 503 Α
1744 458 1969 497 moveor
1993 443 2050 497 in
2079 443 2352 499 tristitia?
2373 445 2496 502 Sive
2510 462 2613 514 per
2633 452 2984 515 occasionem,
3020 450 3076 504 id
3102 457 3206 513 est,
3237 469 3339 524 per

123 547 166 596 et
178 539 416 611 praecepta
433 529 914 585 danda.Veniente
935 546 1068 600 ergo
1086 529 1247 586 beato
1268 534 1533 602 Apostolo
1553 533 1659 587 Ro-
1738 530 2005 586 invidiam
2037 539 2093 586 et
2131 549 2241 588 non
2266 535 2501 592 sincere,
2532 538 2642 589 sive
2686 553 2792 606 per
2834 542 3142 607 veritatem,
3165 538 3223 595 id
3251 547 3341 596 est

122 644 258 688 mam,
289 623 451 676 vincto
474 635 575 690 pro
618 619 824 674 Christi
863 619 1109 685 nomine,
1140 637 1268 675 cum
1298 628 1447 676 esset
1472 627 1656 676 retru-
1739 618 1942 675 bonam
1972 621 2315 676 voluntatem
2356 629 2413 676 et
2439 624 2792 691 charitatem,
2824 632 2872 681 et
2904 629 2968 682 in
2990 629 3088 683 hoc
3104 631 3334 697 gaudeo,

121 733 199 773 sus
217 715 264 767 in
283 725 563 770 carcerem,
595 708 654 761 in
684 708 851 762 domo
892 708 1268 778 imperatoris,
1301 717 1358 764 et
1393 711 1656 781 coepisset
1737 708 1790 762 id
1813 715 1901 764 est
1937 708 2066 779 quia
2097 709 2302 764 Christi
2328 727 2530 766 nomen
2562 729 2663 783 per
2690 713 2895 768 bonam
2915 717 3258 770 voluntatem
3281 722 3341 771 et

120 806 298 860 docere.
325 799 569 853 inﬁrmos
614 813 831 862 curare,
874 797 1052 851 multa
1098 797 1367 854 miracula
1405 806 1649 871 patrare,
1736 814 1801 852 ex
1829 799 2101 853 charitate
2135 799 2491 869 praedicatur,
2522 803 2613 854 sed
2669 806 2718 854 et
2775 804 3036 870 gaudebo,
3071 803 3340 860 subaudis

122 892 251 948 multi
275 887 615 943 crediderunt
649 886 704 940 in
739 891 980 952 tantum,
1011 886 1155 942 sicut
1210 887 1406 944 beatus
1455 888 1654 943 Hiero-
1736 892 1964 957 propter
1991 887 2134 940 hoc:
2169 887 2302 957 quia
2339 888 2448 942 illis
2480 905 2591 942 non
2621 889 2860 944 invideo.

120 997 283 1052 nymus
301 977 442 1039 dicit,
475 981 540 1030 ut
568 976 794 1030 domum
831 977 1203 1046 persecutoris
1233 977 1472 1032 Neronis
1485 978 1654 1033 eccle-
1805 974 1926 1030 Scio
1956 978 2106 1029 enim
2135 979 2269 1043 quia
2296 980 2576 1043 proveniet
2630 980 2780 1031 mihi
2828 980 2926 1033 hoc
2967 982 3041 1034 ad
3077 984 3333 1038 salutem.

119 1070 229 1124 siam
255 1067 442 1120 faceret
473 1063 884 1134 Redemptoris.
916 1064 1072 1118 Tunc
1106 1064 1525 1119 manifestatum
1567 1069 1655 1120 est
1737 1063 1854 1117 Hoc
1883 1063 2034 1117 enim
2067 1065 2353 1134 proveniet
2382 1065 2518 1118 mihi
2549 1066 2620 1118 ad
2643 1067 2908 1130 salutem,
2942 1068 2997 1122 id
3024 1075 3110 1122 est
3137 1070 3210 1124 ad
3253 1071 3336 1125 vi-

116 1160 160 1212 in
187 1154 315 1210 omni
353 1153 624 1225 praetorio.
658 1151 711 1205 id
755 1159 860 1214 est,
891 1151 1237 1224 imperatori,
1281 1152 1652 1225 omnibusque
1733 1159 1850 1206 tam
1880 1157 2171 1213 aeternam,
2198 1153 2346 1223 quod
2377 1154 2628 1208 sustineo
2667 1171 2768 1224 pro
2823 1157 3030 1211 Christi
3062 1159 3289 1214 nomine
3320 1177 3332 1213 :

117 1243 386 1300 consulibus
411 1251 468 1295 et
493 1239 858 1312 principibus,
891 1246 950 1294 et
983 1241 1040 1294 in
1069 1241 1329 1295 omnibus
1355 1241 1490 1296 locis
1521 1259 1652 1313 pro-
1735 1241 1819 1294 vel
1841 1240 2100 1310 quiaillis
2131 1241 2280 1295 mala
2310 1258 2423 1296 non
2454 1249 2587 1312 opto
2621 1243 2718 1313 qui
2769 1244 2908 1298 mihi
2937 1246 3190 1301 invident
3219 1261 3231 1296 :
3281 1255 3340 1304 et

115 1341 214 1407 pter
236 1331 502 1387 Christum
523 1329 682 1384 illum
702 1329 840 1383 talia
865 1329 1161 1384 sustinere.
1196 1331 1262 1384 Et
1283 1333 1475 1398 plures
1494 1347 1520 1384 e
1537 1333 1656 1398 fra-
1737 1329 1874 1382 mihi
1905 1329 2327 1384 tribulationem
2357 1331 2620 1394 excitant,
2654 1333 2718 1385 Et
2761 1335 3334 1390 subministrationem

117 1423 276 1483 tribus,
306 1419 357 1472 id
392 1423 478 1471 est
505 1433 571 1471 ex
602 1416 958 1471 credentibus
989 1420 1051 1470 in
1083 1418 1332 1482 Domino,
1352 1417 1410 1471 id
1435 1423 1658 1489 est,per
1737 1417 1984 1485 Spiritus
2011 1420 2138 1472 Jesu
2165 1419 2393 1484 Christi,
2417 1419 2473 1472 id
2503 1425 2586 1474 est
2607 1420 2877 1474 auxilium
2906 1421 3260 1478 ministrante
3280 1429 3337 1478 et

115 1509 383 1571 Dominum,
413 1508 738 1573 conﬁdentes
758 1510 821 1559 in
842 1508 1080 1560 vinculis
1102 1509 1256 1571 meis,
1283 1506 1340 1559 id
1370 1513 1457 1560 est
1474 1523 1657 1560 exem-
1737 1505 2018 1578 praebente
2058 1508 2195 1561 mihi
2225 1509 2448 1563 Christo
2478 1515 2536 1563 et
2566 1510 2778 1581 Spiritu
2807 1516 3021 1566 sancto.

114 1600 185 1670 plo
209 1597 536 1651 vinculorum
579 1611 832 1649 meorum
863 1595 1182 1658 confortati,
1217 1612 1344 1649 cum
1389 1595 1658 1650 vidissent
1807 1596 2122 1652 Secundum
2144 1588 2586 1665 cxspeclatibnem
2617 1605 2664 1652 et
2684 1615 2832 1667 spem
2863 1616 3062 1654 meam.
3099 1601 3330 1672 Exspec-

115 1687 219 1741 talia
239 1685 342 1756 pati
370 1684 592 1738 beatum
624 1683 977 1754 Apostolum,
1001 1684 1154 1738 omni
1179 1683 1476 1739 formidine
1506 1702 1656 1739 mor-
1677 1755 1707 1758 _
1737 1683 1878 1738 talio
1908 1688 1964 1738 et
1988 1701 2296 1755 spesunum
2324 1691 2445 1752 est;
2471 1685 2602 1756 quia
2629 1703 2756 1757 spes
2783 1693 2869 1741 est
2889 1688 3228 1758 exspectatio
3251 1689 3336 1743 fu-

111 1776 167 1828 tis
191 1755 408 1845 repulsa,
436 1773 691 1843 exemplo
713 1772 1061 1826 vinculorum
1090 1774 1214 1842 ejus
1243 1773 1539 1828 confortati
1569 1779 1656 1829 at-
1676 1755 1994 1826 Bturorum
2025 1771 2319 1828 bonorum.
2356 1773 2419 1827 Et
2449 1755 2974 1844 beatus—Apostolus
2988 1755 3179 1830 certus
3208 1781 3331 1830 erat

114 1879 197 1933 que
236 1860 586 1926 corroborati,
623 1866 913 1932 cmperunt
963 1861 1232 1915 audacius
1287 1864 1515 1919 verbum
1561 1864 1660 1917 Dei
1741 1861 1887 1930 quod
1922 1861 2232 1915 mercedem
2255 1870 2379 1916 erat
2403 1869 2734 1932 accepturus
2761 1870 2984 1917 aeterna
3001 1864 3328 1919 retributio-

112 1951 369 2021 praadicare
391 1953 510 2003 sine
532 1953 745 2003 timore.
1740 1949 1827 2004 nis
1853 1968 1863 2003 :
1886 1956 2114 2021 propter
2142 1951 2246 2004 hoc
2271 1952 2419 2022 quod
2449 1952 2761 2006 sustinebat
2789 1969 2888 2024 pro
2919 1953 3163 2017 Christo,
3191 1958 3249 2008 et
3261 1954 3331 2008 de

169 2041 375 2106 Quidam
396 2040 622 2107 quidem
653 2043 702 2092 et
727 2044 952 2107 propter
964 2040 1238 2093 invidiam
1270 2045 1326 2094 et
1355 2042 1657 2094 contentio-
1740 2039 1844 2093 hoc
1871 2039 2042 2092 etiam
2073 2041 2432 2110 exspectabat
2471 2041 2806 2105 mercedem,
2838 2041 2971 2112 quia
2989 2041 3106 2096 suis
3133 2041 3334 2096 invidis

112 2129 452 2196 nem,quidam
475 2132 666 2181 autem
689 2132 736 2182 et
750 2132 978 2196 propter
994 2130 1192 2182 bonam
1220 2128 1658 2183 voluntatem.Hi
1738 2127 2194 2198 persecutoribus
2224 2128 2368 2182 bona
2388 2128 2640 2199 optabat.
2663 2131 2804 2197 Quia
2826 2133 2889 2183 in
2916 2133 3072 2184 nullo
3096 2133 3336 2198 confun-

110 2220 309 2285 quatuor
332 2216 478 2269 modi
517 2215 613 2286 qui
644 2221 960 2286 sequuntur
997 2216 1055 2270 in
1084 2216 1224 2270 duas
1251 2217 1656 2286 species,sicuti
1737 2218 1863 2283 dar,
1895 2217 1950 2270 id
1980 2222 2085 2278 est,
2122 2218 2180 2270 in
2200 2218 2356 2271 nullo
2381 2218 2582 2272 horum
2615 2235 2738 2289 qua;
2766 2218 2844 2271 illi
2873 2224 3070 2288 agunt,
3105 2225 3167 2274 ut
3190 2219 3328 2274 mihi

107 2304 379 2358 doctoribus
419 2304 648 2358 videtur
671 2311 907 2375 possunt
934 2305 1113 2375 redigi
1137 2323 1149 2358 :
1184 2305 1372 2359 Prima
1402 2305 1656 2360 videlicet
1741 2306 2186 2376 persecutionem
2217 2307 2486 2376 majorem
2507 2306 2799 2376 ingerant:
2825 2308 2913 2362 vel
2943 2324 3066 2379 quae
3093 2308 3338 2363 sustine-

109 2399 153 2445 et
173 2393 348 2446 ultima
373 2393 593 2463 species
622 2409 722 2462 pro
751 2409 864 2448 una
885 2400 1227 2464 computata,
1250 2394 1373 2448 duae
1395 2411 1523 2449 vero
1546 2411 1656 2448 me-
1741 2393 1842 2447 bo:
1873 2395 1991 2465 jam
2021 2395 2234 2465 positus
2255 2395 2313 2448 in
2342 2395 2574 2449 vinculis
2595 2411 2704 2450 non
2719 2394 3004 2454 erubesco.
3026 2396 3130 2452 Sed
3149 2400 3207 2451 in
3225 2413 3338 2452 om-

107 2480 188 2535 dize
203 2481 444 2536 similiter
470 2499 576 2552 pro
597 2481 846 2536 una.Sed
865 2488 1146 2536 tentemus
1166 2482 1527 2552 persingulas
1552 2484 1656 2537 sti-
1740 2485 1803 2535 ni
1831 2485 2053 2549 ﬁducia.
2091 2483 2145 2537 id
2177 2489 2262 2537 est
2290 2485 2347 2537 in
2379 2484 2532 2538 omni
2555 2484 2663 2538 fide
2694 2500 2836 2548 mea,
2860 2489 3002 2539 sicut
3029 2501 3257 2555 semper,
3288 2490 3338 2540 et

107 2568 199 2621 lum
212 2571 437 2625 trahere.
465 2571 630 2634 Quod
654 2570 790 2624 dicit
814 2571 1056 2640 primum
1080 2570 1302 2641 quidem
1328 2577 1555 2641 propter
1575 2572 1657 2626 in-
1739 2587 1890 2624 nunc
1918 2574 2373 2640 magni/imbitur
2403 2573 2651 2627 Christus
2683 2576 2744 2627 in
2774 2589 2994 2641 corpore
3046 2590 3182 2639 meo,
3226 2577 3338 2628 sive

107 2656 270 2712 vidiam
298 2669 350 2713 et
375 2659 815 2722 contentionem,
839 2658 1108 2712 subaudis
1131 2660 1412 2714 Christum
1439 2675 1656 2713 annun-
1731 2675 1833 2727 per
1862 2663 2053 2724 vitam,
2077 2663 2186 2714 sire
2201 2676 2301 2728 per
2329 2667 2578 2715 mortem.
2610 2661 2668 2716 Si
2689 2667 2969 2715 tormenta
2992 2661 3334 2729 sustinuero,

104 2745 220 2799 tiant
244 2763 402 2801 unum
426 2763 573 2801 esse.
611 2747 782 2800 Erant
811 2746 1041 2816 quidam
1073 2763 1136 2800 ex
1175 2747 1382 2800 Judaeis
1423 2748 1656 2802 creden-
1739 2764 1934 2802 omnes
1963 2748 2376 2819 quiaudierint,
2404 2749 2611 2815 dicent,
2645 2751 2884 2820 Magnus
2912 2757 2995 2804 est
3025 2750 3130 2804 iste
3160 2751 3332 2818 Deus,

107 2831 225 2888 tibus
251 2842 410 2906 atque
431 2834 704 2905 gentibus
734 2834 830 2906 qui
858 2835 1169 2890 invidentes
1197 2835 1360 2890 beato
1389 2838 1658 2907 Apostolo
1741 2853 1841 2907 pro
1871 2837 2028 2906 cujus
2055 2837 2280 2891 nomine
2308 2839 2454 2892 servi
2483 2839 2605 2907 ejus
2646 2854 2756 2892 non
2787 2838 2990 2892 timent
3020 2838 3183 2892 mori.

107 2923 224 2991 quod
249 2923 358 2994 ipse
384 2924 682 2978 dicebatur
701 2925 853 2978 solus
884 2923 1414 2994 magistergentium
1446 2931 1503 2978 et
1523 2943 1660 2996 prae-
1808 2926 1949 2978 Mihi
1967 2931 2155 2979 autem
2179 2928 2355 2979 vivere
2370 2923 2642 2987 Christus‘,
2674 2926 2729 2979 id
2741 2931 2846 2988 est,
2877 2926 2924 2980 si
2944 2925 3150 2992 vixero,
3175 2925 3336 2980 Chri-

107 3008 298 3071 dicator.
344 3012 644 3067 dicebant:
695 3013 960 3083 Nunquid
1003 3013 1209 3068 Paulus
1263 3015 1416 3068 solus
1455 3014 1660 3069 dicitur
1740 3019 1860 3068 stus
1889 3013 2029 3067 mihi
2059 3013 2172 3067 vita
2199 3014 2426 3068 estzvel
2455 3015 2501 3068 si
2522 3014 2731 3070 vixero.
2766 3031 2866 3086 per
2882 3014 3335 3086 prmdicationem

106 3099 637 3170 magistergentium?
667 3103 780 3156 Nos
805 3102 1117 3156 doctrinam
1145 3101 1439 3168 habemus,
1463 3103 1921 3173 prtedi-Cmeam
1977 3120 2179 3174 corpus
2214 3105 2337 3174 ejus
2383 3103 2618 3174 augebo.
2674 3105 2738 3158 Et
2788 3109 2937 3159 mori
2992 3107 3232 3158 lucrum.
3281 3103 3338 3158 Si

107 3186 314 3242 cabimus
341 3189 487 3244 sicut
515 3196 579 3244 et
606 3191 719 3255 ille,
752 3197 817 3244 ut
845 3190 1194 3261 appellamur
1227 3191 1482 3260 magistri
1519 3209 1662 3262 gen-
1741 3192 1846 3246 sub
1875 3192 2055 3264 pcenis
2105 3197 2362 3246 mortuus
2413 3193 2595 3256 fuere,
2630 3192 2940 3247 maximum
2997 3193 3217 3246 lucrum
3256 3198 3344 3246 est

106 3275 235 3330 tium.
257 3278 321 3331 Et
339 3279 440 3333 hoc
465 3279 732 3350 agebant,
757 3279 888 3350 quia
907 3278 1165 3333 volebant
1178 3280 1515 3334 contendere
1533 3297 1661 3334 cum
1744 3281 1899 3346 mihi,
1932 3287 1989 3335 et
2017 3281 2193 3352 magis
2221 3297 2286 3335 ac
2320 3282 2500 3351 magis
2538 3280 2952 3351 praedicabitur.
2991 3280 3090 3334 Vel
3121 3281 3341 3335 lucrum

108 3363 195 3416 illo.
233 3366 474 3422 Secunda
503 3368 722 3439 species
751 3374 869 3421 est:
903 3367 1142 3432 Quidam
1185 3375 1412 3440 propter
1459 3368 1658 3423 bonam
1743 3374 1830 3422 est
1860 3368 1999 3423 mihi
2044 3368 2206 3429 mori,
2233 3369 2388 3440 quia,
2426 3369 2472 3423 si
2518 3377 2776 3424 mortuus
2827 3368 2985 3423 fuero
3035 3368 3341 3422 maximum

106 3453 424 3522 voluntatem,
459 3457 516 3511 id
555 3464 660 3519 est,
696 3457 896 3512 bonam
952 3457 1345 3523 intentionem,
1368 3458 1661 3528 cupientes
1741 3457 1960 3512 lucrum
1991 3463 2357 3528 percepturus
2389 3475 2535 3524 sum,
2567 3458 2620 3511 id
2667 3464 2754 3512 est
2785 3459 2954 3511 vitam
2979 3464 3266 3512 aeternam.

107 3541 281 3598 salvare
308 3545 442 3599 alios
472 3546 624 3600 sicut
652 3552 708 3600 et
735 3546 843 3615 ipsi
875 3547 1069 3600 salvati
1097 3553 1284 3602 erant.
1322 3547 1513 3601 Tertia
1540 3565 1662 3618 spe-
1823 3550 2010 3602 Vivere
2035 3550 2096 3600 in
2127 3563 2311 3608 carne,
2344 3548 2434 3600 hic
2458 3548 2600 3600 mihi
2631 3549 2850 3614 fructus
2868 3551 2947 3600 est
2975 3549 3167 3614 operis,
3205 3545 3338 3616 quia

104 3629 192 3685 cies
216 3641 324 3687 est:
359 3636 605 3701 Quidam
635 3651 700 3688 ea:
724 3635 1012 3700 charitate,
1035 3634 1304 3690 subaudis
1333 3652 1446 3706 qua
1467 3636 1660 3707 dilige-
1741 3652 1851 3707 quo
1880 3636 2120 3706 amplius
2165 3636 2371 3703 vixero,
2404 3635 2717 3688 mercedem
2759 3651 2941 3688 meam
2989 3633 3227 3704 augebo.
3262 3635 3330 3688 Et

105 3717 212 3774 bant
243 3723 431 3786 Deum,
463 3722 772 3794 cupiebant
799 3724 938 3777 alios
959 3724 1172 3777 salvare
1216 3734 1272 3777 et
1301 3741 1365 3777 ex
1390 3724 1663 3779 charitate
1745 3726 1880 3794 quid
1908 3727 2109 3792 eligam
2135 3728 2350 3791 ignoro,
2376 3724 2429 3778 id
2456 3729 2559 3788 est,
2586 3729 2776 3776 utrum
2819 3728 3054 3776 mortem
3077 3727 3337 3793 appetam

105 3810 496 3882 quadiligebant
518 3813 880 3883 Apostolum,
907 3813 1152 3866 volentes
1171 3812 1222 3865 ei
1239 3812 1579 3882 adjutorium
1603 3813 1662 3866 in
1745 3829 1816 3866 an
1847 3812 2029 3865 adhuc
2079 3811 2136 3864 in
2176 3827 2343 3864 carne
2385 3827 2614 3864 manere
2645 3818 2854 3881 optem.
2891 3812 2988 3865 Est
3016 3817 3207 3865 autem
3257 3809 3337 3863 sic

105 3899 453 3964 pradicatione
485 3900 758 3972 praebere.
793 3901 1007 3965 Quarta
1029 3902 1242 3972 species
1270 3909 1356 3956 est
1381 3921 1392 3954 :
1424 3904 1662 3970 Quidam
1745 3900 2226 3970 distinguendum.
2255 3901 2321 3954 Et
2344 3900 2476 3970 quid
2506 3901 2712 3970 eligam
2738 3901 2955 3969 ignoro,
2980 3917 3107 3954 cum
3125 3901 3338 3954 Christo

103 3993 512 4050 escontentione,
552 4005 669 4043 non
687 3993 914 4044 sincere.
947 3989 1176 4044 Sincera
1202 4007 1292 4045 res
1339 3997 1427 4045 est
1483 3990 1662 4045 solida
1746 4006 1870 4054 esse,
1902 3991 2077 4042 multo
2103 3991 2281 4056 magis
2311 3992 2527 4042 melius.
2557 3989 2699 4043 Cum
2729 3988 2870 4042 dixit
2921 3988 3100 4042 multo
3155 3986 3334 4056 magis

105 4079 148 4126 et
169 4076 328 4130 ﬁrma.
360 4078 429 4132 Et
455 4084 628 4132 erant
655 4077 880 4148 quidam
913 4079 1008 4149 qui
1027 4078 1405 4149 praedicabant
1417 4095 1528 4134 non
1548 4079 1665 4134 sin-
1747 4078 1949 4132 melius
1977 4094 2101 4132 esse
2129 4079 2354 4131 dissolvi
2379 4083 2428 4131 et
2457 4094 2585 4131 cum
2639 4078 2854 4133 Christo
2883 4093 3008 4142 esse,
3041 4082 3098 4130 et
3145 4075 3336 4130 subdit

105 4177 219 4226 cere,
246 4164 298 4219 id
325 4172 427 4231 est,
493 4183 610 4221 non
672 4183 815 4237 pura
871 4167 1231 4231 conscientia,
1264 4168 1397 4238 quia
1437 4174 1668 4240 propter
1742 4183 2068 4236 permanere
2100 4170 2161 4220 in
2188 4182 2356 4220 carne
2383 4169 2768 4228 necessarium,
2801 4165 3046 4220 ostendit
3065 4164 3199 4236 quid
3229 4181 3344 4218 ma-

105 4255 358 4307 commoda
376 4254 678 4326 praesentis
705 4256 852 4314 vitae.
885 4262 942 4310 et
966 4261 1196 4327 propter
1208 4256 1361 4310 lucra
1389 4262 1670 4328 tempora-
1748 4255 1833 4326 gis
1862 4255 2050 4326 eligat,
2078 4259 2135 4309 et
2162 4254 2370 4308 bonum
2402 4255 2626 4325 quidem
2659 4271 2782 4309 esse
2820 4271 3051 4309 manere
3098 4254 3208 4320 hic,
3239 4253 3338 4308 sed

106 4334 162 4389 lia
180 4342 549 4408 praedicationi
579 4343 932 4410 insistebant,
967 4349 1033 4398 ut
1049 4343 1130 4399 ita
1146 4360 1179 4398 a
1196 4344 1462 4415 subjectis
1482 4345 1666 4401 cibum
1685 4385 1734 4444 D
1753 4345 1952 4400 melius
1979 4349 2037 4399 et
2067 4343 2340 4416 optimum
2361 4360 2591 4399 manere
2618 4361 2746 4398 cum
2777 4344 3022 4399 Christo.

105 4431 148 4476 et
168 4431 550 4486 vestimentum
569 4431 903 4504 acciperent,
925 4433 1208 4488 dicentes:
1234 4435 1503 4488 Dominus
1521 4435 1669 4488 ordi-
1686 4431 1731 4444 ”’
1823 4435 1888 4488 Et
1917 4435 2014 4488 hoc
2043 4435 2316 4501 conﬁdens
2335 4436 2462 4498 scio,
2488 4436 2624 4502 quia
2647 4435 2891 4500 manebo,
2921 4434 2978 4488 id
3002 4439 3107 4502 est,
3129 4433 3347 4488 confido

107 4519 227 4568 navit
244 4524 336 4586 qui
369 4522 745 4590 Evangelium
780 4525 1130 4576 annuntiant
1160 4524 1224 4576 de
1257 4524 1552 4591 Evangelia
1589 4525 1669 4577 υἱ·
1750 4529 1809 4578 et
1835 4523 2021 4588 credo,
2055 4523 2188 4593 quia
2215 4522 2450 4577 manebo
2480 4522 2730 4594 quandiu
2760 4523 3000 4577 Domino
3039 4523 3333 4594 placuerit,

104 4617 198 4656 rere
224 4608 273 4674 (Ι
291 4608 413 4667 Cor.
447 4613 549 4678 xx).
588 4609 657 4664 Et
676 4615 904 4681 propter
922 4610 1299 4665 contentionis
1319 4610 1667 4666 occasionem
1749 4619 1799 4667 et
1824 4613 2170 4681 permanebo,
2204 4610 2261 4664 id
2301 4617 2406 4673 est,
2439 4627 2615 4682 usque
2645 4611 2712 4664 ad
2747 4611 3141 4680 perfectionem
3161 4615 3216 4663 et
3229 4625 3347 4663 cor-

105 4704 190 4745 non
214 4698 461 4751 cessabat
487 4687 794 4769 Apostolus
807 4701 1022 4769 positus
1037 4699 1096 4754 in
1116 4716 1356 4762 carcere,
1381 4701 1478 4755 sed
1496 4700 1668 4755 etiam
1754 4700 2171 4756 roborationem
2196 4699 2322 4754 fidei
2357 4705 2551 4753 vestrae
2576 4697 2808 4752 manebo
2838 4699 3093 4750 omnibus
3116 4698 3256 4750 vobis
3276 4697 3350 4750 ad

103 4778 363 4854 discipulos
382 4805 519 4842 suos
537 4792 830 4858 pertotum
852 4787 1043 4842 orbem
1062 4789 1322 4842 mittebat
1341 4789 1663 4860 praedicare.
1747 4792 2054 4860 profectum
2088 4794 2350 4853 vestrum,
2378 4787 2434 4841 id
2468 4793 2554 4841 est
2576 4786 2646 4839 ad
2679 4785 3052 4850 utilitatem,et
3071 4785 3346 4851 gaudium

103 4863 337 4926 Volebant
360 4875 600 4945 quidam
629 4880 694 4928 ut
721 4875 1087 4941 occideretur,
1123 4883 1188 4932 ut
1213 4877 1348 4932 dum
1379 4878 1475 4933 ille
1519 4879 1670 4934 occi-
1750 4880 1898 4947 ﬁdei,
1925 4879 1981 4933 id
2005 4885 2110 4945 est,
2132 4885 2198 4932 ut
2215 4894 2319 4948 ego
2349 4882 2402 4931 et
2428 4892 2523 4930 vos
2545 4873 2892 4944 gaudeamus
2911 4872 2980 4926 de
3009 4878 3194 4927 vestra
3213 4873 3344 4927 fide.

103 4972 176 5010 Sus
199 4969 351 5030 esset,
380 4963 624 5026 liberius
652 4971 879 5034 possent
905 4964 988 5018 illi
1017 4965 1327 5037 exspoliare
1351 4983 1484 5022 suos
1513 4967 1670 5022 audi-
1755 4969 1816 5023 Ut
1841 4970 2146 5036 gratulatio
2175 4972 2372 5028 vestra,
2416 4964 2469 5018 id
2525 4967 2628 5026 est,
2661 4969 2726 5016 ut
2751 4961 3022 5032 gaudium
3079 4966 3348 5027 vestrum,

103 5051 242 5102 ῖοΓθε·
1750 5057 1990 5110 abundet
2019 5061 2082 5109 in
2113 5057 2324 5110 Christo
2348 5056 2472 5107 Jesu
2503 5055 2567 5105 in
2594 5067 2676 5104 me
2701 5066 2803 5118 per
2833 5066 3019 5103 meum
3049 5051 3352 5104 adventum

155 5137 370 5196 Scientes
399 5145 678 5211 quoniam
709 5146 772 5196 in
807 5145 1120 5211 defensione
1148 5146 1438 5214 Evangelii
1458 5149 1668 5213 positus
1759 5147 1965 5198 iterum
1994 5145 2067 5198 ad
2098 5161 2206 5200 ros.
2242 5139 2528 5196 Gratulari
2559 5144 2646 5194 est
2675 5138 3029 5209 congaudere
3055 5145 3113 5193 et
3137 5139 3353 5211 gratias

104 5239 224 5290 sum.
251 5228 302 5284 id
330 5238 415 5286 est
438 5232 498 5286 in
525 5247 598 5286 ea
629 5230 950 5286 defensione
980 5249 1149 5303 quam
1199 5234 1367 5304 paulo
1409 5234 1669 5305 superius
1755 5233 1986 5300 referre,
2016 5237 2073 5286 et
2121 5237 2206 5285 est
2257 5245 2484 5283 sensus:
2516 5227 2591 5282 Ut
2641 5244 2756 5290 vos,
2792 5226 2996 5297 inquit,
3055 5228 3352 5297 gaudeatis

101 5309 328 5372 diximus.
360 5321 484 5376 Non
509 5325 741 5383 sincere,
769 5321 827 5376 id
856 5328 943 5377 est
988 5339 1101 5378 non
1149 5339 1293 5393 pura
1333 5322 1667 5388 intentione,
1755 5320 1824 5375 de
1847 5337 1971 5376 meo
2009 5319 2252 5373 adventu
2282 5324 2340 5372 et
2375 5316 2589 5387 gratias
2616 5315 2870 5371 referatis
2902 5315 3034 5380 Deo,
3068 5317 3166 5388 qui
3199 5316 3355 5371 vobis

103 5405 440 5464 existimantes
489 5427 544 5464 se
611 5425 952 5479 pressuram,
977 5411 1033 5466 id
1081 5417 1169 5466 est
1222 5411 1666 5482 persecutionem
1753 5425 1844 5464 me
1871 5409 2206 5464 incolumem
2236 5405 2482 5462 reddidit
2508 5404 2809 5460 liberatum
2839 5422 2873 5459 a
2897 5405 3153 5460 vinculis.

103 5491 360 5564 majorem,
390 5503 668 5555 suscitare
695 5503 936 5555 vinculis
968 5503 1119 5554 meis.
1830 5500 2089 5565 Tantum,
2116 5497 2174 5552 id
2203 5502 2291 5552 est
2317 5494 2732 5561 tantummodo,
2763 5496 2927 5564 digne
2953 5496 3032 5564 .in
3058 5494 3352 5560 Evangelia

160 5579 286 5645 Quid
307 5589 476 5655 enim,
508 5586 570 5641 id
591 5593 714 5642 est:
749 5588 934 5652 Quare
986 5586 1313 5661 contristor,
1343 5594 1446 5644 aut
1497 5603 1672 5660 quare
1754 5589 1962 5646 Christi
1983 5586 2412 5652 conversamim',
2441 5583 2499 5639 id
2541 5590 2647 5650 est,
2679 5581 2844 5639 vivite
2883 5586 2942 5636 et
2976 5584 3348 5653 perseverate.
