3966 6156
540 236 648 325 739
894 202 905 210 ’
995 234 1377 329 HAYMONlS
1406 240 1897 343 natamus.
1929 234 2156 301 EPISC.
2187 242 2348 331 per.
2384 234 2571 331 pass
2600 249 2646 335 ιτ.
2680 278 2745 290 -
3177 242 3358 327 sIsL.
3656 246 3742 335 uo

535 360 715 442 Digne
743 369 804 424 in
831 368 1137 441 Evangelio
1155 358 1473 425 conversari
1498 376 1584 426 est
1615 371 1903 427 Christum
1927 386 2135 426 secun-
2153 373 2205 432 A
2222 389 2491 444 quaerere,
2549 373 2649 449 sed
2700 372 2965 429 aliorum.
3016 370 3237 426 Utilitas
3289 373 3434 427 enim
3485 374 3745 431 multorum

535 460 673 514 dum'
695 459 849 530 quad
882 458 1253 529 'Evangelium
1300 458 1481 522 docet,
1513 460 1762 526 credere,
1796 454 2013 518 docere.
2044 475 2135 513 se-
2217 460 2411 517 multis
2445 456 2715 535 prodest;
2749 460 2919 515 unius
2958 468 3107 525 vero,
3139 459 3353 514 tantum
3395 462 3487 515 uni
3539 464 3743 533 prodest.

534 548 781 603 cundum
811 549 934 618 ejus
966 552 1242 619 praecepta
1269 548 1452 603 vivere
1482 552 1539 603 et
1563 565 1685 620 quae
1715 548 1993 621 promittit
2015 565 2137 621 spea
2214 551 2317 607 Sed
2342 557 2391 605 et
2417 568 2481 605 ea
2508 568 2628 620 qua
2656 553 2926 606 aliorum.
2957 548 3013 603 id
3068 552 3170 613 est,
3204 556 3325 620 quae
3380 550 3447 604 ad
3489 552 3746 607 multorum

534 652 681 698 rare,
711 643 767 690 et
797 653 861 691 ex
900 636 1183 713 mandatis
1213 637 1333 706 ejus
1354 626 1544 692 omnia
1565 654 1750 711 agere.
1788 638 1851 694 Ut
1871 641 1981 693 sive
2005 655 2131 717 cum
2215 638 2516 695 utilitatem
2548 640 2835 711 pertinent
2865 653 3115 708 quaerere
3143 637 3424 692 debemus.

533 730 730 799 venero
756 722 804 777 et
837 725 1021 778 videro
1042 740 1153 791 vos,
1187 723 1455 780 subaudis
1484 726 1762 803 gaudeam
1825 726 1893 781 de
1948 726 2134 782 vestra
2269 722 2394 785 Ἠοο
2422 733 2573 785 enim
2599 731 2793 783 sentite
2820 731 2882 782 in
2928 727 3094 792 vobis,
3127 727 3232 781 hoc
3261 732 3364 787 est.
3402 727 3670 798 intelligite
3707 733 3751 784 et

534 814 664 867 fide.
693 812 836 881 Quia
880 816 1058 873 statis,
1094 815 1483 884 perseveretis,
1511 816 1675 870 solidi
1717 816 1871 878 estis,
1905 818 1970 870 in
2022 826 2132 870 uno
2214 817 2394 889 sapite
2438 823 2498 873 et
2548 817 2828 895 complete
2866 816 2925 869 in
2983 815 3158 877 vobis,
3191 816 3347 886 quod
3379 815 3665 887 intelligitis
3703 817 3749 871 in

532 902 771 993 Spiritu.
804 901 863 955 in
893 918 1008 956 una
1029 902 1331 957 voluntate.
1366 903 1611 993 Unde‘in
1642 904 1873 960 Actibus
1902 910 2130 975 aposto-
2213 906 2437 962 Christo
2466 922 2589 961 esse
2639 900 3001 976 ccmpletum,
3025 912 3168 972 quod
3204 910 3250 957 et
3301 907 3363 958 in
3405 905 3600 960 Christo
3633 907 3749 969 leni,

532 990 717 1066 lorum
740 986 938 1056 Lucas,
961 989 1117 1051 dicit.
1141 993 1524 1045 Multitudinis
1542 986 1882 1047 credentium
1898 999 2018 1047 erat
2038 1009 2131 1047 cor
2209 994 2267 1047 id
2297 998 2402 1060 est,
2433 994 2581 1049 sicut
2614 993 2877 1047 Christus
2898 1008 3013 1046 non
3045 989 3302 1063 quaesivit
3319 1006 3439 1058 sua,
3468 992 3559 1045 sed
3578 998 3750 1055 nostra,

532 1078 714 1136 unum
743 1081 793 1133 et
812 1083 1009 1133 anima
1038 1096 1156 1133 una
1187 1081 1319 1147 (Act.
1357 1092 1447 1145 iV),
1498 1082 1555 1135 id
1590 1087 1676 1135 est
1703 1098 1817 1135 una
1849 1082 2123 1143 voluntas,
2211 1084 2289 1136 ita
2313 1086 2417 1137 'nos
2440 1096 2553 1137 non
2585 1080 2938 1136 solummodo
2957 1086 3151 1135 nostra
3179 1096 3505 1152 queramus,
3532 1080 3620 1134 sed
3646 1080 3755 1134 alio-

534 1185 650 1224 uua
676 1168 835 1223 ildes.
865 1162 1182 1229 Unanimes,
1215 1168 1271 1221 id
1304 1169 1391 1222 est
1427 1168 1482 1221 in
1505 1185 1618 1223 uno
1648 1169 1873 1240 spiritu,
1894 1170 2130 1223 collabo-
2213 1187 2359 1225 rum.
2394 1172 2502 1239 Qui
2536 1187 2661 1225 cum
2687 1175 2751 1224 in
2781 1172 2967 1238 forma
2995 1171 3092 1224 Dei
3119 1156 3269 1232 esset,
3293 1169 3350 1223 id
3387 1173 3490 1231 est,
3513 1168 3567 1223 iu
3598 1184 3752 1239 equa-

533 1262 740 1317 rantes.
766 1255 823 1310 id
862 1258 965 1321 est,
995 1255 1165 1309 simul
1190 1254 1509 1311 laborantes
1560 1258 1619 1311 in
1666 1256 1775 1312 fide
1822 1257 2124 1329 Evangelii,
2211 1259 2371 1314 litate
2395 1263 2642 1331 paternae
2698 1257 3038 1323 Divinitatis,
3088 1244 3570 1312 consubstantialis
3595 1262 3749 1311 etco-

532 1344 677 1399 bene
704 1344 958 1411 vivendo,
980 1348 1131 1398 recte
1160 1344 1438 1398 credendo
1468 1350 1527 1399 et
1553 1346 1824 1401 docendo.
2212 1348 2442 1419 aequalis
2467 1348 2526 1402 in
2551 1347 2812 1402 omnibus
2834 1347 2938 1411 illi,
2969 1362 3082 1401 non
3110 1336 3374 1415 rapinam
3400 1348 3678 1401 arbitratus
3696 1350 3759 1400 est

586 1428 674 1487 Ἐι
701 1434 766 1487 in
793 1434 948 1486 nullo
966 1434 1310 1498 terreamini,
1343 1434 1489 1488 tacto
1509 1433 1591 1488 vel
1614 1434 1859 1505 negotio.
1898 1434 2133 1490 Terrea-
2213 1453 2318 1491 esse
2333 1452 2386 1491 se
2406 1440 2670 1505 aequalem
2694 1437 2812 1490 Deo.
2839 1435 3059 1506 Rapina
3078 1442 3166 1490 est
3188 1435 3411 1506 quando
3441 1434 3655 1506 quilibet
3672 1435 3754 1488 ho-

535 1522 672 1577 mini
702 1521 857 1586 dicit,
887 1521 945 1576 id
974 1526 1061 1576 est
1087 1522 1335 1593 paveatis
1366 1524 1546 1578 minas
1576 1530 1632 1578 et
1678 1541 1897 1579 errores
1950 1525 2129 1580 haereo
2213 1540 2306 1578 mo
2326 1522 2567 1578 alienam
2594 1540 2713 1579 rem
2736 1524 3167 1599 perviolentiam
3192 1522 3300 1577 sibi
3315 1528 3560 1593 usurpat,
3573 1534 3678 1593 que
3691 1521 3756 1576 illi

534 1610 775 1665 ticorum
805 1626 1175 1682 paganorum,
1200 1611 1466 1666 falsorum
1502 1612 1970 1677 Christianorum.
2000 1615 2132 1685 quia
2212 1628 2324 1667 non
2357 1613 2645 1683 competit.
2673 1613 2742 1667 Et
2775 1611 3046 1667 Dominus
3089 1612 3253 1666 Iesus
3295 1610 3541 1682 rapinam
3580 1626 3675 1664 non
3700 1610 3757 1663 fe-

533 1698 770 1753 afilictio
799 1704 913 1770 qua
931 1716 1025 1755 vos
1041 1699 1334 1760 tribulant.
1362 1700 1431 1754 ad
1449 1699 1867 1756 damnationem
1896 1706 1983 1757 est
1998 1700 2127 1766 illis,
2156 1719 2199 1785 Β
2213 1707 2389 1769 cerat,
2411 1701 2637 1772 quando
2667 1701 2805 1756 dixit
2825 1706 3089 1772 separem
3105 1716 3228 1755 esse
3243 1699 3359 1754 Deo
3380 1699 3525 1754 Patri
3544 1703 3754 1771 etequa-

539 1788 598 1842 et
616 1785 771 1842 vobis
800 1786 870 1841 ad
901 1787 1133 1859 praemia
1183 1794 1406 1843 aeternae
1456 1788 1947 1844 remunerationis.
1985 1791 2130 1857 Qua,
2213 1789 2324 1845 lem
2357 1788 2614 1854 dicendo,
2648 1791 2759 1858 Ego
2799 1794 2851 1843 et
2884 1791 3044 1843 Pater
3072 1804 3254 1842 unum
3281 1803 3474 1842 sumus
3496 1790 3665 1857 (lacn.
3694 1792 3751 1853 ι).

540 1875 809 1931 subaudis
855 1874 1087 1931 afflictio
1136 1881 1193 1931 et
1244 1876 1533 1931 tribulatio
1556 1883 1760 1940 vestra,
1792 1880 1911 1931 illis
1939 1874 2030 1931 est'
2062 1877 2132 1932 ad
2214 1877 2337 1933 Nisi
2366 1878 2425 1932 in
2454 1878 2692 1932 veritate
2719 1880 2870 1931 esset
2893 1876 3065 1931 Filius
3117 1877 3239 1942 Dei,
3272 1863 3513 1949 aequalis.
3551 1876 3623 1929 illi
3668 1888 3759 1929 non

536 1966 977 2040 damnationem.
1009 1966 1201 2020 Et‘hoc
1228 1965 1340 2020 illis
1368 1983 1402 2019 a
1427 1968 1527 2020 Deo
1555 1967 1653 2021 tiet
1693 1965 1764 2021 ad
1815 1966 2134 2022 damnatio-
2215 1972 2366 2023 esset
2420 1967 2477 2020 in
2537 1965 2813 2020 omnibus.
2840 1967 3160 2020 Praecursor
3206 1976 3340 2020 vero
3380 1965 3524 2020 illius
3572 1963 3754 2035 quando

535 2052 686 2119 nem,
711 2053 941 2109 etvobis
955 2054 1027 2108 ad
1052 2054 1500 2109 salutem.Aliter
1523 2073 1535 2108 :
1560 2056 1695 2119 Hoc,
1714 2054 1916 2126 inquit,
1939 2073 1972 2109 a
1994 2056 2126 2119 Deo,
2213 2055 2373 2118 dixit,
2402 2055 2524 2110 Non
2552 2071 2676 2109 sum
2728 2055 2979 2109 Christus
3033 2054 3215 2121 (Joan‘.
3247 2056 3305 2123 ι),
3354 2054 3699 2123 interrogatus
3729 2066 3757 2106 ι

533 2140 805 2199 subaudis
830 2158 1155 2198 concessum
1185 2149 1270 2196 est
1322 2138 1495 2207 vobis,
1519 2148 1584 2198 ut
1625 2159 1726 2213 pro
1756 2145 1879 2213 ejus
1906 2143 2132 2198 nomine
2213 2142 2412 2198 scribis
2439 2149 2495 2198 et
2523 2142 2819 2197 Pharisaeis
2852 2148 2910 2197 et
2939 2143 3164 2214 populo,
3191 2142 3239 2197 si
3268 2142 3517 2208 dixisset,
3546 2143 3756 2212 Egestam

535 2230 674 2287 talia
697 2230 959 2304 patiendo
990 2246 1347 2305 perseverare
1368 2231 1613 2301 possitis,
1638 2237 1700 2285 ut
1719 2232 1963 2303 palmam
1987 2248 2132 2287 mar-
2213 2232 2491 2293 Christus,
2524 2231 2783 2303 rapinam
2811 2232 3050 2286 fecisset.
3066 2218 3261 2286 Simon
3293 2247 3426 2302 ergo
3448 2244 3628 2301 magus
3644 2228 3759 2295 rapi-

534 2317 671 2390 tyrii
699 2318 1020 2381 obtineatis,
1053 2318 1201 2395 quod
1231 2334 1343 2373 non
1374 2319 1627 2373 concedit
1656 2319 1762 2373 nisi
1783 2320 2131 2374 amatoribus
2212 2336 2343 2377 nam
2372 2320 2520 2379 fecit.
2538 2320 2781 2392 quando,
2800 2335 2927 2375 cum
2949 2326 3098 2375 esset
3116 2320 3266 2375 illius
3283 2308 3753 2383 diaboli.dixit(Act.

536 2406 672 2473 suis,
706 2422 846 2478 quos
873 2406 991 2477 ipse
1016 2421 1210 2460 amare
1228 2422 1288 2460 se
1316 2406 1469 2461 facit.
1492 2407 1595 2462 Sed
1622 2411 1683 2460 ut
1712 2410 1881 2461 etiam
1909 2414 2013 2476 pro
2034 2410 2130 2461 illo
2214 2414 2332 2476 vn!)
2361 2430 2373 2463 :
2406 2410 2672 2479 Ego'sum
2696 2409 2849 2463 ﬁlius
2889 2408 3009 2473 Dei,
3046 2423 3152 2479 ego
3180 2424 3308 2462 sum
3340 2407 3651 2478 pach
3677 2417 3757 2473 θεν

533 2497 863 2564 patiamini,
906 2493 961 2549 id
990 2500 1076 2549 est
1103 2510 1205 2566 pro
1230 2492 1326 2549 illo
1346 2495 1610 2566 patiendo
1651 2497 2128 2567 perseverantiam
2209 2513 2336 2554 sum
2376 2499 2525 2552 filius
2555 2498 2674 2552 Dei.
2705 2498 2811 2553 Sed
2847 2499 3200 2566 semetipsum
3253 2500 3584 2559 eminanivit,
3602 2495 3651 2548 id
3674 2499 3754 2555 esu

532 2583 789 2640 habeatis
819 2590 877 2638 et
904 2589 1099 2656 postea
1123 2584 1364 2655 palmam
1399 2583 1715 2639 obtineatis.
1750 2586 1894 2640 Idem
1945 2592 2125 2640 certa-
2211 2587 2544 2652 hu’miliavit,
2576 2592 2635 2641 et
2662 2586 2822 2657 quasi
2851 2586 3130 2640 contraxit
3158 2591 3217 2640 et
3254 2585 3564 2640 minoravit.
3596 2582 3759 2637 Exina-

535 2689 662 2729 men
693 2674 964 2734 habentes,
993 2672 1050 2727 id
1080 2679 1164 2727 est
1189 2688 1426 2749 agonem
1465 2679 1657 2729 contra
1694 2674 2001 2735 haereticos,
2025 2691 2126 2746 pa-
2210 2675 2351 2730 nitio
2389 2680 2493 2740 est,
2529 2675 2754 2746 quando
2780 2691 2871 2729 res
2900 2680 3105 2745 magna
3134 2679 3192 2729 et
3209 2669 3757 2746 incomprehensibilis,

532 2778 711 2836 ganos
740 2760 1021 2835 falsOsque
1076 2764 1444 2819 Christianos.
1479 2764 1538 2819 Si
1586 2764 1889 2819 necessitas
1932 2764 2121 2825 fuerit,
2209 2763 2268 2818 in
2297 2780 2468 2835 parva
2488 2763 2734 2818 formula
2762 2762 3278 2834 comprehenditur.
3314 2762 3483 2818 Verbi
3505 2761 3688 2833 gratia:
3714 2757 3760 2813 Si

534 2852 861 2909 sustineatis
888 2852 1078 2926 qualia
1104 2851 1346 2907 sustinui
1376 2853 1524 2924 apud
1544 2860 1657 2920 vos,
1692 2853 1918 2924 quando
1942 2853 2130 2908 verbea-
2210 2852 2449 2924 quilibet
2475 2852 2674 2909 artifex
2712 2852 2884 2907 totius
2918 2840 3113 2906 mundi
3143 2852 3486 2917 machinam,
3516 2856 3571 2906 et
3592 2865 3697 2921 qua
3715 2847 3759 2900 in

533 2948 695 2997 ratus
716 2948 840 2997 sum
871 2954 972 3014 pro
1001 2941 1234 2996 muliere
1274 2942 1619 3016 pythonissa,
1652 2959 1685 2997 a
1709 2958 1819 3013 qua
1865 2941 2126 3015 spiritum
2152 3002 2192 3016 η
2214 2942 2424 2996 mundo
2452 2941 2751 3004 habentur,
2782 2941 3059 3007 homines,
3087 2940 3322 3007 bestias,
3347 2942 3607 2998 volucres.
3637 2952 3761 3016 mon:

533 3002 904 3099 malignitatis
925 3028 1152 3095 exclusi,
1176 3002 1588 3101 quaa'magnum
1607 3002 1882 3101 quaestum
1896 3002 2193 3101 praesta-ﬂl
2212 3036 2316 3095 tes,
2348 3029 2597 3096 arbores,
2629 3002 2903 3089 civitates,
2936 3002 3189 3095 ﬂumina,
3230 3002 3434 3101 pisces,
3479 3028 3536 3083 in
3586 3010 3762 3099 parvis?

532 3116 630 3170 bat
665 3115 909 3194 dominis
938 3117 1077 3172 suis.
1642 3120 1645 3125 ’
2211 3119 2354 3173 sima
2373 3119 2616 3173 formula
2636 3118 2705 3172 ad
2720 3118 3198 3189 comparationem
3218 3117 3618 3190 magnitudinis
3633 3128 3761 3169 man-

602 3210 607 3213 i
1161 3260 1199 3278 η
1217 3262 1234 3278 ,
1255 3260 1393 3278 mm,
1432 3260 1486 3278 η
2212 3208 2281 3262 di‘
2298 3208 2538 3263 voluerit
2563 3207 3039 3278 comprehendere
3068 3207 3126 3261 in
3147 3207 3376 3278 pictura
3403 3206 3485 3261 vel
3512 3199 3760 3268 cera,illud

1158 3260 1393 3316 CAPUT
1428 3260 1507 3315 Π·
2214 3260 2300 3351 at
2326 3260 3242 3351 gingiuis-itania;vsa...
3278 3260 3399 3350 DDei
3433 3260 3761 3362 Patrisiquod

605 3382 676 3439 Et
714 3396 865 3438 nunc
919 3384 1156 3437 audistis
1184 3385 1248 3437 de
1285 3400 1387 3450 me,
1412 3383 1678 3439 subaudis
1712 3399 1835 3455 quas
1880 3385 2131 3440 sustineo
2212 3384 2420 3456 ubique
2447 3390 2534 3439 est
2559 3398 2661 3455 per
2686 3382 3126 3438 invisibilitatem
3148 3383 3471 3438 Divinitatis
3490 3393 3761 3451 sum,quan-

532 3474 723 3537 Romae
751 3471 984 3545 pOSitIJS-
1944 3474 1949 3479 ’
2212 3475 2284 3528 do
2312 3473 2367 3527 in
2399 3489 2569 3544 parva
2594 3473 2778 3527 forma
2807 3472 3053 3527 hominis
3081 3473 3354 3542 dignatus
3405 3479 3493 3527 est
3536 3474 3762 3541 apparere

600 3562 826 3632 Implete
843 3562 1113 3631 gaudium
1147 3575 1332 3615 meum
1360 3567 1421 3615 ut
1460 3563 1602 3615 idem
1656 3565 1906 3631 sapiatis,
1939 3563 1994 3617 id
2023 3570 2128 3628 est,
2213 3562 2465 3629 visibilis,
2491 3562 2650 3633 quasi
2680 3562 3044 3632 semetipsum
3068 3560 3379 3616 exinanivit
3397 3567 3455 3615 et
3473 3555 3757 3615 humilia'ii.

530 3652 681 3725 quod
728 3651 980 3723 sapimus
1027 3651 1086 3704 in
1139 3651 1269 3715 title,
1299 3651 1356 3705 in
1413 3667 1600 3722 opere.
1624 3650 1682 3705 in
1734 3652 2011 3719 doctrina,
2045 3653 2135 3708 vel
2213 3658 2382 3722 atque
2421 3657 2503 3717 (ut
2559 3652 2640 3705 ita
2684 3649 2895 3721 dicam)
2930 3650 3349 3721 quodammodo
3379 3646 3652 3705 conﬂuxit.
3688 3644 3762 3699 Est

528 3756 699 3797 unam
722 3736 1067 3794 voluntatem
1100 3738 1371 3803 habeatis,
1396 3742 1641 3794 eamdem
1672 3742 2003 3796 charitatem
2032 3743 2135 3795 ha-
2214 3740 2362 3793 enim
2409 3755 2580 3808 supra
2629 3739 2839 3804 Omnia,
2873 3746 3031 3792 extra
3069 3738 3279 3801 omnia,
3315 3738 3462 3793 infra
3514 3730 3696 3799 omnia,
3719 3735 3763 3784 et

530 3831 728 3895 bentes,
760 3830 1078 3893 unanimes,
1111 3826 1164 3881 id
1193 3834 1297 3893 est,
1330 3827 1843 3892 unius’voluntatis,
1880 3830 2126 3896 idipsum
2216 3828 2489 3899 quidquid
2520 3833 2622 3888 est,
2662 3828 2813 3881 intra
2845 3827 3030 3897 ipsum
3060 3833 3166 3881 est.
3199 3826 3376 3881 Verbi
3418 3825 3597 3897 gratia
3623 3822 3765 3876 :sicut

528 3920 834 3976 sentientes.
866 3915 924 3971 id
950 3920 1055 3977 est,
1089 3914 1372 3987 sapientes
1400 3917 1547 3988 quod
1579 3933 1681 3971 nos
1716 3918 2004 3988 sapimus:
2037 3917 2123 3971 vel
2210 3916 2411 3971 beatus
2460 3915 2812 3986 Augustinus
2864 3915 3020 3981 dicit,
3075 3915 3216 3969 dans
3272 3915 3678 3972 similitudinem
3712 3920 3763 3961 ex

526 4005 675 4077 quod
704 4004 1018 4077 intelligitis
1045 4005 1115 4059 de
1147 4005 1257 4059 fide
1300 4012 1505 4060 sanctae
1538 4005 1858 4071 Trinitatis,
1889 4006 2001 4077 qui'
2025 4021 2117 4061 sa-
2210 4004 2466 4077 spongia,
2484 4006 2557 4059 'et
2579 4004 2741 4069 mari,
2758 4019 3093 4075 comparans
3117 4004 3415 4075 spongiam
3437 3996 3765 4071 mundoposi-

526 4080 832 4165 pientiores
860 4094 1013 4161 estis,
1061 4093 1227 4148 tacite
1282 4098 1347 4148 ut
1401 4099 1589 4148 vestro
1647 4094 1833 4148 studio
1889 4100 1947 4148 et
1991 4108 2129 4166 pra.
2207 4093 2412 4148 tamin
2442 4092 2628 4147 medio
2656 4092 2922 4153 maris,et
2948 4104 3283 4162 comparans
3312 4084 3755 4146 mareDivinitati.‘

526 4181 808 4253 dicatione
838 4179 1022 4236 minus
1043 4194 1277 4252 capaces
1298 4181 1543 4252 idipsum
1574 4182 1816 4252 sapiant.
2208 4183 2384 4246 Sicut,
2408 4181 2612 4253 inquit,
2641 4180 2876 4253 spongia
2908 4180 3092 4250 posita
3119 4181 3179 4235 in
3208 4180 3402 4235 medio
3432 4178 3599 4235 maris
3618 4174 3764 4232 ethu-

566 4243 756 4325 I.Wihil
782 4284 879 4337 per
904 4243 1570 4324 contentionemﬂ-mnem
1603 4243 1693 4323 hic
1722 4266 1983 4345 prohibet
1996 4287 2126 4327 con-
2207 4243 2446 4334 minum,
2476 4243 2726 4340 undiqtie
2991 4284 3217 4340 aquam,
3250 4284 3447 4341 supra,-
3481 4268 3636 4329 ἰαίνει,
3677 4274 3765 4317 ω’

523 4356 854 4417 tentionem,
887 4361 945 4430 et
976 4354 1345 4410 voluntariam
1376 4362 1433 4411 et
1457 4358 1852 4413 necessariam.
1879 4359 2120 4415 Cdnten-
2134 4352 2370 4431 Ddlque
2392 4364 2451 4412 et
2472 4373 2575 4429 per
2596 4356 2810 4411 medias
2829 4347 3078 4412 latebras
3099 4363 3454 4430 penetratur,
3469 4357 3549 4411 ita
3562 4349 3764 4409 mundus

523 4442 655 4499 tiosi
693 4446 854 4525 erant
872 4444 1021 4515 apud
1051 4442 1454 4521 Philippenses,
1488 4446 1582 4519 qui
1616 4448 2032 4504 contendebant
2048 4450 2120 4504 de
2201 4446 2619 4518 comparatione
2646 4445 2969 4500 Diviuitatis
2989 4446 3149 4517 quasi
3174 4445 3318 4502 nihil
3357 4452 3464 4511 est,
3504 4450 3561 4500 et
3585 4444 3655 4496 ita
3672 4439 3764 4493 cir-

524 4531 927 4606 quaastion'ibus
953 4532 1112 4605 legis,
1148 4532 1205 4587 et
1235 4530 1304 4589 de
1327 4535 1709 4607 genealogils:
1741 4537 1845 4591 hoc
1876 4538 2023 4605 ideo,
2054 4543 2121 4593 ut
2203 4536 2433 4591 cumdat
2465 4539 2524 4589 et
2571 4539 2831 4605 penetrat
2877 4533 3151 4589 Divinitas
3207 4536 3423 4600 omnia,
3456 4532 3595 4589 sicut
3639 4539 3765 4583 mam

523 4622 660 4695 dum
696 4620 838 4677 alios
866 4623 1227 4694 superabant,
1254 4623 1365 4694 ipsi
1380 4624 1610 4695 gloriosi
1632 4633 1998 4698 apparerent.
2015 4627 2121 4682 Nea-
2202 4624 2514 4696 spongiam.
2544 4625 2805 4678 Formam
2853 4625 3000 4676 serui
3024 4626 3320 4691 accipiens,
3353 4623 3415 4678 id
3432 4629 3544 4686 est,
3570 4621 3625 4675 in
3655 4613 3766 4671 veri-

522 4727 624 4781 que
654 4727 756 4782 per
776 4714 1001 4766 inanem
1030 4714 1291 4780 gloriam,
1314 4711 1372 4767 id
1393 4718 1479 4768 est
1506 4730 1727 4777 vanam,
1746 4716 1838 4768 sed
1857 4717 1918 4769 in
1938 4700 2122 4769 humi-
2202 4718 2321 4769 tate
2339 4712 2626 4767 hominem
2648 4712 3051 4784 suscipienan
3063 4712 3502 4766 Similitudinem
3513 4711 3763 4764 hominum

525 4803 1110 4871 litatesuperioressibi
1123 4804 1356 4856 invicem
1371 4804 1948 4859 arbitrantesﬂmnes
1968 4804 2120 4859 enim
2209 4805 2411 4871 factus.
2444 4801 2547 4855 Hic
2572 4782 2883 4856 similitudo
2911 4815 3014 4871 pro
3051 4800 3173 4871 ipsa
3200 4806 3442 4856 veritate
3470 4794 3695 4872 ponitur,
3718 4782 3763 4845 id

524 4886 793 4946 debemus
835 4894 909 4945 ho
922 4890 1005 4945 bis
1028 4891 1289 4946 meliores
1317 4898 1370 4946 et
1398 4891 1716 4965 superlbres
1768 4891 2087 4948 existimare
2110 4913 2122 4948 :
2207 4896 2486 4962 est-,verus'
2503 4891 2672 4944 homo
2691 4891 2888 4955 factus,
2905 4889 3039 4960 quia
3076 4890 3304 4943 Verbum
3342 4904 3476 4944 caro
3495 4890 3687 4954 factum
3704 4881 3763 4933 est

522 4978 581 5034 et
599 4978 646 5033 si
665 4970 956 5033 videamus
977 4979 1222 5049 aliquem
1244 4978 1434 5050 aliquo
1445 4980 1580 5034 vitio
1600 4980 1981 5051 mancipatum
2002 4997 2125 5036 esse
2208 4982 2390 5050 (Joan.
2413 4982 2451 5046 ι)
2471 4978 2528 5032 id
2546 4979 2805 5041 est,Deus
2826 4978 2994 5033 homo
3015 4976 3195 5032 factus
3209 4979 3391 5031 estdit
3402 4977 3591 5030 habitu
3610 4975 3766 5026 inm

520 5070 788 5122 attamen
809 5067 999 5141 aliqua
1014 5068 1224 5123 virtute
1252 5068 1481 5140 pollere,
1508 5074 1738 5140 propter
1758 5085 1926 5124 unam
1947 5070 2119 5125 virtu-s
2204 5074 2292 5123 tus
2319 5073 2381 5121 ut
2414 5067 2789 5121 homo.Multis
2815 5066 2996 5120 modis
3024 5065 3279 5121 habitum
3302 5065 3558 5119 dicimus.
3593 5061 3766 5115 Εειιιι-

518 5150 635 5209 tem
666 5162 832 5227 quam
865 5154 1052 5218 habet,
1076 5155 1345 5210 debemus
1358 5156 1519 5211 ndbis
1545 5156 1701 5210 illum
1737 5157 2032 5227 praeferre:
2058 5162 2117 5213 et
2200 5162 2314 5211 tem
2345 5155 2572 5210 habitus
2600 5154 2861 5209 accidens
2889 5154 3070 5219 nobis,
3106 5154 3202 5225 qui
3256 5159 3446 5209 mutat
3492 5152 3644 5206 illum
3689 5140 3763 5199 ωί

519 5238 710 5297 sinon
728 5238 1017 5321 videamus
1035 5241 1089 5294 in
1112 5240 1207 5295 illo
1227 5243 1474 5314 aliquam
1505 5244 1791 5311 virtutem,
1815 5251 2000 5321 potest
2025 5254 2117 5302 ta-
2199 5244 2420 5310 accidit,
2463 5245 2561 5299 sed
2597 5252 2710 5299 non
2741 5248 3029 5298 mutatur:
3061 5244 3208 5299 sicut
3232 5249 3323 5298 est
3361 5236 3633 5313 sapientia
3663 5244 3765 5305 qui

519 5338 649 5386 men
679 5323 885 5386 habere
912 5318 1139 5402 aliquod
1167 5328 1375 5387 bonum
1406 5328 1567 5407 quod
1590 5350 1693 5389 nos
1723 5318 1919 5393 lateat.
1995 5338 1999 5343 ’
2198 5337 2383 5389 mutat
2410 5333 2698 5387 hominem
2722 5348 2893 5403 quem
2925 5331 2997 5386 de
3026 5332 3201 5387 stulto
3218 5329 3521 5387 velstolido
3533 5325 3761 5382 facitesto

587 5421 711 5476 Non
739 5414 858 5489 qua
880 5416 984 5474 sua
1019 5416 1153 5473 ἑτι)ιί
1179 5423 1394 5490 singuli
1423 5423 1847 5479 considerantes.
1880 5425 2007 5481 Non
2027 5442 2113 5481 εο-
2193 5423 2524 5493 sapientem,
2560 5422 2663 5477 sed
2706 5422 2826 5492 ipsa
2863 5437 2976 5476 non
3013 5426 3285 5476 mutatur.
3326 5420 3428 5474 Est
3452 5415 3667 5472 habin
3689 5424 3760 5464 σθ’

516 5502 817 5603 Ῑιιιῄφούᾳ
840 5520 946 5563 sua
1302 5513 1550 5600 et-snam
1576 5500 1880 5569 utilitatem
1902 5500 2112 5595 debent
2194 5511 2381 5568 eundo
2401 5511 2570 5567 modo
2589 5509 2685 5582 qui
2714 5514 2901 5567 mutat
2925 5508 3212 5599 hominem
3242 5513 3303 5565 et
3336 5512 3612 5595 mutatur,
3639 5498 3761 5556 ιὶοοί
