3852 6154
138 238 219 300 7“
299 239 304 241 ·
701 226 1082 320 expositio
1112 233 1190 288 IN
1219 225 1376 291 Epp.
1413 236 1470 318 s.
1501 229 1739 328 eauti.
1778 258 1848 272 —
1879 228 1957 284 IN
1994 227 2223 283 EPIST.
2252 229 2349 322 an
2377 227 2732 286 PHILLIPP.
3256 233 3360 293 742

132 337 204 420 est
225 364 381 426 cibus,
411 359 498 430 qui
529 357 596 411 de
617 355 862 410 exilitate
883 361 1052 426 atque
1075 356 1344 426 languore
1368 361 1549 411 mutat
1575 373 1676 410 nos
1693 359 1733 414 Δ
1833 355 2040 420 Itaque,
2075 351 2394 406 charissimi
2425 357 2549 416 mei,
2575 354 2631 407 in
2654 351 2763 408 ﬁde
2787 360 2846 408 et
2864 353 3179 424 dilectione,
3209 361 3355 415 sicut

134 456 181 508 in
207 452 358 506 robur
383 454 436 503 et
478 446 870 508 valetudinem,
921 451 978 499 et
1021 450 1213 499 tamen
1261 447 1380 516 ipse
1421 450 1672 500 mutatur
1755 457 1965 509 semper
1985 441 2528 505 obedistis,subaudis
2549 443 2786 496 Domino
2815 449 2872 498 et
2897 444 3053 510 mihi,
3083 462 3194 499 non
3212 449 3356 501 utin

131 545 372 595 comestus
398 554 426 590 a
450 534 624 588 nobis.
659 535 753 588 Est
784 533 1010 587 habitus
1037 535 1204 588 tertio
1237 535 1418 598 modo,
1446 536 1540 605 qui
1571 551 1673 588 nec
1753 534 2049 598 prementia
2083 533 2192 582 mei
2219 536 2440 584 tantum
2467 530 2521 584 id
2549 537 2635 584 est
2679 531 2824 586 sicut
2848 549 3070 602 semper
3096 533 3354 589 obedien-

129 633 280 683 mutat
297 643 389 680 nec
415 627 658 677 mutatur
676 623 839 676 sicuti
869 623 1110 676 annulus
1142 623 1356 691 positus
1387 624 1441 676 in
1472 624 1668 693 digito,
1758 625 1842 672 tes
1871 618 2056 672 fuistis
2086 619 2142 672 in
2167 620 2464 689 praesentia
2494 636 2638 682 mea,
2671 636 2797 673 cum
2838 623 2984 692 apud
3017 639 3110 676 vos
3150 639 3356 690 essem,

131 716 208 787 qui
233 715 409 768 modus
437 711 1038 783 rarissimeinvenitur.
1067 711 1314 774 Quantas
1348 712 1544 766 modus
1567 718 1670 778 est,
1757 710 1849 761 scd
1884 710 2058 760 multo
2090 711 2268 773 magis
2300 707 2520 761 obedite
2552 724 2703 761 nunc
2731 709 2914 762 verbis
2943 711 3152 764 nostris
3177 715 3239 766 in
3266 714 3360 766 ab-

131 819 233 858 cum
264 818 338 866 ea,
369 817 483 871 qua;
506 800 786 859 accidunt,
818 815 920 852 nec
959 805 1200 860 mutant,
1228 815 1329 853 nec
1361 807 1670 860 mutantur,
1757 799 1958 849 sentio.
1989 795 2148 850 Multi
2189 800 2323 848 sunt
2339 796 2487 849 enim
2511 797 2604 866 qui
2626 797 2685 850 in
2717 799 3015 867 praesentia
3035 799 3358 856 obedientea

136 891 212 945 sed
241 897 407 944 tamen
436 887 599 941 aliam
622 888 872 958 speciem
909 894 963 941 et
983 888 1220 940 formam
1250 889 1549 958 accipiunt,
1573 889 1673 942 sic-
1756 890 1907 942 sunt,
1944 889 2003 937 et
2039 884 2095 936 in
2146 884 2399 938 absentia
2447 884 2830 939 inobedientes
2885 887 3176 951 exsistunt,
3211 890 3359 944 sicut

130 984 180 1033 ut
202 978 346 1032 vestis
373 993 489 1047 quae
520 976 685 1029 aliam
727 977 970 1045 speciem
1020 975 1189 1029 habet
1225 979 1514 1047 complexa
1558 978 1673 1032 sive
1755 972 1898 1025 servi
1921 973 2015 1042 qui
2051 972 2120 1026 ad
2144 973 2367 1026 oculum
2399 974 2670 1027 serviunt.
2705 976 2841 1029 Cum
2868 982 3035 1041 metu,
3063 977 3352 1044 subaudis,

135 1067 439 1138 complicata,
467 1081 634 1134 quam
664 1065 879 1118 induta.
904 1065 1009 1128 Qui
1033 1066 1231 1119 modus
1259 1066 1518 1134 congruit
1547 1066 1676 1119 huic

128 1151 504 1223 comparationi.
539 1153 664 1204 an
689 1152 836 1205 sicut
867 1151 1032 1204 vestis
1067 1168 1191 1205 cum
1226 1153 1480 1207 induitur
1497 1154 1679 1208 adhae-

129 1247 197 1296 ret
221 1241 424 1311 quidem
444 1239 683 1310 corpori,
712 1240 809 1293 sed
839 1256 949 1293 non
981 1246 1234 1293 mutatur
1262 1257 1296 1294 a
1326 1257 1426 1294 sua
1449 1247 1671 1307 natura,

126 1337 176 1386 ut
195 1345 392 1398 semper
440 1327 605 1380 vestis
661 1344 772 1382 non
819 1333 1164 1398 permaneat,
1190 1329 1321 1382 licet
1351 1330 1518 1382 aliam
1548 1348 1675 1401 spe-

125 1419 240 1473 ciem
264 1423 316 1470 et
341 1417 607 1486 majorem
641 1417 908 1470 honorem
931 1425 1183 1470 assumat
1201 1433 1368 1487 quam
1395 1423 1560 1471 antea
1583 1421 1674 1474 ha-

125 1506 314 1569 buisset,
347 1505 421 1558 ita
450 1503 700 1558 Verbum
744 1504 845 1558 Dei
890 1505 1074 1558 Patris
1116 1507 1453 1560 assumendo
1490 1508 1674 1561 homi-

124 1609 246 1652 nem,
270 1609 370 1647 non
416 1599 500 1647 est
552 1598 836 1647 mutatum
883 1593 940 1646 in
988 1593 1288 1658 hominem,
1335 1611 1516 1666 neque
1555 1597 1673 1667 ipse

126 1684 261 1736 homo
286 1687 600 1752 assumptus
622 1688 708 1734 est
732 1699 766 1735 a
789 1681 972 1743 verbo,
1007 1689 1254 1736 mutatus
1283 1689 1370 1736 est
1396 1701 1451 1737 in
1470 1685 1667 1748 Verbo,

123 1771 228 1824 licet
253 1770 408 1824 aliam
434 1770 676 1840 speciem
726 1770 1122 1840 assumpsisset
1151 1771 1210 1824 in
1254 1771 1358 1824 hoc
1391 1773 1518 1842 quia
1552 1791 1670 1827 ma-

118 1859 235 1927 joris
249 1858 462 1912 honoris
491 1867 551 1912 et
579 1859 870 1929 dignitatis
898 1859 1113 1912 exstitit
1141 1876 1311 1929 quam
1351 1862 1554 1931 aliquis
1581 1864 1676 1916 ho-

123 1947 319 2008 minum,
349 1947 476 2017 quia
522 1951 793 2015 speciosus
835 1947 942 2001 fuit
984 1950 1167 2014 forma
1191 1963 1306 2015 pra:
1333 1952 1469 2015 ﬁliis
1496 1950 1674 2004 homi-

124 2048 233 2086 num
252 2037 403 2102 (Psal.
427 2027 606 2104 xuv).

177 2124 478 2176 Humiliarit
506 2127 860 2192 semetipsum
903 2126 1084 2191 factus
1129 2127 1377 2178 obediens
1408 2142 1573 2193 usque
1601 2127 1674 2178 ad

124 2215 329 2263 mortua.
362 2212 565 2265 Factus
591 2212 856 2266 obediens
875 2214 990 2266 Deo
1023 2213 1188 2276 Patri,
1223 2214 1384 2283 cujus
1419 2215 1673 2267 voluntas

120 2297 202 2350 fuit
224 2301 281 2352 ut
305 2300 608 2354 redimeret
650 2310 830 2371 genus
877 2302 1209 2364 humanum,
1257 2310 1314 2355 et
1340 2317 1448 2355 non
1492 2303 1674 2356 solum

121 2386 458 2452 Patri,verum
489 2389 666 2443 etiam
700 2395 758 2443 et
788 2390 975 2448 matri,
1004 2389 1141 2442 utin
1178 2391 1472 2459 Evangelio
1501 2390 1675 2444 habe-

116 2481 208 2542 tur,
233 2478 354 2546 quia
379 2482 527 2531 venit
557 2478 858 2540 Nazareth,
885 2482 933 2530 et
961 2484 1079 2531 erat
1110 2479 1363 2532 subdit-us
1386 2481 1502 2532 illis
1526 2480 1669 2544 (Luc.

116 2569 166 2627 ιι)
193 2566 396 2619 Mortem
425 2571 619 2620 autem
664 2570 863 2620 crucis.
919 2564 1052 2620 Ideo
1094 2567 1493 2620 cruciﬁxcrunt
1521 2583 1668 2631 eum,

115 2651 220 2721 quia
278 2647 530 2708 omnibus
582 2653 856 2707 mortibus
911 2654 1105 2707 saevior
1151 2657 1237 2706 est
1285 2669 1435 2707 mors
1473 2655 1672 2719 crucis,

116 2747 307 2811 propter
333 2744 569 2813 longum
620 2743 950 2796 cruciatum.
984 2743 1044 2796 Si
1073 2743 1221 2796 enim
1252 2734 1440 2813 gladio
1486 2749 1675 2796 trans-

117 2828 462 2885 verberassent
486 2849 643 2895 eum,
673 2832 784 2885 cito
825 2831 1103 2892 ﬁniretur.
1139 2831 1244 2894 vel,
1277 2830 1356 2884 sic
1388 2830 1597 2901 placuit
1623 2830 1674 2884 ei

116 2920 168 2968 ut
191 2917 304 2986 quia
337 2933 434 2988 per
460 2919 683 2989 lignum
724 2919 970 2990 peccavit
994 2918 1180 2982 homo,
1213 2934 1314 2989 per
1337 2918 1553 2988 lignum
1583 2933 1672 2972 re-

115 3002 397 3060 disseretur.

167 3095 370 3163 Propter
395 3095 840 3165 quod,subaudis
866 3099 1232 3155 tormentum,
1264 3097 1347 3149 vel
1379 3102 1675 3167 propterea

114 3182 219 3252 quia
245 3183 500 3239 obediens
529 3185 644 3239 fuit
671 3185 785 3239 Deo
832 3184 1004 3238 Patri.
1049 3188 1188 3238 Deus
1218 3185 1388 3238 Pater
1409 3188 1670 3238 emanavit

111 3273 262 3332 illum.
291 3273 578 3328 hominem
624 3279 972 3343 assumptum
1017 3289 1052 3326 a
1089 3272 1273 3336 verbo,
1305 3273 1474 3326 tertia
1519 3272 1611 3326 die
1637 3289 1671 3326 a

111 3361 310 3413 mortuis
351 3362 698 3425 suscitando,
727 3368 781 3416 et
813 3361 1245 3432 quadragesimo
1274 3360 1364 3414 die
1405 3361 1475 3415 ad
1498 3362 1671 3415 caelos

110 3447 428 3516 sublevando,
463 3451 553 3504 vel
606 3467 778 3521 supra
806 3449 993 3504 omnia
1041 3449 1454 3514 constituendo,
1486 3455 1536 3502 et
1579 3451 1671 3504 do-

107 3539 232 3588 navit
256 3541 341 3590 illi
369 3551 602 3598 nomen,
636 3541 778 3607 quod
799 3545 870 3591 est
899 3554 1066 3605 super
1101 3554 1259 3591 omne
1283 3538 1669 3602 nomen.Quod

104 3638 273 3680 nomen
300 3623 452 3682 dedit
479 3627 568 3682 illi
591 3629 615 3680 ?
666 3627 740 3682 Ut
767 3628 936 3680 Filius
968 3626 1068 3680 Dei
1098 3632 1392 3679 vocaretur
1419 3632 1477 3680 et
1498 3633 1665 3691 esset,

105 3712 181 3780 qui
207 3713 364 3769 Filius
392 3710 647 3770 hominis
675 3723 814 3776 erat,
839 3714 1144 3768 secundum
1187 3714 1336 3784 quod
1366 3714 1422 3768 in
1453 3715 1544 3768 die
1570 3715 1671 3768 ba-

104 3800 346 3868 ptismatis
393 3797 649 3860 innotuit
682 3810 915 3876 paterna
950 3820 1072 3864 vox,
1117 3803 1378 3874 inquiens
1421 3821 1433 3857 :
1475 3805 1572 3857 llic
1597 3809 1672 3857 est

109 3890 250 3943 Filius
276 3904 422 3947 meus
451 3896 691 3948 dilectus
716 3894 929 3951 (Malm.
971 3900 1076 3954 In).
1116 3893 1388 3945 Similiter
1419 3892 1477 3945 in
1511 3908 1672 3945 mon-

105 3982 164 4030 te.
193 3979 279 4034 Vel
293 3983 461 4036 etiam
492 3998 705 4036 nomen
734 3981 889 4035 dedit
917 3981 996 4033 illi
1029 3981 1176 4050 quod
1210 3987 1295 4034 est
1319 3997 1488 4050 super
1507 3997 1672 4034 omne

108 4079 296 4124 nomen.
331 4075 395 4123 ut
428 4070 606 4125 Jesus
647 4075 962 4132 vocaretur,
999 4069 1053 4122 id
1109 4075 1194 4123 est
1223 4066 1484 4122 salvator.
1519 4069 1675 4122 Licet

109 4153 227 4210 enim
279 4158 536 4230 legamus
594 4158 850 4213 homines
877 4159 935 4211 in
986 4158 1208 4223 Genesi,
1251 4163 1309 4212 et
1344 4159 1576 4228 angelos
1613 4157 1673 4211 in

107 4240 222 4297 libro
265 4246 409 4302 beati
437 4248 577 4310 Job,
605 4247 756 4320 ﬁlios
799 4247 899 4301 Dei
941 4247 1251 4318 appellatos
1288 4262 1430 4311 esse,
1480 4257 1670 4300 tamen

1759 1061 1961 1122 cordis,
2004 1066 2052 1113 et
2086 1067 2338 1123 tremore,
2369 1061 2638 1116 subaudis
2657 1065 3169 1134 corporis,vestram
3197 1069 3356 1122 salua

1760 1155 1866 1202 tem
1906 1151 2236 1217 operamini,
2279 1149 2334 1203 id
2383 1156 2487 1213 est,
2519 1150 2689 1204 vitam
2729 1157 2996 1206 aeternam
3029 1159 3356 1226 °pimparate

1758 1236 1932 1291 vobis.

1829 1328 1969 1379 Deus
1990 1333 2063 1378 est
2093 1330 2241 1379 εηιίη
2273 1329 2372 1393 qui
2401 1330 2459 1379 in
2485 1328 2629 1380 vobis
2658 1337 2937 1394 operatur.
2962 1330 3046 1384 Ne
3075 1330 3356 1387 videretur

1760 1415 1935 1467 Deum
1970 1431 2005 1466 a
2041 1420 2231 1467 nostra
2262 1414 2444 1467 salute
2474 1414 2788 1476 excludere,
2824 1421 2882 1468 et
2911 1417 3070 1486 quasi
3101 1418 3222 1472 sine
3252 1421 3355 1475 Dei
3409 1445 3420 1450 -

1757 1503 1961 1556 auxilio
1986 1502 2188 1556 salvari
2214 1502 2509 1572 possimus,
2543 1503 2833 1572 subjunxit
2861 1518 2873 1552 :
2904 1505 3053 1560 Deus
3091 1512 3178 1560 est
3205 1508 3357 1563 enim

1760 1589 1854 1659 qui
1877 1590 1931 1644 in
1962 1590 2112 1643 vobis
2143 1597 2431 1660 operatur,
2464 1597 2570 1644 etc.
2591 1592 2771 1645 Omne
2801 1608 2935 1661 ergo
2965 1593 3173 1648 bonum
3205 1596 3354 1666 quod

1759 1677 2050 1743 habemus,
2075 1684 2189 1732 tam
2227 1679 2369 1732 bona
2402 1679 2674 1741 voluntas,
2725 1680 2872 1749 quod
2904 1680 3048 1734 bona
3077 1685 3349 1753 operatio,

1756 1781 1868 1820 non
1912 1773 1999 1820 est
2027 1784 2060 1820 a
2105 1767 2282 1832 nobis,
2336 1767 2432 1820 sed
2486 1784 2518 1820 a
2565 1768 2693 1820 Deo.
2732 1768 2838 1820 Sed
2872 1770 3105 1838 quaestio
3130 1777 3216 1826 est
3246 1787 3258 1822 :
3293 1773 3354 1828 Si

1758 1855 1876 1924 ipse
1901 1855 1998 1908 dat
2016 1856 2356 1909 voluntatem
2392 1861 2448 1908 et
2478 1855 2926 1925 possibilitatem,
2957 1874 3067 1927 qua
3098 1861 3352 1916 mercede

1757 1942 1909 2012 digni
1941 1943 2172 1996 sumus?
2200 1943 2473 1996 Praevenit
2509 1959 2610 1995 nos
2653 1943 2928 2013 siquidem
2955 1945 3141 2015 gratia
3165 1947 3266 2002 Dei
3294 1955 3354 2004 et

1757 2031 2221 2090 misericordia,et
2241 2047 2343 2084 nos
2362 2031 2631 2084 debemus
2643 2032 2870 2085 obedire
2889 2034 3161 2088 voluntati
3177 2036 3352 2106 illius,

1755 2125 1814 2173 et
1829 2120 1946 2189 ipse
1974 2119 2328 2190 postmodum
2350 2119 2447 2172 dat
2462 2118 3198 2188 possibilitatem.Debemus
3218 2141 3353 2196 ergo

1755 2221 1856 2261 nos
1887 2207 2332 2278 obtemperando
2368 2206 2750 2262 obsecundare
2779 2208 2848 2269 ei,
2884 2216 2942 2262 et
2983 2209 3116 2264 dum
3156 2213 3351 2283 jungis

1757 2311 1881 2350 mus
1901 2298 2247 2350 voluntatem
2277 2303 2527 2351 nostram
2557 2302 2613 2350 et
2636 2296 2965 2367 obsequium
2997 2300 3269 2355 voluntati
3299 2307 3356 2358 et

1755 2385 2112 2455 possibilitati
2134 2385 2308 2446 illius,
2343 2385 2658 2438 laudandus
2686 2389 2774 2439 est
2797 2386 2891 2440 ille
2930 2388 3024 2458 qui
3066 2391 3352 2459 prmvehit,

1757 2480 1813 2526 et
1838 2473 1932 2543 qui
1958 2473 2383 2544 possibilitatem
2407 2477 2638 2544 prestat
2656 2480 2827 2544 atque
2858 2479 3353 2545 perseverantiam,

1757 2567 1821 2615 ut
1850 2577 1950 2614 nos
1995 2562 2148 2631 digni
2201 2562 2379 2615 simus
2421 2563 2678 2615 mercede
2729 2568 2958 2617 aeterna.
2993 2565 3060 2618 Et
3107 2570 3258 2636 velle,
3295 2568 3352 2622 id

1756 2654 1859 2712 est,
1914 2648 2116 2702 bonam
2175 2649 2518 2703 voluntatem
2565 2649 2792 2716 habere,
2848 2656 2894 2704 et
2949 2655 3220 2720 perﬁcere,
3246 2671 3352 2723 pro

1759 2739 1897 2790 bona
1933 2742 2232 2803 uoluntate,
2259 2738 2313 2791 id
2358 2744 2444 2792 est
2481 2743 2546 2792 ut
2593 2755 2815 2809 semper
2842 2740 2990 2810 quod
3031 2740 3239 2797 bonum
3265 2749 3354 2803 est

1759 2824 2015 2878 velimus.

1829 2914 2029 2968 Omnia
2072 2917 2259 2966 autem
2298 2915 2462 2980 facite
2491 2918 2608 2968 sine
2637 2919 3349 2981 murmurationibus,sub-

1691 3000 1918 3073 caudis
1947 2999 2114 3065 bona,
2154 3017 2279 3071 quae
2325 3001 2687 3072 Evangelium
2737 3004 3003 3076 praecipit,
3048 3006 3170 3061 sine
3198 3024 3352 3062 mur.

1756 3089 2187 3152 murationibus,
2217 3089 2272 3143 id
2303 3095 2406 3155 est,
2437 3107 2510 3144 ne
2545 3091 2744 3146 dicatis
2804 3111 2815 3145 :
2857 3091 3060 3149 Gravia
3108 3096 3350 3152 nimium

1755 3184 1886 3232 sunt
1909 3193 2032 3249 quae
2059 3179 2208 3232 Deus
2231 3177 2501 3250 praecipit.
2533 3180 2668 3235 Sine
2692 3182 3142 3249 Imitationibus,
3177 3185 3236 3238 id
3265 3190 3357 3240 est

1754 3267 2200 3323 dubitationihus
2231 3288 2242 3322 :
2279 3269 2334 3322 id
2365 3275 2468 3333 est,
2503 3286 2572 3322 ne
2599 3268 2867 3325 dubitetis
2895 3271 2953 3325 in
2986 3272 3114 3339 fide,
3148 3275 3350 3330 necrde

1754 3357 1841 3410 his
1870 3373 1993 3427 quae
2025 3357 2386 3427 Evangelium
2417 3357 2714 3428 promittit.
3219 3375 3222 3378 ί

1827 3446 1888 3499 Ut
1918 3448 2041 3498 satis
2069 3448 2189 3498 sine
2207 3449 2450 3512 querela.
2475 3446 2536 3500 Id
2561 3447 2780 3501 estsine
2812 3451 3279 3519 reprehensione;
3301 3459 3353 3508 et

1751 3536 2025 3600 simplices
2056 3536 2197 3586 sicut
2228 3537 2337 3600 ﬁlii
2374 3536 2488 3587 Dei.
2514 3534 2667 3588 Sicut
2699 3536 2847 3589 Deus
2888 3537 3120 3608 simplex
3141 3545 3245 3604 est,
3270 3540 3360 3595 ita.

1753 3621 1852 3675 lilii
1883 3622 2003 3691 ejus
2025 3638 2164 3693 puro
2185 3628 2241 3674 et
2261 3622 2498 3692 simplici
2522 3623 2686 3676 corde
2707 3623 2912 3676 debent
2934 3624 3352 3682 incedere.Sine

1756 3711 2190 3778 reprehensione.
2224 3709 2284 3763 Id
2307 3715 2410 3770 est,
2425 3709 2546 3764 sine
2558 3711 2794 3764 crimine
2820 3714 2882 3765 in
2905 3714 3081 3767 medio
3103 3717 3350 3769 nationis

1754 3815 1934 3866 prava;
1963 3805 2009 3851 et
2037 3815 2320 3866 perverse,
2356 3802 2505 3852 inter
2531 3816 2662 3867 quos
2685 3802 2892 3854 lucetis.
2938 3801 3174 3864 Quando
3205 3805 3352 3874 Apo-

1755 3887 1932 3940 stolus
1971 3887 2076 3940 ista
2096 3886 2377 3939 scribebat
2403 3886 2873 3956 Philippensibus,
2903 3890 3140 3944 necdum
3168 3893 3354 3948 adhuc

1755 3975 1938 4028 renati
1967 3991 2162 4027 omnes
2196 3980 2361 4027 erant
2397 3990 2580 4043 neque
2617 3974 2826 4039 ﬁdeles,
2861 3977 2956 4030 sed
2999 3978 3164 4032 multi
3188 3984 3352 4038 erant

1754 4062 2010 4115 infideles
2040 4067 2096 4114 et
2118 4061 2364 4114 haeretici
2415 4060 2651 4130 falsique
2681 4060 3004 4116 Christiani.
3033 4065 3187 4118 Inter
3217 4082 3352 4133 quos

1754 4165 1948 4204 omnes
1971 4147 2429 4218 lucetis.0ptabat
2454 4148 2754 4219 Apostolus
2771 4149 2852 4204 ita
2872 4149 3000 4204 illos
3029 4151 3124 4222 qui
3156 4152 3350 4210 fideles

1754 4243 1916 4293 erant
1947 4239 2148 4303 vivere,
2171 4241 2236 4290 ut.
2262 4236 2406 4290 sicut
2429 4237 2510 4291 sol
2533 4237 2692 4307 fugat
2718 4237 3060 4306 tenebras,et
3091 4241 3227 4297 luna
3244 4259 3351 4299 cm-

109 4331 263 4386 nullus
289 4335 516 4390 illorum
536 4335 856 4407 appellatus
875 4341 960 4388 est
978 4335 1222 4388 salvator
1252 4351 1266 4388 :
1304 4351 1484 4404 neque
1500 4335 1675 4391 Filius
1695 4325 1993 4398 Dteraque
2026 4327 2213 4380 sidera
2258 4325 2583 4380 illuminant
2617 4331 2859 4394 noctem,
2892 4328 2973 4384 ita
2999 4329 3081 4386 illi
3110 4330 3351 4391 lucendo

109 4417 187 4473 Dei
213 4425 447 4494 preprie,
482 4425 588 4478 sed
617 4423 864 4485 abusive,
888 4424 1017 4493 quia
1051 4439 1215 4476 nemo
1240 4423 1463 4477 illorum
1487 4423 1675 4493 potuit

107 4520 255 4574 genus
288 4511 603 4567 humanum
633 4512 871 4574 salvere,
903 4511 1010 4565 nisi
1057 4510 1151 4563 ille
1180 4511 1350 4564 solus.
1399 4511 1462 4564 (lt
1487 4513 1550 4564 in
1581 4527 1675 4564 no-

108 4600 228 4651 mine
253 4602 458 4667 Jesu,id
491 4605 583 4655 est
608 4600 669 4654 in
691 4599 1037 4653 invocatione
1059 4595 1304 4651 nominis
1326 4596 1363 4651 J
1367 4613 1484 4663 esu,
1512 4614 1672 4653 omne

107 4699 221 4747 genu
238 4691 512 4755 ﬂectatur,
529 4689 591 4742 id
606 4694 692 4742 est
729 4687 920 4742 omnia
944 4701 1153 4756 genera
1177 4682 1467 4740 hominum
1489 4686 1674 4757 subje-

105 4777 176 4825 cta
197 4783 315 4831 sunt
341 4779 416 4844 ei,
435 4781 758 4841 caelestium,
790 4775 844 4828 id
869 4781 954 4829 est
967 4775 1348 4844 angelicorum
1374 4773 1668 4840 virtutum,

106 4864 437 4929 terrestrium,
464 4867 526 4921 id
557 4872 642 4920 est
663 4864 954 4919 hominum
985 4869 1042 4917 et
1068 4869 1475 4928 creaturarum,
1507 4869 1556 4917 at
1585 4866 1673 4917 in-

99 4949 373 5020 fernarum,
400 4955 457 5010 id
479 4960 573 5010 est
598 4955 915 5010 daemonum
945 4958 1003 5006 et
1029 4952 1346 5007 animarum
1369 4967 1496 5023 quae
1511 4951 1571 5006 in
1590 4952 1673 5006 in-

98 5035 229 5093 ferno
269 5042 549 5098 habitant.
598 5043 778 5097 Aliter
827 5059 838 5094 :
894 5040 1098 5096 Omnia
1125 5041 1375 5095 scelestis
1400 5046 1458 5094 et
1482 5040 1674 5095 omnia

98 5123 181 5180 sub
203 5132 379 5194 terris,
416 5150 548 5204 quae
596 5132 654 5186 in
685 5131 904 5185 inferno
956 5145 1080 5183 esse
1115 5124 1395 5192 dicuntur,
1426 5130 1550 5198 ejus
1574 5128 1671 5200 ju-

99 5213 216 5269 dicio
242 5227 294 5273 et
318 5223 484 5276 nutui
515 5227 578 5275 et
603 5221 837 5292 imperio
864 5219 1134 5274 serviunt.
1168 5219 1232 5272 Et
1270 5222 1452 5272 omnis
1475 5221 1669 5285 lingua

97 5307 410 5376 ranﬁteatur,
444 5311 503 5364 id
532 5317 622 5364 est
650 5309 833 5364 omnis
864 5309 1029 5362 homo
1058 5307 1396 5361 conﬁteatur
1408 5308 1542 5376 quia
1573 5310 1672 5363 Do—

100 5395 262 5447 minus
278 5400 430 5451 .Iesus
462 5402 527 5450 in
553 5401 734 5465 gloria
761 5401 836 5450 est
873 5397 968 5448 Dei
1001 5397 1210 5461 Patris,
1251 5393 1308 5446 in
1345 5393 1669 5463 aqualitate

94 5469 358 5547 petemus
387 5491 447 5539 et
474 5489 684 5539 natura
714 5483 1052 5540 Divinitatis.

1754 4417 1883 4478 ﬁde,
1917 4431 2104 4486 opere,
2135 4420 2189 4468 et
2211 4414 2485 4480 doctrina,
2509 4415 2769 4470 tenebras
2793 4418 3001 4473 erroris
3030 4423 3089 4473 et
3115 4419 3352 4478 nebulas

1755 4504 2104 4559 inﬁdelitatis
2123 4520 2224 4558 suo
2245 4503 2501 4574 exemplo
2527 4509 2585 4558 et
2607 4505 2858 4560 doctrina
2881 4506 2952 4560 de
2978 4507 3240 4564 cordibus
3265 4509 3350 4565 in.-

1755 4593 2004 4648 ﬁdelium
2037 4593 2487 4663 fugarent.Sicut
2521 4595 2977 4660 luminaria.Sol,
3007 4589 3142 4652 luna
3159 4603 3216 4653 et
3240 4609 3349 4653 caii-

1754 4688 1880 4736 tera
1906 4687 2077 4742 astra.
2113 4684 2180 4736 In
2207 4682 2434 4736 mundo.
2470 4680 2565 4734 Vel
2593 4681 2650 4734 in
2679 4681 2784 4735 hac
2813 4680 2942 4736 vita.

1837 4771 2064 4824 Verbum
2094 4773 2216 4822 vita
2242 4768 2673 4823 continentest
2703 4773 2789 4822 est
2805 4768 2974 4824 ﬁdem
3002 4775 3212 4825 rectam
3232 4787 3347 4842 qua

1753 4857 1888 4912 vivit
1905 4859 2122 4928 justus;
2143 4856 2247 4921 vel,
2271 4855 2424 4909 illius
2435 4855 2601 4909 Verbi
2619 4854 2968 4921 memoriam,
2982 4856 3054 4913 de
3070 4873 3184 4927 quo
3202 4858 3346 4916 dici-

1753 4952 1878 5003 tur;
1909 4949 1975 5001 In
1989 4947 2271 5014 principio
2295 4948 2412 4996 erat
2455 4943 2676 4995 Verbum
2697 4945 2876 5010 (Joan.
2908 4950 2971 5011 ι).
2998 4946 3083 5000 Ad
3100 4949 3346 5013 gloriam

1755 5051 1936 5089 meum
1965 5037 2028 5088 in
2054 5035 2141 5087 die
2161 5029 2538 5094 0hristi.Quia
2562 5029 2718 5086 vobis
2741 5030 3034 5100 praemium
3062 5033 3247 5096 erit,si.
3264 5035 3347 5092 ita

1755 5123 2020 5186 vixeritis,
2050 5127 2107 5176 et
2140 5119 2277 5174 mihi
2304 5119 2486 5189 gloria
2513 5117 2574 5172 in
2602 5117 2694 5174 die
2725 5118 2944 5189 judicii,
2973 5121 3070 5192 qui
3114 5123 3347 5182 verbum

1752 5214 1878 5268 vitae
1905 5211 2059 5266 vobis
2088 5207 2580 5273 ministraviﬂuia
2599 5211 2796 5263 nonin
2834 5223 3072 5266 vacuum
3091 5217 3344 5274 cucurri.

1753 5299 2033 5357 Subaudis
2059 5299 2130 5352 de
2174 5299 2294 5352 loco
2325 5296 2396 5351 ad
2427 5297 2612 5352 locum
2649 5297 3024 5368 praedicando.
3067 5301 3250 5369 Neque
3282 5306 3344 5358 in

1751 5405 1988 5445 vacuum
2011 5389 2258 5441 laboravi
2286 5401 2567 5458 corporeae
2597 5386 2802 5457 linguae
3136 5388 3222 5451 Et.
3238 5390 3345 5449 hoc

1749 5479 1820 5534 ad
1838 5477 2079 5548 gloriam
2105 5491 2309 5531 meam.
3281 5493 3286 5496 -
