3966 6156
511 319 616 378 743
985 318 1363 374 HAYMONIS
1392 316 1880 375 HALBERSTAT.
1914 317 2138 372 EPISC.
2170 317 2329 372 OPP.
2365 318 2549 372 PARS
2583 318 2627 373 I.
2665 347 2730 359 —
2763 316 3139 374 COMMENT.
3173 317 3350 372 BIBL.
3633 322 3718 380 744

583 445 688 501 Sed
739 451 786 498 et
835 448 885 497 si
925 445 1202 497 immotor.
1255 440 1319 495 Id
1348 447 1433 495 est
1460 439 1770 494 interﬁcior
1795 455 1830 493 a
1857 440 2100 497 Nerone.
2122 445 2167 500 Α
2187 436 2404 495 bitabat
2431 447 2629 496 utrum
2655 441 3017 496 decollandus
3067 446 3212 496 esset
3237 458 3270 494 a
3291 441 3516 509 Nerone,
3550 459 3636 500 aut
3657 447 3723 501 di-

514 534 664 588 Nero
723 533 844 605 ipse
873 532 980 587 fuit
1007 531 1266 586 sacerdos
1308 530 1460 584 Petri
1509 534 1566 583 et
1605 527 1784 589 Pauli.
1827 530 1960 598 quia
1997 529 2115 598 ipse
2199 529 2506 584 mittendus
2536 530 2678 584 liber
2700 530 2769 584 de
2799 547 3041 596 carcere,
3060 530 3290 600 ideoque
3319 529 3452 584 dixit
3481 532 3636 586 :Cum
3656 549 3727 588 co-

516 622 784 677 mactavit
809 639 946 676 eos:
994 621 1257 674 mactavit
1300 619 1545 690 quidem.
1589 617 1685 671 sed
1727 632 1840 671 non
1887 617 2108 681 obtulit,
2193 634 2442 688 gnovero
2475 619 2606 689 quid
2640 618 2776 672 mihi
2807 621 3072 673 evenerit.
3115 619 3171 673 Si
3217 618 3287 672 de
3315 635 3524 674 carcere
3549 622 3728 677 incolu-

515 712 647 783 quia
667 711 771 782 ipsi
800 710 1014 781 seipsos
1031 708 1568 775 obtulerunt.Supra
1601 708 2113 773 sacriﬁcium.Gau-
2195 706 2364 760 lumis
2395 707 2601 772 exiero,
2637 707 2856 762 mittam
2888 724 3016 761 eum
3042 707 3113 760 ad
3145 724 3254 762 vos.

516 799 779 864 deo.Quia
810 816 905 853 vos
931 797 1106 852 obtuli
1136 797 1472 851 sacriﬁcium
1506 795 1640 849 Deo.
1676 797 1740 849 Et
1769 811 1934 863 super
1971 796 2113 849 obse-
2265 796 2485 863 Conﬁdo
2522 801 2708 850 autem
2734 800 2796 850 in
2817 797 3050 850 Domino
3076 802 3342 864 quoniam
3371 806 3417 854 et
3447 804 3545 869 ipse
3571 805 3659 853 cito
3671 819 3732 854 vc-

507 890 711 956 quium
734 889 864 955 ﬁdei
882 892 1083 940 vestrae.
1099 887 1164 940 Et
1180 901 1348 957 supra
1361 885 1574 938 cultum
1596 883 1725 936 ﬁdei
1747 887 1804 936 et
1823 882 2112 953 religionis
2194 885 2351 936 niam
2380 885 2454 937 ad
2481 901 2586 938 vos.
2617 884 2918 939 Sciendum
2951 892 3142 938 tamen
3173 887 3302 956 quia
3330 888 3652 959 postmodum
3671 889 3734 960 ip

515 993 681 1048 quem
707 992 804 1030 vos
831 975 1015 1030 docui.
1051 976 1256 1029 Beatus
1285 973 1496 1027 Paulus
1511 972 1607 1043 qui
1635 972 2020 1042 Philippenses
2040 971 2110 1025 ab
2194 987 2254 1025 se
2276 989 2386 1026 non
2418 972 2569 1026 venit
2595 973 2667 1027 ad
2698 990 2813 1028 eos.

512 1065 846 1119 infidelitate
875 1063 1214 1125 liberavit,et
1234 1063 1291 1116 in
1307 1062 1686 1132 baptismatea
1718 1061 1957 1131 peccatis
1977 1077 2114 1131 pur—
2267 1062 2651 1114 Necessarium
2661 1068 2849 1115 autem
2864 1065 3182 1116 existimavi
3203 1063 3618 1131 Epaphroditum
3639 1069 3737 1118 mit-

513 1153 700 1223 gando
727 1151 1114 1216 sanctiﬁcavit,
1151 1150 1270 1220 ipse
1299 1149 1493 1220 utique
1531 1149 1735 1202 obtulit
1756 1165 1852 1202 eos
1875 1155 1932 1202 et
1950 1148 2118 1202 sacri-
2201 1154 2309 1203 tere
2336 1151 2410 1201 ad
2440 1166 2546 1202 eos.
2579 1149 2723 1213 Quia
2751 1148 3105 1205 Timotheum
3149 1167 3261 1205 non
3307 1168 3524 1222 possum
3552 1152 3737 1208 mittere

512 1241 701 1296 ﬁcium
739 1242 860 1312 ejus
891 1239 999 1311 ipsi
1024 1239 1271 1294 fuerunt.
1301 1237 1646 1308 Obsequium
1671 1236 1838 1291 etiam
1871 1237 2118 1308 appellat
2198 1254 2493 1308 quousque
2521 1255 2850 1309 cognoscam
2869 1256 2990 1309 quae
3015 1239 3162 1293 circa
3183 1256 3270 1293 me
3287 1246 3564 1310 sunt,puto
3589 1258 3738 1295 neces-

514 1331 729 1385 cultum
756 1335 814 1384 et
833 1329 1182 1398 religionem,
1213 1333 1269 1381 et
1298 1326 1432 1380 alibi
1462 1342 1473 1376 :
1504 1328 1846 1381 Rationabite
1875 1329 1948 1378 sit
1978 1328 2118 1380 obse-
2199 1326 2412 1380 sarium
2442 1343 2563 1380 esse
2593 1326 2748 1380 vobis
2771 1327 2994 1380 mittere
3015 1327 3452 1398 Epaphroditum
3483 1340 3494 1375 :
3523 1327 3607 1397 qui
3631 1328 3740 1398 Epa-

518 1422 719 1488 quium
750 1423 987 1471 vestrum
1020 1418 1192 1480 (Rom.
1226 1415 1349 1484 xu),
1381 1421 1438 1468 et
1457 1420 1544 1468 est
1562 1431 1762 1469 sensus
1800 1432 1811 1467 :
1845 1413 1917 1469 Et
1938 1415 1984 1468 si
2017 1415 2118 1482 (in-
2200 1415 2371 1486 phras
2398 1415 2717 1486 appellatur
2754 1416 2864 1469 alio
2887 1416 3027 1478 loco,
3051 1415 3196 1470 sicut
3217 1417 3741 1488 Lucius,Lucas.Apo-

521 1506 664 1577 quit)
695 1504 1010 1559 interficior
1036 1521 1069 1557 a
1097 1504 1336 1567 Nerone,
1358 1519 1468 1556 non
1499 1502 1680 1556 sentio
1709 1518 1920 1573 poenas,
1938 1518 2118 1573 neque
2199 1504 2376 1558 stolus
2403 1504 2555 1558 enim
2579 1520 2688 1558 non
2727 1503 2961 1558 curabat
3001 1504 3070 1558 de
3100 1504 3441 1575 proprietate
3469 1505 3740 1559 nominum.

517 1593 851 1666 pertimesco
879 1598 1136 1658 mortem,
1157 1592 1512 1662 congaudens
1532 1593 1789 1645 omnibus
1810 1592 2112 1661 robis,pro-
2198 1593 2632 1661 (Imperatorem,
2663 1593 2720 1647 id
2759 1599 2847 1648 est
2873 1593 3040 1647 simul
3067 1593 3413 1647 laborantem
3441 1593 3494 1646 in
3516 1593 3738 1663 praedica-

517 1688 710 1754 pterea
735 1683 867 1754 quia
898 1698 994 1736 vos
1024 1681 1360 1736 sacriﬁcium
1391 1680 1568 1734 obtuli
1602 1680 1735 1745 Deo,
1760 1685 1818 1734 et
1857 1679 1990 1750 quia
2020 1695 2116 1734 vos
2136 1750 2170 1754 _
2196 1680 2370 1734 tione.
2407 1682 2476 1735 Et
2499 1681 2712 1735 socium
2745 1681 2862 1735 sive
2905 1685 3359 1750 commilitonem,
3380 1681 3437 1734 in
3463 1681 3643 1736 castris
3667 1681 3744 1736 Dei

517 1750 682 1826 docui
719 1750 1052 1841 religionem
1083 1768 1235 1823 ﬁdei.
2134 1750 2180 1809 B
2197 1785 2299 1841 pro
2330 1770 2458 1824 ﬁde.
2493 1767 2743 1824 Vestrum
2769 1775 2956 1825 autem
2981 1769 3303 1838 Apostolum
3326 1808 3340 1832 ,
3371 1770 3452 1824 vel
3479 1769 3565 1840 qui
3587 1769 3647 1822 ad
3671 1785 3744 1822 vos

588 1861 836 1929 Idipsum
881 1863 1068 1912 autem
1111 1862 1160 1910 et
1198 1873 1288 1910 vos
1329 1857 1578 1924 gaudete.
1610 1855 1671 1910 Id
1705 1860 1808 1921 est,
1839 1855 1984 1910 sicut
2013 1872 2115 1926 ego
2197 1875 2233 1911 a
2261 1874 2350 1911 me
2378 1858 2642 1920 mittitur,
2677 1859 2762 1912 vel
2793 1875 2961 1930 quem
2990 1875 3086 1912 vos
3138 1858 3208 1912 de
3247 1859 3444 1913 vestris
3486 1858 3676 1928 elegisti
3697 1858 3743 1912 in

513 1949 734 2021 gaudeo
763 1948 832 2002 de
853 1952 1036 2002 vestra
1067 1945 1194 2009 ﬁde,
1219 1944 1298 1999 ita
1317 1950 1374 1998 et
1405 1961 1497 1997 vos
1520 1943 1867 2014 congaudete
1896 1944 1967 1998 de
1992 1960 2115 1998 meo
2196 1947 2513 2017 apostolum
2537 1947 2809 2001 mittendo
2831 1947 2989 2001 illum
3021 1947 3093 2000 ad
3120 1964 3227 2001 me.
3257 1949 3326 2001 Et
3357 1951 3656 2002 ministrum
3678 1963 3744 2000 ne-

515 2037 745 2110 praamio
772 2036 920 2107 quod
957 2039 1324 2106 percepturus
1361 2048 1485 2086 sum
1505 2048 1604 2102 pro
1627 2031 1800 2085 vobis.
2197 2038 2463 2088 cessitatis
2489 2052 2636 2098 meae,
2669 2042 2726 2090 et
2754 2035 3018 2090 desiderii
3062 2035 3159 2106 qui
3204 2036 3344 2090 mihi
3371 2037 3487 2106 jam
3522 2035 3678 2106 posito
3700 2034 3744 2088 in

587 2127 756 2196 Spero
783 2130 970 2178 autem
992 2126 1056 2177 in
1077 2124 1310 2176 Domino
1334 2123 1462 2175 Jesu
1487 2121 1704 2176 Christo
1744 2120 2104 2186 Timotheum,
2197 2139 2418 2178 carcere
2450 2123 2735 2179 ministrat
2763 2141 2887 2196 qua:
2927 2124 3244 2179 necessaria
3289 2135 3442 2190 sunt,
3487 2131 3541 2178 et
3563 2125 3748 2194 insuper

519 2219 625 2268 etc.
656 2213 987 2268 Timotheus
1032 2215 1155 2265 erat
1183 2209 1490 2280 discipulus
1518 2209 1790 2280 Apostoli,
1824 2208 1978 2263 omni
2008 2209 2118 2263 ﬁde
2198 2212 2581 2282 praedicationi
2611 2213 3174 2284 insistit.Apostolum
3205 2220 3397 2268 autem
3423 2213 3572 2268 illum
3599 2217 3742 2274 vocat,

521 2307 690 2372 atque
717 2299 974 2354 doctrina
1009 2304 1179 2369 atque
1220 2297 1482 2368 operibus
1512 2295 1670 2350 bonis
1699 2297 2029 2364 adornatus,
2060 2301 2118 2352 et
2199 2301 2332 2372 quia
2358 2300 2428 2355 ab
2457 2301 2556 2356 illo
2586 2302 2789 2356 missus
2833 2309 2938 2357 est.
2995 2302 3194 2358 Omnis
3220 2303 3375 2357 enim
3423 2302 3514 2373 qui
3549 2301 3749 2356 mittitur

521 2405 622 2461 per
649 2390 755 2444 hoc
783 2388 1049 2459 Apostolo
1091 2386 1396 2440 admodum
1437 2386 1660 2451 charus,
1703 2385 1761 2440 in
1797 2391 2020 2440 tantum
2053 2392 2118 2440 ut
2198 2390 2504 2460 Apostolus
2537 2397 2782 2445 vocatur.

522 2477 806 2534 unanimis
831 2476 1052 2532 dicatur
1081 2492 1203 2530 esse
1231 2475 1337 2539 illi,
1366 2474 1421 2529 id
1453 2480 1557 2538 est,
1590 2475 1756 2529 unius
1789 2475 2116 2529 voluntatis.
2272 2480 2562 2548 Propterea
2583 2482 2728 2548 quod
2743 2481 3746 2548 audieratisittuminﬁrmatam:nam

523 2565 779 2622 Habebat
808 2572 995 2620 tamen
1025 2571 1082 2619 et
1104 2565 1245 2618 alios
1266 2563 1461 2618 eodem
1486 2564 1686 2617 all'ectu
1715 2563 2032 2634 diligentes,
2058 2568 2122 2617 ut
2201 2571 2251 2620 et
2266 2569 2590 2634 inﬁrmatus
2610 2573 2867 2637 estusque
2885 2570 2959 2622 ad
2984 2574 3236 2631 mortem,
3261 2571 3354 2623 sed
3373 2571 3509 2624 Deus
3537 2571 3749 2621 misertus

524 2661 647 2710 erat
673 2655 852 2722 Titus,
875 2654 1071 2716 Lucas,
1095 2653 1352 2708 Clemens
1371 2659 1429 2706 et
1449 2653 1574 2718 alii;
1611 2653 1708 2706 sed
1733 2651 1955 2723 quando
1979 2652 2123 2705 hanc
2205 2660 2277 2708 est
2303 2659 2438 2723 ejus,
2473 2655 2739 2711 subaudis
2769 2657 2900 2728 quia
2955 2657 3234 2711 revocavit
3277 2675 3409 2712 eum
3437 2658 3503 2711 de
3542 2654 3750 2710 faucibus

523 2745 831 2817 Epistolam
863 2743 1016 2797 misit
1045 2741 1172 2803 illis,
1205 2758 1315 2796 non
1352 2741 1593 2796 habebat
1621 2758 1809 2796 secum
1839 2741 1908 2794 de
1938 2739 2122 2812 perfe-
2205 2744 2403 2798 mortis
2433 2745 2502 2798 ad
2535 2745 2728 2803 vitam.
2774 2746 2896 2800 Non
2929 2749 3111 2800 solum
3145 2751 3337 2800 autem
3373 2750 3504 2815 ejus,
3529 2742 3751 2798 subaudis

522 2833 792 2888 ctioribus
823 2832 932 2887 nisi
953 2832 1124 2886 istum
1155 2850 1166 2885 :
1194 2847 1394 2884 omnes
1425 2830 1575 2884 enim
1595 2834 1760 2883 erant
1787 2846 1960 2884 causa
1987 2847 2123 2901 pra»
2206 2832 2471 2887 misertus
2501 2839 2604 2896 est.
2633 2850 2826 2887 rerum
2843 2837 3013 2888 etiam
3033 2837 3141 2888 mei
3160 2834 3427 2890 misertus
3455 2839 3554 2888 est.
3573 2831 3752 2896 Quare?

523 2921 819 2977 dicationis
849 2919 1086 2990 dispersi
1117 2935 1218 2990 per
1263 2919 1481 2972 diversa
1511 2918 1652 2985 loca,
1693 2917 1931 2988 ideoque
1985 2918 2122 2972 dicit
2204 2937 2270 2975 ne
2293 2924 2580 2976 tristitiam
2614 2922 2809 2976 mortis
2836 2923 2956 2991 ejus
2981 2939 3148 2990 super
3173 2926 3471 2977 tristitiam
3501 2921 3751 2976 inﬁrmita-

522 3012 803 3067 neminem
828 3009 1032 3064 habere
1061 3027 1122 3063 se
1147 3008 1204 3062 in
1231 3007 1492 3079 prmsenti
1545 3013 1736 3062 tamen
1770 3007 2116 3062 unanimem.

520 3100 624 3156 Vel
654 3105 877 3172 poterat
903 3115 1024 3154 esse
1053 3104 1118 3152 ut
1143 3097 1472 3152 Timotheus
1504 3097 1629 3168 plus
1658 3096 1918 3151 omnibus
1948 3096 2118 3151 disci-

521 3191 666 3262 pulis
697 3191 820 3260 ejus
866 3188 1252 3258 Philippenses
1288 3186 1563 3255 diligeret.
1609 3187 1743 3241 Cito.
1794 3186 1854 3240 Id
1899 3191 2003 3242 est.
2057 3184 2114 3240 in

521 3279 792 3352 proximo.
839 3279 920 3332 Me
956 3281 1172 3330 mittere
1199 3274 1276 3328 ad
1304 3291 1411 3340 vos,
1446 3279 1510 3328 ut
1541 3280 1592 3328 et
1629 3291 1724 3341 ego
1768 3276 1902 3328 bono
1927 3276 2118 3328 animo

522 3372 648 3422 sim.
673 3368 736 3423 Id
765 3374 851 3422 est
873 3364 1178 3436 tranquillo
1207 3369 1265 3417 et
1293 3379 1488 3417 securo
1509 3362 1696 3416 animo
1716 3361 1842 3415 sim.
1876 3362 2118 3429 Cognitis

521 3473 640 3527 qua
660 3460 810 3511 circa
829 3473 918 3509 vos
947 3459 1104 3510 sunt.
1135 3452 1194 3507 Id
1225 3457 1327 3513 est,
1356 3452 1488 3505 dum
1509 3467 1817 3520 cognovero
1841 3467 1941 3520 per
1959 3450 2118 3504 illum

523 3562 646 3619 quae
677 3545 825 3600 circa
840 3561 936 3598 vos
958 3547 1224 3613 aguntur,
1253 3546 1367 3593 tam
1400 3539 1455 3593 in
1484 3539 1592 3592 ﬁde
1614 3555 1782 3609 quam
1811 3539 1869 3594 in
1897 3555 2122 3593 conver-

523 3635 760 3690 satione.

592 3725 890 3780 Neminem.
911 3723 1059 3774 enim
1090 3719 1272 3772 habeo.
1315 3717 1594 3773 Subaudis
1626 3716 1792 3770 modo
1821 3717 1966 3786 apud
2005 3733 2112 3770 me.

524 3815 631 3880 Qui
655 3808 960 3866 sincera.id
987 3813 1073 3862 est
1098 3823 1237 3878 pura
1257 3812 1315 3860 et
1337 3808 1514 3866 ﬁrma.
1542 3808 1824 3872 affectione
1846 3821 1950 3874 pro
1973 3806 2117 3859 vobis

522 3902 793 3954 sollicitus
835 3900 925 3951 sit.
965 3897 1032 3951 Et
1059 3913 1126 3951 ea
1157 3895 1413 3950 voluntas
1443 3906 1564 3964 quze
1603 3901 1726 3948 erat
1755 3893 1811 3947 in
1849 3895 2116 3966 Apostolo

522 4005 656 4060 erga
684 3986 1090 4059 Philippenses,
1119 3992 1240 4040 erat
1267 3991 1325 4039 et
1353 3984 1409 4038 in
1438 3983 1748 4038 Timotheo.
1779 3982 1907 4036 ldeo
1935 3982 2072 4036 dicit
2102 4001 2112 4036 :

522 4080 813 4134 Neminem
840 4077 1004 4131 habeo
1037 4081 1151 4129 tam
1182 4075 1529 4138 unanimem,
1553 4071 1650 4141 qui
1679 4071 1933 4126 eamdem
1959 4087 2118 4124 men-

521 4173 637 4223 tem
661 4172 820 4238 gerat
850 4181 983 4234 erga
1015 4180 1126 4227 vos,
1163 4169 1214 4216 et
1245 4177 1347 4232 pro
1396 4159 1548 4214 vobis
1594 4161 1674 4213 ita
1716 4159 1986 4213 sollicitus
2025 4159 2116 4214 sit.

523 4257 765 4326 Ideoque
794 4254 887 4306 ille
926 4249 1233 4304 mittendus
1261 4255 1366 4312 est,
1393 4247 1489 4317 qui
1507 4253 1566 4300 et
1597 4247 1732 4300 mihi
1753 4252 1840 4300 est
1856 4246 2120 4302 charissi-

523 4360 650 4398 mus
677 4362 689 4398 :
712 4347 769 4396 et
787 4356 978 4394 curam
1005 4338 1076 4392 de
1096 4336 1249 4391 vobis
1271 4335 1570 4389 maximam
1589 4335 1956 4405 gerit.0mnes
1970 4339 2116 4390 enim

2135 4378 2184 4436 D

2201 3009 2275 3062 tis
2299 3009 2418 3079 ejus
2448 3012 2700 3065 haberem
2762 3011 2968 3065 Beatus
3006 3013 3312 3082 Apostolus
3353 3011 3569 3066 dolebat
3608 3010 3667 3063 de
3692 3008 3754 3061 in-

2136 3067 2174 3119 C
2199 3067 2466 3152 ﬁrmitate
2513 3099 2900 3170 Epaphroditi.
2944 3067 3073 3154 Sed.
3097 3099 3144 3152 si
3183 3098 3279 3153 ille
3328 3099 3398 3154 ab
3424 3100 3527 3153 hac
3553 3099 3658 3152 luce
3679 3095 3755 3149 mi-

2197 3193 2436 3257 grasset.
2471 3203 2641 3258 super
2668 3187 2956 3242 tristitiam
2988 3188 3341 3242 inﬁrmitatis
3370 3187 3593 3242 haberet
3618 3184 3756 3240 tristi-

2200 3277 2339 3332 tiam
2374 3276 2572 3330 mortis
2602 3275 3006 3346 ejus.Velquia
3034 3275 3151 3346 ipse
3181 3276 3239 3329 in
3273 3277 3508 3330 vinculis
3533 3274 3754 3329 astrictus

2200 3364 2520 3429 tenebatur,
2571 3364 2619 3418 si
2655 3365 2984 3434 contigisset
3030 3364 3474 3436 Epaphroditum
3514 3363 3658 3427 mori,
3685 3358 3758 3431 qui

2202 3452 2254 3507 ei
2289 3453 2605 3508 necessaria
2637 3453 2994 3524 procurabat,
3040 3471 3212 3524 super
3237 3454 3528 3508 tristitiam
3556 3451 3758 3506 vinculo-

2201 3559 2326 3597 rum
2357 3543 2591 3598 haberet
2621 3543 2910 3597 tristitiam
2950 3544 3018 3597 de
3053 3551 3231 3598 morte
3254 3544 3430 3599 illius.

2279 3633 2338 3685 Ut
2368 3635 2481 3685 viso
2511 3648 2567 3685 eo
2611 3634 2816 3685 iterum
2855 3633 3163 3700 gaudeatis.
3228 3633 3511 3687 Gaudium
3547 3626 3758 3701 Apostoli

2198 3720 2466 3789 gaudium
2485 3725 2609 3774 erat
2639 3719 3105 3792 Philippensium.
3122 3721 3270 3775 sicut
3290 3721 3519 3775 tristitia
3533 3720 3642 3789 ejus
3665 3715 3762 3770 tris-

2199 3809 2328 3862 titia
2351 3809 2573 3863 illorum
2599 3808 2884 3863 :similiter
2914 3809 3143 3863 tristitia
3169 3809 3604 3880 Philippensium
3623 3802 3760 3861 tristi.

2199 3897 2278 3952 tia
2293 3904 2415 3952 erat
2431 3898 2704 3966 Apostoli,
2727 3904 2785 3951 et
2801 3898 2996 3952 laetitia
3015 3898 3236 3952 illorum
3253 3899 3453 3954 laetitia
3472 3897 3612 3951 illius
3627 3914 3636 3948 :
3649 3894 3764 3948 sicut

2199 3986 2550 4056 ipsedixerat
2572 3987 2834 4042 :Caudete
2855 4003 2983 4040 cum
3012 3988 3405 4054 gaudentibus,
3438 3993 3486 4040 et
3532 3988 3639 4054 ﬂete
3663 3997 3762 4036 cuni

2201 4077 2460 4144 ﬂentibus
2490 4078 2662 4142 (Rom.
2687 4080 2802 4143 vn),
2835 4080 2885 4128 et
2912 4091 3004 4141 ego
3034 4077 3154 4129 sine
3184 4078 3425 4129 tristitia
3443 4077 3568 4135 sim,
3593 4070 3763 4126 subau-

2203 4162 2288 4216 dis
2315 4179 2442 4218 cum
2471 4179 2782 4234 cognovero
2803 4179 2899 4218 vos
2927 4162 3234 4218 laetiﬁcatos
3271 4163 3427 4218 illius
3458 4158 3723 4234 praesentia
3751 4173 3760 4206 2

2203 4257 2262 4305 et
2289 4267 2414 4306 cum
2448 4269 2548 4322 per
2573 4252 2733 4306 illum
2765 4268 3046 4321 agnovero
3078 4269 3201 4323 quae
3231 4252 3385 4333 circa
3413 4269 3508 4306 vos
3535 4255 3762 4321 aguntur.

2274 4341 2518 4408 Excipite
2530 4343 2712 4408 itaque
2725 4343 2892 4394 illum
2918 4357 3045 4394 cum
3059 4342 3264 4408 gaudio
3275 4344 3338 4395 in
3350 4339 3766 4405 Domino,etejus-

523 4448 642 4500 quae
667 4445 769 4483 sua
794 4425 1221 4493 sunt,subaudis
1239 4423 1552 4488 commoda,
1581 4429 2116 4494 quaruntmonqua
2137 4423 2181 4436 ν
2202 4427 2352 4479 modi
2379 4443 2505 4480 cum
2521 4427 2724 4480 honore
2740 4427 3000 4491 habetote,
3013 4425 3070 4479 id
3102 4433 3206 4489 est,
3232 4443 3345 4480 non
3377 4427 3557 4480 solum
3583 4423 3669 4495 qui
3689 4438 3762 4473 vc.

522 4525 654 4573 sunt
677 4521 802 4573 Jesu
829 4516 1060 4572 Christi.
1080 4512 1243 4568 Modo
1271 4511 1515 4566 ostendit
1542 4527 1717 4582 quare
1743 4511 1840 4566 alii
1861 4512 1959 4582 qui
1985 4529 2113 4570 cum

522 4608 620 4662 illo
648 4612 831 4670 erant,
878 4621 990 4660 non
1027 4609 1190 4657 erant
1231 4600 1283 4655 ei
1339 4600 1419 4654 ita
1469 4600 1750 4669 conjuncti
1797 4601 1944 4654 sicut
1989 4602 2113 4656 iste.

521 4697 730 4752 Omnes
760 4695 910 4751 enim
935 4709 1038 4748 sua
1067 4689 1362 4746 commoda
1399 4695 1661 4759 quaerunt
1706 4695 1806 4744 aut
1845 4689 2114 4761 quietem,

521 4787 776 4841 nolentes
799 4781 1058 4838 tribulari
1087 4780 1325 4834 aliorum
1357 4779 1557 4844 salute,
1589 4778 1696 4832 nisi
1727 4785 1792 4833 ut
1818 4779 1888 4833 ab
1911 4779 1993 4834 eis
2028 4781 2117 4835 lu-

520 4892 618 4930 cra
641 4872 974 4945 temporalia
1004 4868 1302 4940 recipiant,
1326 4883 1437 4922 non
1466 4873 1729 4922 curantes
1752 4868 1822 4922 de
1851 4885 2116 4924 remune-

521 4963 741 5018 ratione
760 4966 991 5015 aeterna.

591 5050 1068 5117 Experimentum.
1102 5047 1156 5100 id
1180 5051 1268 5100 est
1295 5043 1747 5116 probamentum,
1780 5048 1897 5112 ejus
1926 5061 2117 5112 cogno-

519 5139 666 5197 scite,
690 5138 826 5204 quia
844 5137 985 5187 sicut
1008 5137 1163 5202 patri
1188 5135 1340 5200 ﬁlius
1358 5147 1568 5184 meeum
1594 5133 1819 5185 servivit
1846 5134 1910 5185 in
1928 5131 2118 5186 Evan-

520 5227 678 5294 getio.
701 5223 828 5278 Non
858 5222 1017 5286 mihi,
1040 5221 1240 5293 inquit,
1257 5219 1499 5286 servivit,
1531 5219 1628 5273 sed
1649 5235 1864 5273 mecum
1886 5221 2118 5276 servivit

522 5312 744 5369 Christo
772 5311 830 5366 in
871 5310 1156 5380 Evangelii
1186 5307 1608 5381 praedicatione.
1647 5307 1890 5363 Servivit
1925 5315 2116 5364 tamen

521 5408 577 5458 et
614 5400 778 5456 beato
809 5399 1091 5470 Apostolo.

585 5491 750 5548 Hune
778 5505 903 5557 ergo
919 5504 1073 5557 spero
1103 5505 1186 5542 me
1208 5489 1424 5542 mittere
1441 5489 1516 5542 ad
1544 5502 1652 5553 ros,
1686 5504 1814 5542 mox
1835 5493 1901 5541 ut
1929 5488 2116 5543 videro

516 5597 636 5650 quae
663 5581 813 5634 circa
833 5594 918 5632 me
933 5583 1082 5634 sunt.
1108 5577 1328 5633 Positus
1348 5575 1649 5647 Apostolus
1671 5576 1727 5631 in
1747 5576 1986 5631 vinculis
2007 5575 2116 5632 du-

2198 4520 2316 4568 ster
2342 4513 2628 4584 apostolus
2674 4519 2760 4567 est
2805 4530 2935 4567 cum
2959 4514 3168 4584 gaudio
3198 4514 3485 4584 spirituali
3515 4509 3764 4580 suscipite,

2198 4601 2296 4656 sed
2319 4618 2514 4656 omnes
2544 4602 2639 4672 qui
2669 4601 2926 4656 eamdem
2958 4602 3126 4656 ﬁdem
3160 4602 3388 4663 habent,
3407 4609 3464 4657 et
3485 4600 3635 4656 bonis
3661 4611 3769 4668 ope-

2200 4691 2355 4745 ribus
2383 4691 2827 4756 insistunt,sicut
2843 4691 2953 4744 ille.
2967 4691 3240 4758 Quoniam
3259 4698 3487 4760 propter
3507 4707 3631 4758 opus
3642 4686 3769 4742 Chri-

2199 4784 2272 4835 sti
2300 4796 2469 4850 usque
2495 4781 2570 4834 ad
2600 4787 2828 4834 mortem
2853 4782 3093 4843 accessit,
3126 4779 3181 4833 id
3215 4785 3320 4842 est,
3371 4786 3598 4851 propter
3622 4771 3770 4830 chari-

2199 4874 2374 4924 tatem
2405 4874 2464 4922 et
2483 4868 2936 4939 praedicationem
2958 4867 3250 4938 Evangelii
3273 4885 3454 4938 usque
3473 4867 3543 4921 ad
3564 4870 3768 4920 mortem

2199 4957 2452 5020 accessit,
2484 4956 2756 5011 subaudis
2783 4955 3138 5026 praedicando
3171 4962 3231 5010 et
3264 4956 3404 5010 mihi
3430 4948 3767 5010 ministrando

2197 5052 2392 5100 contra
2413 5045 2573 5115 jussa
2588 5044 2924 5116 principum.
2937 5045 3181 5099 Tradens
3195 5047 3454 5098 animam
3483 5036 3772 5101 suam,sub-

2197 5135 2359 5190 audis
2381 5133 2630 5205 periculo
2660 5133 2876 5194 mortis,
2911 5138 2973 5186 ut
3017 5135 3268 5200 impleret
3309 5135 3366 5185 id
3397 5134 3542 5201 quod
3563 5148 3623 5184 es:
3652 5127 3770 5182 vobis

2196 5225 2380 5277 deerat
2410 5239 2542 5290 erga
2574 5239 2761 5276 meum
2805 5223 3144 5289 obsequium.
3185 5221 3574 5292 Philippenses
3610 5217 3695 5289 qui
3715 5213 3770 5266 ab

2198 5311 2466 5382 Apostolo
2489 5310 2716 5365 verbum
2743 5309 3513 5381 praedicationis-audierunt,
3534 5323 3630 5378 per
3649 5299 3770 5376 quod

2199 5399 2399 5454 salvati
2419 5404 2552 5453 sunt
2571 5399 2618 5452 si
2639 5399 2874 5453 facultas
2900 5397 2980 5451 eis
3001 5396 3358 5461 adfuisset,et
3377 5395 3665 5467 longitudo
3683 5397 3772 5445 tera

2201 5505 2277 5544 rae
2305 5504 2416 5542 non
2444 5487 2774 5548 obstitisset,
2814 5485 2921 5557 ipsi
2964 5485 3279 5541 debuerant
3304 5486 3355 5542 ei
3403 5485 3597 5540 omnia
3622 5478 3773 5536 subsi-

2195 5577 2290 5632 dia
2317 5576 2656 5648 temporalia
2699 5574 2946 5647 prabere
2999 5580 3058 5628 et
3099 5575 3444 5631 ministrare.
3477 5571 3635 5638 Quod
3661 5582 3771 5637 ergo
