  <div class='ocr_page' id='page_1' title='image "/cluster/home/n/w/nwhite01/storage/ocr_20150623/117/hvd.32044054759816/378.png"; bbox 0 0 3852 6154; ppageno 0'>
   <div class='ocr_carea' id='block_1_1' title="bbox 111 272 269 327">
    <p class='ocr_par' dir='ltr' id='par_1_1' title="bbox 111 272 269 327">
     <span class='ocr_line' id='line_1_1' title="bbox 111 272 269 327; baseline -0.013 0"><span class='ocrx_word' id='word_1_1' title='bbox 111 272 197 327; x_wconf 73' lang='grc'>765</span> <span class='ocrx_word' id='word_1_2' title='bbox 264 294 269 299; x_wconf 55' lang='grc' dir='ltr'><strong><em>ο</em></strong></span> 
     </span>
    </p>
   </div>
   <div class='ocr_carea' id='block_1_2' title="bbox 635 236 2687 309">
    <p class='ocr_par' dir='ltr' id='par_1_2' title="bbox 635 236 2687 309">
     <span class='ocr_line' id='line_1_2' title="bbox 635 236 2687 309; baseline -0.009 0"><span class='ocrx_word' id='word_1_3' title='bbox 635 250 1015 309; x_wconf 79' lang='lat' dir='ltr'>EXPOSITIO</span> <span class='ocrx_word' id='word_1_4' title='bbox 1057 251 1133 304; x_wconf 80' lang='grc' dir='ltr'>ΙΝ</span> <span class='ocrx_word' id='word_1_5' title='bbox 1172 247 1325 306; x_wconf 87' lang='grc' dir='ltr'>ΕΡΡ.</span> <span class='ocrx_word' id='word_1_6' title='bbox 1369 247 1426 301; x_wconf 79' lang='lat' dir='ltr'>S.</span> <span class='ocrx_word' id='word_1_7' title='bbox 1480 241 1712 299; x_wconf 66' lang='lat' dir='ltr'>PAULI.</span> <span class='ocrx_word' id='word_1_8' title='bbox 1754 268 1825 282; x_wconf 91' lang='lat'><strong>—</strong></span> <span class='ocrx_word' id='word_1_9' title='bbox 1864 239 1939 295; x_wconf 87' lang='lat' dir='ltr'><strong>IN</strong></span> <span class='ocrx_word' id='word_1_10' title='bbox 1981 238 2206 297; x_wconf 86' lang='lat' dir='ltr'>EPIST.</span> <span class='ocrx_word' id='word_1_11' title='bbox 2246 238 2341 292; x_wconf 85' lang='lat' dir='ltr'>AD</span> <span class='ocrx_word' id='word_1_12' title='bbox 2382 236 2687 292; x_wconf 80' lang='lat' dir='ltr'>PHILIPP.</span> 
     </span>
    </p>
   </div>
   <div class='ocr_carea' id='block_1_3' title="bbox 3232 239 3334 295">
    <p class='ocr_par' dir='ltr' id='par_1_3' title="bbox 3232 239 3334 295">
     <span class='ocr_line' id='line_1_3' title="bbox 3232 239 3334 295; baseline -0.01 0"><span class='ocrx_word' id='word_1_13' title='bbox 3232 239 3334 295; x_wconf 73' lang='grc'>746</span> 
     </span>
    </p>
   </div>
   <div class='ocr_carea' id='block_1_4' title="bbox 108 366 3337 459">
    <p class='ocr_par' dir='ltr' id='par_1_4' title="bbox 108 366 3337 459">
     <span class='ocr_line' id='line_1_4' title="bbox 108 366 3337 459; baseline -0.017 -13"><span class='ocrx_word' id='word_1_14' title='bbox 108 393 174 448; x_wconf 85' lang='lat' dir='ltr'>illi</span> <span class='ocrx_word' id='word_1_15' title='bbox 197 385 408 459; x_wconf 70' lang='lat' dir='ltr'>implere</span> <span class='ocrx_word' id='word_1_16' title='bbox 454 379 847 451; x_wconf 88' lang='lat' dir='ltr'>nequiverunt,</span> <span class='ocrx_word' id='word_1_17' title='bbox 893 376 1046 430; x_wconf 87' lang='lat' dir='ltr'>solus</span> <span class='ocrx_word' id='word_1_18' title='bbox 1084 366 1915 459; x_wconf 33' lang='lat' dir='ltr'>EpaphroditusuviceAque,”</span> <span class='ocrx_word' id='word_1_19' title='bbox 1943 381 2243 435; x_wconf 51' lang='lat' dir='ltr'>Ecclesiam</span> <span class='ocrx_word' id='word_1_20' title='bbox 2273 380 2394 435; x_wconf 45' lang='lat' dir='ltr'>Dei.</span> <span class='ocrx_word' id='word_1_21' title='bbox 2435 378 2556 444; x_wconf 55' lang='lat' dir='ltr'>Fui,</span> <span class='ocrx_word' id='word_1_22' title='bbox 2591 378 2794 449; x_wconf 54' lang='lat' dir='ltr'>inquit,</span> <span class='ocrx_word' id='word_1_23' title='bbox 2843 380 3037 435; x_wconf 56' lang='lat' dir='ltr'>doctor</span> <span class='ocrx_word' id='word_1_24' title='bbox 3074 379 3232 452; x_wconf 54' lang='lat' dir='ltr'>legis,</span> <span class='ocrx_word' id='word_1_25' title='bbox 3278 387 3337 437; x_wconf 59' lang='lat' dir='ltr'><strong>et</strong></span> 
     </span>
    </p>
   </div>
   <div class='ocr_carea' id='block_1_5' title="bbox 105 455 1657 540">
    <p class='ocr_par' dir='ltr' id='par_1_5' title="bbox 105 455 1657 540">
     <span class='ocr_line' id='line_1_5' title="bbox 105 455 1657 540; baseline -0.017 -5"><span class='ocrx_word' id='word_1_26' title='bbox 105 455 297 536; x_wconf 84' lang='lat' dir='ltr'>illorum</span> <span class='ocrx_word' id='word_1_27' title='bbox 341 479 531 527; x_wconf 87' lang='lat' dir='ltr'>contra</span> <span class='ocrx_word' id='word_1_28' title='bbox 558 470 835 540; x_wconf 81' lang='lat' dir='ltr'>praecepta</span> <span class='ocrx_word' id='word_1_29' title='bbox 861 460 1218 535; x_wconf 82' lang='lat' dir='ltr'>imperatoris</span> <span class='ocrx_word' id='word_1_30' title='bbox 1235 458 1469 514; x_wconf 79' lang='lat' dir='ltr'>adhaesit</span> <span class='ocrx_word' id='word_1_31' title='bbox 1499 456 1582 510; x_wconf 90' lang='lat' dir='ltr'>illi</span> <span class='ocrx_word' id='word_1_32' title='bbox 1599 455 1657 510; x_wconf 91' lang='lat' dir='ltr'>in</span> 
     </span>
    </p>
   </div>
   <div class='ocr_carea' id='block_1_6' title="bbox 106 548 1661 631">
    <p class='ocr_par' dir='ltr' id='par_1_6' title="bbox 106 548 1661 631">
     <span class='ocr_line' id='line_1_6' title="bbox 106 548 1661 631; baseline -0.018 -5"><span class='ocrx_word' id='word_1_33' title='bbox 106 580 311 629; x_wconf 79' lang='lat' dir='ltr'>carcere,</span> <span class='ocrx_word' id='word_1_34' title='bbox 326 567 378 614; x_wconf 91' lang='lat' dir='ltr'>et</span> <span class='ocrx_word' id='word_1_35' title='bbox 401 556 713 631; x_wconf 87' lang='lat' dir='ltr'>procuravit</span> <span class='ocrx_word' id='word_1_36' title='bbox 742 554 824 609; x_wconf 90' lang='lat' dir='ltr'>illi</span> <span class='ocrx_word' id='word_1_37' title='bbox 854 554 1061 607; x_wconf 90' lang='lat' dir='ltr'>victum</span> <span class='ocrx_word' id='word_1_38' title='bbox 1085 556 1143 605; x_wconf 90' lang='lat' dir='ltr'>et</span> <span class='ocrx_word' id='word_1_39' title='bbox 1165 548 1580 607; x_wconf 82' lang='lat' dir='ltr'>vestimentum,</span> <span class='ocrx_word' id='word_1_40' title='bbox 1604 549 1661 598; x_wconf 87' lang='lat' dir='ltr'>et</span> 
     </span>
    </p>
   </div>
   <div class='ocr_carea' id='block_1_7' title="bbox 106 632 1659 725">
    <p class='ocr_par' dir='ltr' id='par_1_7' title="bbox 106 632 1659 725">
     <span class='ocr_line' id='line_1_7' title="bbox 106 632 1659 725; baseline -0.016 -14"><span class='ocrx_word' id='word_1_41' title='bbox 106 659 303 725; x_wconf 84' lang='lat' dir='ltr'>insuper</span> <span class='ocrx_word' id='word_1_42' title='bbox 326 648 501 704; x_wconf 88' lang='lat' dir='ltr'>socius</span> <span class='ocrx_word' id='word_1_43' title='bbox 529 645 638 700; x_wconf 91' lang='lat' dir='ltr'>fuit</span> <span class='ocrx_word' id='word_1_44' title='bbox 662 640 1095 715; x_wconf 65' lang='lat' dir='ltr'>praedicationis.</span> <span class='ocrx_word' id='word_1_45' title='bbox 1123 638 1226 694; x_wconf 81' lang='lat' dir='ltr'>Hic</span> <span class='ocrx_word' id='word_1_46' title='bbox 1256 653 1389 706; x_wconf 85' lang='lat' dir='ltr'>ergo</span> <span class='ocrx_word' id='word_1_47' title='bbox 1427 632 1659 689; x_wconf 82' lang='lat' dir='ltr'>tradidit</span> 
     </span>
    </p>
   </div>
   <div class='ocr_carea' id='block_1_8' title="bbox 107 726 1661 805">
    <p class='ocr_par' dir='ltr' id='par_1_8' title="bbox 107 726 1661 805">
     <span class='ocr_line' id='line_1_8' title="bbox 107 726 1661 805; baseline -0.015 -7"><span class='ocrx_word' id='word_1_48' title='bbox 107 744 318 800; x_wconf 85' lang='lat' dir='ltr'>animam</span> <span class='ocrx_word' id='word_1_49' title='bbox 345 750 500 791; x_wconf 87' lang='lat' dir='ltr'>suam</span> <span class='ocrx_word' id='word_1_50' title='bbox 522 733 772 805; x_wconf 90' lang='lat' dir='ltr'>periculo</span> <span class='ocrx_word' id='word_1_51' title='bbox 802 729 1021 793; x_wconf 87' lang='lat' dir='ltr'>mortis,</span> <span class='ocrx_word' id='word_1_52' title='bbox 1057 726 1190 799; x_wconf 90' lang='lat' dir='ltr'>quia</span> <span class='ocrx_word' id='word_1_53' title='bbox 1218 730 1413 780; x_wconf 89' lang='lat' dir='ltr'>contra</span> <span class='ocrx_word' id='word_1_54' title='bbox 1460 737 1661 794; x_wconf 69' lang='lat' dir='ltr'>prisce-</span> 
     </span>
    </p>
   </div>
   <div class='ocr_carea' id='block_1_9' title="bbox 110 813 1663 903">
    <p class='ocr_par' dir='ltr' id='par_1_9' title="bbox 110 813 1663 903">
     <span class='ocr_line' id='line_1_9' title="bbox 110 813 1663 903; baseline -0.013 -18"><span class='ocrx_word' id='word_1_55' title='bbox 110 838 241 903; x_wconf 86' lang='lat' dir='ltr'>ptum</span> <span class='ocrx_word' id='word_1_56' title='bbox 267 822 610 897; x_wconf 83' lang='lat' dir='ltr'>imperatoris</span> <span class='ocrx_word' id='word_1_57' title='bbox 639 819 872 875; x_wconf 89' lang='lat' dir='ltr'>accessit</span> <span class='ocrx_word' id='word_1_58' title='bbox 911 818 983 872; x_wconf 84' lang='lat' dir='ltr'>ad</span> <span class='ocrx_word' id='word_1_59' title='bbox 1010 816 1191 881; x_wconf 88' lang='lat' dir='ltr'>illum,</span> <span class='ocrx_word' id='word_1_60' title='bbox 1223 820 1289 869; x_wconf 89' lang='lat' dir='ltr'>ut</span> <span class='ocrx_word' id='word_1_61' title='bbox 1317 813 1577 903; x_wconf 82' lang='lat' dir='ltr'>diximus,</span> <span class='ocrx_word' id='word_1_62' title='bbox 1606 818 1663 903; x_wconf 85' lang='lat' dir='ltr'>et</span> 
     </span>
    </p>
   </div>
   <div class='ocr_carea' id='block_1_10' title="bbox 110 901 1662 985">
    <p class='ocr_par' dir='ltr' id='par_1_10' title="bbox 110 901 1662 985">
     <span class='ocr_line' id='line_1_10' title="bbox 110 901 1662 985; baseline -0.013 -11"><span class='ocrx_word' id='word_1_63' title='bbox 110 901 156 975; x_wconf 86' lang='lat' dir='ltr'>in</span> <span class='ocrx_word' id='word_1_64' title='bbox 184 920 272 972; x_wconf 87' lang='lat' dir='ltr'>hoc</span> <span class='ocrx_word' id='word_1_65' title='bbox 311 912 450 985; x_wconf 91' lang='lat' dir='ltr'>quod</span> <span class='ocrx_word' id='word_1_66' title='bbox 497 911 549 965; x_wconf 90' lang='lat' dir='ltr'>ei</span> <span class='ocrx_word' id='word_1_67' title='bbox 598 906 953 973; x_wconf 84' lang='lat' dir='ltr'>ministravit,</span> <span class='ocrx_word' id='word_1_68' title='bbox 1006 904 1260 976; x_wconf 90' lang='lat' dir='ltr'>implevit</span> <span class='ocrx_word' id='word_1_69' title='bbox 1287 902 1436 973; x_wconf 91' lang='lat' dir='ltr'>quod</span> <span class='ocrx_word' id='word_1_70' title='bbox 1473 918 1539 956; x_wconf 82' lang='lat' dir='ltr'>ex</span> <span class='ocrx_word' id='word_1_71' title='bbox 1583 901 1662 956; x_wconf 90' lang='lat' dir='ltr'>eis</span> 
     </span>
    </p>
   </div>
   <div class='ocr_carea' id='block_1_11' title="bbox 110 990 1661 1072">
    <p class='ocr_par' dir='ltr' id='par_1_11' title="bbox 110 990 1661 1072">
     <span class='ocr_line' id='line_1_11' title="bbox 110 990 1661 1072; baseline -0.013 -10"><span class='ocrx_word' id='word_1_72' title='bbox 110 1008 286 1069; x_wconf 84' lang='lat' dir='ltr'>deerat,</span> <span class='ocrx_word' id='word_1_73' title='bbox 310 1000 435 1072; x_wconf 84' lang='lat' dir='ltr'>quia</span> <span class='ocrx_word' id='word_1_74' title='bbox 459 997 607 1070; x_wconf 90' lang='lat' dir='ltr'>quod</span> <span class='ocrx_word' id='word_1_75' title='bbox 632 997 713 1051; x_wconf 89' lang='lat' dir='ltr'>illi</span> <span class='ocrx_word' id='word_1_76' title='bbox 738 995 1051 1050; x_wconf 81' lang='lat' dir='ltr'>debuerant</span> <span class='ocrx_word' id='word_1_77' title='bbox 1069 1008 1257 1063; x_wconf 87' lang='lat' dir='ltr'>agere,</span> <span class='ocrx_word' id='word_1_78' title='bbox 1278 992 1397 1062; x_wconf 89' lang='lat' dir='ltr'>ipse</span> <span class='ocrx_word' id='word_1_79' title='bbox 1427 990 1557 1044; x_wconf 89' lang='lat' dir='ltr'>fecit</span> <span class='ocrx_word' id='word_1_80' title='bbox 1584 990 1661 1044; x_wconf 89' lang='lat' dir='ltr'>si-</span> 
     </span>
    </p>
   </div>
   <div class='ocr_carea' id='block_1_12' title="bbox 113 1077 1663 1163">
    <p class='ocr_par' dir='ltr' id='par_1_12' title="bbox 113 1077 1663 1163">
     <span class='ocr_line' id='line_1_12' title="bbox 113 1077 1663 1163; baseline -0.012 -12"><span class='ocrx_word' id='word_1_81' title='bbox 113 1100 191 1151; x_wconf 88' lang='lat' dir='ltr'>cut</span> <span class='ocrx_word' id='word_1_82' title='bbox 213 1088 491 1163; x_wconf 83' lang='lat' dir='ltr'>Apostolus</span> <span class='ocrx_word' id='word_1_83' title='bbox 520 1086 786 1141; x_wconf 82' lang='lat' dir='ltr'>declarat.</span> <span class='ocrx_word' id='word_1_84' title='bbox 818 1084 894 1139; x_wconf 92' lang='lat' dir='ltr'>Ut</span> <span class='ocrx_word' id='word_1_85' title='bbox 930 1082 1190 1154; x_wconf 85' lang='lat' dir='ltr'>impleret</span> <span class='ocrx_word' id='word_1_86' title='bbox 1215 1080 1363 1151; x_wconf 85' lang='lat' dir='ltr'>quod</span> <span class='ocrx_word' id='word_1_87' title='bbox 1405 1096 1469 1133; x_wconf 81' lang='lat' dir='ltr'>ex</span> <span class='ocrx_word' id='word_1_88' title='bbox 1513 1077 1663 1133; x_wconf 90' lang='lat' dir='ltr'>vobis</span> 
     </span>
    </p>
   </div>
   <div class='ocr_carea' id='block_1_13' title="bbox 112 1168 1666 1246">
    <p class='ocr_par' dir='ltr' id='par_1_13' title="bbox 112 1168 1666 1246">
     <span class='ocr_line' id='line_1_13' title="bbox 112 1168 1666 1246; baseline -0.011 -8"><span class='ocrx_word' id='word_1_89' title='bbox 112 1185 291 1246; x_wconf 84' lang='lat' dir='ltr'>deerat,</span> <span class='ocrx_word' id='word_1_90' title='bbox 309 1178 360 1233; x_wconf 89' lang='lat' dir='ltr'>id</span> <span class='ocrx_word' id='word_1_91' title='bbox 392 1182 477 1232; x_wconf 89' lang='lat' dir='ltr'>est</span> <span class='ocrx_word' id='word_1_92' title='bbox 498 1174 646 1246; x_wconf 90' lang='lat' dir='ltr'>quod</span> <span class='ocrx_word' id='word_1_93' title='bbox 668 1191 763 1227; x_wconf 92' lang='lat' dir='ltr'>vos</span> <span class='ocrx_word' id='word_1_94' title='bbox 783 1189 895 1227; x_wconf 92' lang='lat' dir='ltr'>non</span> <span class='ocrx_word' id='word_1_95' title='bbox 921 1170 1191 1243; x_wconf 82' lang='lat' dir='ltr'>poteratis</span> <span class='ocrx_word' id='word_1_96' title='bbox 1224 1168 1455 1236; x_wconf 90' lang='lat' dir='ltr'>implere</span> <span class='ocrx_word' id='word_1_97' title='bbox 1484 1168 1666 1238; x_wconf 89' lang='lat' dir='ltr'>impe-</span> 
     </span>
    </p>
   </div>
   <div class='ocr_carea' id='block_1_14' title="bbox 114 1256 1658 1337">
    <p class='ocr_par' dir='ltr' id='par_1_14' title="bbox 114 1256 1658 1337">
     <span class='ocr_line' id='line_1_14' title="bbox 114 1256 1658 1337; baseline -0.012 -10"><span class='ocrx_word' id='word_1_98' title='bbox 114 1272 268 1327; x_wconf 89' lang='lat' dir='ltr'>diente</span> <span class='ocrx_word' id='word_1_99' title='bbox 287 1264 631 1337; x_wconf 78' lang='lat' dir='ltr'>longitudine</span> <span class='ocrx_word' id='word_1_100' title='bbox 661 1268 962 1327; x_wconf 82' lang='lat' dir='ltr'>terrarum,</span> <span class='ocrx_word' id='word_1_101' title='bbox 982 1260 1073 1331; x_wconf 90' lang='lat' dir='ltr'>ipe</span> <span class='ocrx_word' id='word_1_102' title='bbox 1095 1274 1194 1330; x_wconf 91' lang='lat' dir='ltr'>pro</span> <span class='ocrx_word' id='word_1_103' title='bbox 1221 1256 1658 1327; x_wconf 90' lang='lat' dir='ltr'>vobisimplevit.</span> 
     </span>
    </p>
   </div>
   <div class='ocr_carea' id='block_1_15' title="bbox 691 1402 1059 1460">
    <p class='ocr_par' dir='ltr' id='par_1_15' title="bbox 691 1402 1059 1460">
     <span class='ocr_line' id='line_1_15' title="bbox 691 1402 1059 1460; baseline -0.014 0"><span class='ocrx_word' id='word_1_104' title='bbox 691 1403 925 1460; x_wconf 85' lang='lat' dir='ltr'>CAPUT</span> <span class='ocrx_word' id='word_1_105' title='bbox 960 1402 1059 1457; x_wconf 87' lang='lat' dir='ltr'>III.</span> 
     </span>
    </p>
   </div>
   <div class='ocr_carea' id='block_1_16' title="bbox 170 1510 1669 1598">
    <p class='ocr_par' dir='ltr' id='par_1_16' title="bbox 170 1510 1669 1598">
     <span class='ocr_line' id='line_1_16' title="bbox 170 1510 1669 1598; baseline -0.011 -7"><span class='ocrx_word' id='word_1_106' title='bbox 170 1510 237 1592; x_wconf 70' lang='lat' dir='ltr'>De</span> <span class='ocrx_word' id='word_1_107' title='bbox 260 1540 453 1598; x_wconf 58' lang='lat' dir='ltr'>cetera,</span> <span class='ocrx_word' id='word_1_108' title='bbox 493 1531 550 1585; x_wconf 92' lang='lat' dir='ltr'>id</span> <span class='ocrx_word' id='word_1_109' title='bbox 581 1534 663 1585; x_wconf 86' lang='lat' dir='ltr'>est</span> <span class='ocrx_word' id='word_1_110' title='bbox 694 1528 974 1598; x_wconf 86' lang='lat' dir='ltr'>deinceps,</span> <span class='ocrx_word' id='word_1_111' title='bbox 998 1531 1054 1581; x_wconf 91' lang='lat' dir='ltr'>et</span> <span class='ocrx_word' id='word_1_112' title='bbox 1078 1529 1279 1597; x_wconf 68' lang='lat' dir='ltr'>praeter</span> <span class='ocrx_word' id='word_1_113' title='bbox 1304 1523 1403 1578; x_wconf 90' lang='lat' dir='ltr'>illa</span> <span class='ocrx_word' id='word_1_114' title='bbox 1427 1537 1549 1593; x_wconf 66' lang='lat' dir='ltr'>quae</span> <span class='ocrx_word' id='word_1_115' title='bbox 1579 1536 1669 1575; x_wconf 91' lang='lat' dir='ltr'>su-</span> 
     </span>
    </p>
   </div>
   <div class='ocr_carea' id='block_1_17' title="bbox 116 1611 1669 1696">
    <p class='ocr_par' dir='ltr' id='par_1_17' title="bbox 116 1611 1669 1696">
     <span class='ocr_line' id='line_1_17' title="bbox 116 1611 1669 1696; baseline -0.011 -17"><span class='ocrx_word' id='word_1_116' title='bbox 116 1624 271 1696; x_wconf 87' lang='lat' dir='ltr'>perius</span> <span class='ocrx_word' id='word_1_117' title='bbox 299 1622 441 1676; x_wconf 87' lang='lat' dir='ltr'>dicta</span> <span class='ocrx_word' id='word_1_118' title='bbox 473 1624 625 1683; x_wconf 91' lang='lat' dir='ltr'>sunt,</span> <span class='ocrx_word' id='word_1_119' title='bbox 650 1621 856 1685; x_wconf 79' lang='lat' dir='ltr'>fratres</span> <span class='ocrx_word' id='word_1_120' title='bbox 878 1619 986 1669; x_wconf 90' lang='lat' dir='ltr'>mei</span> <span class='ocrx_word' id='word_1_121' title='bbox 1015 1618 1070 1668; x_wconf 91' lang='lat' dir='ltr'>in</span> <span class='ocrx_word' id='word_1_122' title='bbox 1093 1614 1201 1668; x_wconf 90' lang='lat' dir='ltr'>ﬁde</span> <span class='ocrx_word' id='word_1_123' title='bbox 1217 1613 1448 1681; x_wconf 84' lang='lat' dir='ltr'>gaudete</span> <span class='ocrx_word' id='word_1_124' title='bbox 1474 1615 1537 1664; x_wconf 88' lang='lat' dir='ltr'>in</span> <span class='ocrx_word' id='word_1_125' title='bbox 1564 1611 1669 1663; x_wconf 85' lang='lat'>[)0-</span> 
     </span>
    </p>
   </div>
   <div class='ocr_carea' id='block_1_18' title="bbox 1740 466 3342 541">
    <p class='ocr_par' dir='ltr' id='par_1_18' title="bbox 1740 466 3342 541">
     <span class='ocr_line' id='line_1_18' title="bbox 1740 466 3342 541; baseline 0 -18"><span class='ocrx_word' id='word_1_126' title='bbox 1740 474 1971 541; x_wconf 90' lang='lat' dir='ltr'>propter</span> <span class='ocrx_word' id='word_1_127' title='bbox 1999 467 2250 523; x_wconf 87' lang='lat' dir='ltr'>studium</span> <span class='ocrx_word' id='word_1_128' title='bbox 2272 472 2329 521; x_wconf 92' lang='lat' dir='ltr'>et</span> <span class='ocrx_word' id='word_1_129' title='bbox 2356 482 2605 521; x_wconf 90' lang='lat' dir='ltr'>amorem</span> <span class='ocrx_word' id='word_1_130' title='bbox 2636 466 2965 539; x_wconf 65' lang='lat' dir='ltr'>Synagoga,</span> <span class='ocrx_word' id='word_1_131' title='bbox 2999 485 3167 541; x_wconf 90' lang='lat' dir='ltr'>quam</span> <span class='ocrx_word' id='word_1_132' title='bbox 3194 468 3342 524; x_wconf 89' lang='lat' dir='ltr'>vole-</span> 
     </span>
    </p>
   </div>
   <div class='ocr_carea' id='block_1_19' title="bbox 1740 553 3341 628">
    <p class='ocr_par' dir='ltr' id='par_1_19' title="bbox 1740 553 3341 628">
     <span class='ocr_line' id='line_1_19' title="bbox 1740 553 3341 628; baseline 0.001 -17"><span class='ocrx_word' id='word_1_133' title='bbox 1740 557 1871 611; x_wconf 88' lang='lat' dir='ltr'>bam</span> <span class='ocrx_word' id='word_1_134' title='bbox 1901 562 2168 623; x_wconf 87' lang='lat' dir='ltr'>statuere,</span> <span class='ocrx_word' id='word_1_135' title='bbox 2202 554 2580 628; x_wconf 86' lang='lat' dir='ltr'>persequebar</span> <span class='ocrx_word' id='word_1_136' title='bbox 2609 553 2909 610; x_wconf 89' lang='lat' dir='ltr'>Ecclesiam</span> <span class='ocrx_word' id='word_1_137' title='bbox 2941 556 3059 612; x_wconf 91' lang='lat' dir='ltr'>Dei.</span> <span class='ocrx_word' id='word_1_138' title='bbox 3079 557 3341 613; x_wconf 68' lang='lat' dir='ltr'>Emulus</span> 
     </span>
    </p>
   </div>
   <div class='ocr_carea' id='block_1_20' title="bbox 1743 638 3341 712">
    <p class='ocr_par' dir='ltr' id='par_1_20' title="bbox 1743 638 3341 712">
     <span class='ocr_line' id='line_1_20' title="bbox 1743 638 3341 712; baseline 0.001 -13"><span class='ocrx_word' id='word_1_139' title='bbox 1743 644 1968 709; x_wconf 88' lang='lat' dir='ltr'>dicitur,</span> <span class='ocrx_word' id='word_1_140' title='bbox 1994 643 2216 699; x_wconf 86' lang='lat' dir='ltr'>invidus</span> <span class='ocrx_word' id='word_1_141' title='bbox 2246 648 2303 698; x_wconf 89' lang='lat' dir='ltr'>et</span> <span class='ocrx_word' id='word_1_142' title='bbox 2329 643 2602 705; x_wconf 86' lang='lat' dir='ltr'>imitator,</span> <span class='ocrx_word' id='word_1_143' title='bbox 2633 647 2691 697; x_wconf 92' lang='lat' dir='ltr'>et</span> <span class='ocrx_word' id='word_1_144' title='bbox 2716 638 3022 712; x_wconf 71' lang='lat' dir='ltr'>studiosus,</span> <span class='ocrx_word' id='word_1_145' title='bbox 3040 644 3139 699; x_wconf 89' lang='lat' dir='ltr'>sed</span> <span class='ocrx_word' id='word_1_146' title='bbox 3154 645 3213 700; x_wconf 91' lang='lat' dir='ltr'>in</span> <span class='ocrx_word' id='word_1_147' title='bbox 3234 644 3341 701; x_wconf 89' lang='lat' dir='ltr'>hoc</span> 
     </span>
    </p>
   </div>
   <div class='ocr_carea' id='block_1_21' title="bbox 1741 729 3337 804">
    <p class='ocr_par' dir='ltr' id='par_1_21' title="bbox 1741 729 3337 804">
     <span class='ocr_line' id='line_1_21' title="bbox 1741 729 3337 804; baseline 0.002 -20"><span class='ocrx_word' id='word_1_148' title='bbox 1741 730 1862 785; x_wconf 92' lang='lat' dir='ltr'>loco</span> <span class='ocrx_word' id='word_1_149' title='bbox 1899 747 2003 802; x_wconf 91' lang='lat' dir='ltr'>pro</span> <span class='ocrx_word' id='word_1_150' title='bbox 2030 730 2283 786; x_wconf 91' lang='lat' dir='ltr'>studioso</span> <span class='ocrx_word' id='word_1_151' title='bbox 2319 730 2566 801; x_wconf 82' lang='lat' dir='ltr'>ponitur.</span> <span class='ocrx_word' id='word_1_152' title='bbox 2602 729 2807 785; x_wconf 86' lang='lat' dir='ltr'>Beatus</span> <span class='ocrx_word' id='word_1_153' title='bbox 2850 748 2983 802; x_wconf 89' lang='lat' dir='ltr'>ergo</span> <span class='ocrx_word' id='word_1_154' title='bbox 3034 732 3337 804; x_wconf 83' lang='lat' dir='ltr'>Apostolus</span> 
     </span>
    </p>
   </div>
   <div class='ocr_carea' id='block_1_22' title="bbox 1744 818 3344 891">
    <p class='ocr_par' dir='ltr' id='par_1_22' title="bbox 1744 818 3344 891">
     <span class='ocr_line' id='line_1_22' title="bbox 1744 818 3344 891; baseline 0.002 -19"><span class='ocrx_word' id='word_1_155' title='bbox 1744 818 2029 874; x_wconf 88' lang='lat' dir='ltr'>studiosus</span> <span class='ocrx_word' id='word_1_156' title='bbox 2049 818 2343 874; x_wconf 65' lang='lat' dir='ltr'>mmulator</span> <span class='ocrx_word' id='word_1_157' title='bbox 2362 818 2469 873; x_wconf 89' lang='lat' dir='ltr'>fuit</span> <span class='ocrx_word' id='word_1_158' title='bbox 2499 818 2555 871; x_wconf 91' lang='lat' dir='ltr'>in</span> <span class='ocrx_word' id='word_1_159' title='bbox 2594 819 2736 889; x_wconf 83' lang='lat' dir='ltr'>lege,</span> <span class='ocrx_word' id='word_1_160' title='bbox 2766 820 2956 874; x_wconf 90' lang='lat' dir='ltr'>volens</span> <span class='ocrx_word' id='word_1_161' title='bbox 2987 820 3344 891; x_wconf 88' lang='lat' dir='ltr'>Synagogam</span> 
     </span>
    </p>
   </div>
   <div class='ocr_carea' id='block_1_23' title="bbox 1744 900 3344 980">
    <p class='ocr_par' dir='ltr' id='par_1_23' title="bbox 1744 900 3344 980">
     <span class='ocr_line' id='line_1_23' title="bbox 1744 900 3344 980; baseline 0.002 -19"><span class='ocrx_word' id='word_1_162' title='bbox 1744 900 2012 975; x_wconf 86' lang='lat' dir='ltr'>statuere,</span> <span class='ocrx_word' id='word_1_163' title='bbox 2044 912 2109 963; x_wconf 90' lang='lat' dir='ltr'>ut</span> <span class='ocrx_word' id='word_1_164' title='bbox 2139 908 2442 962; x_wconf 87' lang='lat' dir='ltr'>Ecclesiam</span> <span class='ocrx_word' id='word_1_165' title='bbox 2490 907 2591 961; x_wconf 90' lang='lat' dir='ltr'>Dei</span> <span class='ocrx_word' id='word_1_166' title='bbox 2638 909 2926 964; x_wconf 84' lang='lat' dir='ltr'>destruere</span> <span class='ocrx_word' id='word_1_167' title='bbox 2958 909 3344 980; x_wconf 88' lang='lat' dir='ltr'>persequendo</span> 
     </span>
    </p>
   </div>
   <div class='ocr_carea' id='block_1_24' title="bbox 1744 995 3347 1066">
    <p class='ocr_par' dir='ltr' id='par_1_24' title="bbox 1744 995 3347 1066">
     <span class='ocr_line' id='line_1_24' title="bbox 1744 995 3347 1066; baseline 0.001 -16"><span class='ocrx_word' id='word_1_168' title='bbox 1744 1001 1985 1051; x_wconf 86' lang='lat' dir='ltr'>sanctos.</span> <span class='ocrx_word' id='word_1_169' title='bbox 2007 996 2323 1051; x_wconf 88' lang='lat' dir='ltr'>Secundum</span> <span class='ocrx_word' id='word_1_170' title='bbox 2343 995 2497 1048; x_wconf 90' lang='lat' dir='ltr'>illam</span> <span class='ocrx_word' id='word_1_171' title='bbox 2507 999 2678 1063; x_wconf 84' lang='lat' dir='ltr'>justit</span> <span class='ocrx_word' id='word_1_172' title='bbox 2690 1000 2799 1050; x_wconf 85' lang='lat' dir='ltr'>iam</span> <span class='ocrx_word' id='word_1_173' title='bbox 2821 1014 2938 1066; x_wconf 64' lang='lat' dir='ltr'>qua?</span> <span class='ocrx_word' id='word_1_174' title='bbox 2958 1000 3020 1051; x_wconf 85' lang='lat' dir='ltr'>in</span> <span class='ocrx_word' id='word_1_175' title='bbox 3044 1001 3153 1065; x_wconf 82' lang='lat' dir='ltr'>lege</span> <span class='ocrx_word' id='word_1_176' title='bbox 3168 1003 3263 1051; x_wconf 89' lang='lat' dir='ltr'>est.</span> <span class='ocrx_word' id='word_1_177' title='bbox 3286 997 3347 1053; x_wconf 87' lang='lat' dir='ltr'>Si</span> 
     </span>
    </p>
   </div>
   <div class='ocr_carea' id='block_1_25' title="bbox 1744 1083 3345 1156">
    <p class='ocr_par' dir='ltr' id='par_1_25' title="bbox 1744 1083 3345 1156">
     <span class='ocr_line' id='line_1_25' title="bbox 1744 1083 3345 1156; baseline 0.001 -17"><span class='ocrx_word' id='word_1_178' title='bbox 1744 1085 1936 1156; x_wconf 89' lang='lat' dir='ltr'>aliqua</span> <span class='ocrx_word' id='word_1_179' title='bbox 1955 1084 2179 1155; x_wconf 89' lang='lat' dir='ltr'>justitia</span> <span class='ocrx_word' id='word_1_180' title='bbox 2205 1084 2370 1138; x_wconf 90' lang='lat' dir='ltr'>modo</span> <span class='ocrx_word' id='word_1_181' title='bbox 2401 1084 2460 1137; x_wconf 91' lang='lat' dir='ltr'>in</span> <span class='ocrx_word' id='word_1_182' title='bbox 2479 1083 2598 1153; x_wconf 87' lang='lat' dir='ltr'>lege</span> <span class='ocrx_word' id='word_1_183' title='bbox 2627 1091 2731 1149; x_wconf 81' lang='lat' dir='ltr'>est,</span> <span class='ocrx_word' id='word_1_184' title='bbox 2755 1085 3345 1152; x_wconf 84' lang='lat' dir='ltr'>conversatus,subau-</span> 
     </span>
    </p>
   </div>
   <div class='ocr_carea' id='block_1_26' title="bbox 1747 1172 3346 1243">
    <p class='ocr_par' dir='ltr' id='par_1_26' title="bbox 1747 1172 3346 1243">
     <span class='ocr_line' id='line_1_26' title="bbox 1747 1172 3346 1243; baseline 0.001 -16"><span class='ocrx_word' id='word_1_185' title='bbox 1747 1173 1834 1227; x_wconf 88' lang='lat' dir='ltr'>dis</span> <span class='ocrx_word' id='word_1_186' title='bbox 1856 1173 1966 1227; x_wconf 80' lang='lat' dir='ltr'>vixi</span> <span class='ocrx_word' id='word_1_187' title='bbox 1996 1172 2118 1227; x_wconf 84' lang='lat' dir='ltr'>sine</span> <span class='ocrx_word' id='word_1_188' title='bbox 2146 1172 2380 1227; x_wconf 87' lang='lat' dir='ltr'>crimine</span> <span class='ocrx_word' id='word_1_189' title='bbox 2410 1177 2468 1226; x_wconf 91' lang='lat' dir='ltr'>et</span> <span class='ocrx_word' id='word_1_190' title='bbox 2497 1172 2617 1225; x_wconf 82' lang='lat' dir='ltr'>sine</span> <span class='ocrx_word' id='word_1_191' title='bbox 2647 1172 3104 1243; x_wconf 87' lang='lat' dir='ltr'>reprehensione,</span> <span class='ocrx_word' id='word_1_192' title='bbox 3124 1178 3189 1229; x_wconf 88' lang='lat' dir='ltr'>ut</span> <span class='ocrx_word' id='word_1_193' title='bbox 3208 1172 3346 1228; x_wconf 77' lang='lat' dir='ltr'>mihi</span> 
     </span>
    </p>
   </div>
   <div class='ocr_carea' id='block_1_27' title="bbox 1751 1260 3344 1331">
    <p class='ocr_par' dir='ltr' id='par_1_27' title="bbox 1751 1260 3344 1331">
     <span class='ocr_line' id='line_1_27' title="bbox 1751 1260 3344 1331; baseline 0.002 -17"><span class='ocrx_word' id='word_1_194' title='bbox 1751 1261 1932 1316; x_wconf 91' lang='lat' dir='ltr'>visum</span> <span class='ocrx_word' id='word_1_195' title='bbox 1952 1265 2038 1316; x_wconf 89' lang='lat' dir='ltr'>est</span> <span class='ocrx_word' id='word_1_196' title='bbox 2064 1266 2122 1315; x_wconf 92' lang='lat' dir='ltr'>et</span> <span class='ocrx_word' id='word_1_197' title='bbox 2146 1260 2300 1315; x_wconf 87' lang='lat' dir='ltr'>aliis:</span> <span class='ocrx_word' id='word_1_198' title='bbox 2330 1260 2463 1331; x_wconf 88' lang='lat' dir='ltr'>quia</span> <span class='ocrx_word' id='word_1_199' title='bbox 2490 1260 2853 1315; x_wconf 89' lang='lat' dir='ltr'>circumcisus</span> <span class='ocrx_word' id='word_1_200' title='bbox 2880 1275 3006 1316; x_wconf 87' lang='lat' dir='ltr'>sum</span> <span class='ocrx_word' id='word_1_201' title='bbox 3021 1266 3213 1317; x_wconf 90' lang='lat' dir='ltr'>octavo</span> <span class='ocrx_word' id='word_1_202' title='bbox 3230 1262 3344 1330; x_wconf 89' lang='lat' dir='ltr'>die,</span> 
     </span>
    </p>
   </div>
   <div class='ocr_carea' id='block_1_28' title="bbox 1753 1347 3352 1420">
    <p class='ocr_par' dir='ltr' id='par_1_28' title="bbox 1753 1347 3352 1420">
     <span class='ocr_line' id='line_1_28' title="bbox 1753 1347 3352 1420; baseline 0.001 -16"><span class='ocrx_word' id='word_1_203' title='bbox 1753 1357 1805 1404; x_wconf 88' lang='lat' dir='ltr'>et</span> <span class='ocrx_word' id='word_1_204' title='bbox 1837 1348 2266 1420; x_wconf 86' lang='lat' dir='ltr'>quadragesimo</span> <span class='ocrx_word' id='word_1_205' title='bbox 2294 1347 2384 1403; x_wconf 92' lang='lat' dir='ltr'>die</span> <span class='ocrx_word' id='word_1_206' title='bbox 2418 1364 2520 1419; x_wconf 89' lang='lat' dir='ltr'>per</span> <span class='ocrx_word' id='word_1_207' title='bbox 2549 1364 2639 1402; x_wconf 90' lang='lat' dir='ltr'>me</span> <span class='ocrx_word' id='word_1_208' title='bbox 2682 1348 2885 1418; x_wconf 74' lang='lat' dir='ltr'>legalis</span> <span class='ocrx_word' id='word_1_209' title='bbox 2935 1366 3169 1404; x_wconf 84' lang='lat' dir='ltr'>munera</span> <span class='ocrx_word' id='word_1_210' title='bbox 3216 1354 3352 1406; x_wconf 91' lang='lat' dir='ltr'>sunt</span> 
     </span>
    </p>
   </div>
   <div class='ocr_carea' id='block_1_29' title="bbox 1753 1434 3355 1504">
    <p class='ocr_par' dir='ltr' id='par_1_29' title="bbox 1753 1434 3355 1504">
     <span class='ocr_line' id='line_1_29' title="bbox 1753 1434 3355 1504; baseline 0.001 -13"><span class='ocrx_word' id='word_1_211' title='bbox 1753 1436 1960 1503; x_wconf 87' lang='lat' dir='ltr'>oblata,</span> <span class='ocrx_word' id='word_1_212' title='bbox 1985 1441 2042 1491; x_wconf 91' lang='lat' dir='ltr'>et</span> <span class='ocrx_word' id='word_1_213' title='bbox 2060 1435 2407 1502; x_wconf 85' lang='lat' dir='ltr'>festivitates,</span> <span class='ocrx_word' id='word_1_214' title='bbox 2420 1442 2478 1490; x_wconf 91' lang='lat' dir='ltr'>et</span> <span class='ocrx_word' id='word_1_215' title='bbox 2493 1434 2726 1490; x_wconf 89' lang='lat' dir='ltr'>sabbata</span> <span class='ocrx_word' id='word_1_216' title='bbox 2740 1436 3045 1504; x_wconf 83' lang='lat' dir='ltr'>observavi,</span> <span class='ocrx_word' id='word_1_217' title='bbox 3066 1442 3124 1492; x_wconf 91' lang='lat' dir='ltr'>et</span> <span class='ocrx_word' id='word_1_218' title='bbox 3152 1441 3355 1493; x_wconf 63' lang='lat' dir='ltr'>cetera</span> 
     </span>
    </p>
   </div>
   <div class='ocr_carea' id='block_1_30' title="bbox 1753 1524 2504 1595">
    <p class='ocr_par' dir='ltr' id='par_1_30' title="bbox 1753 1524 2504 1595">
     <span class='ocr_line' id='line_1_30' title="bbox 1753 1524 2504 1595; baseline -0.003 -16"><span class='ocrx_word' id='word_1_219' title='bbox 1753 1525 1942 1579; x_wconf 85' lang='lat' dir='ltr'>omnia</span> <span class='ocrx_word' id='word_1_220' title='bbox 1968 1541 2091 1595; x_wconf 65' lang='lat' dir='ltr'>quae</span> <span class='ocrx_word' id='word_1_221' title='bbox 2120 1524 2208 1579; x_wconf 87' lang='lat' dir='ltr'>lex</span> <span class='ocrx_word' id='word_1_222' title='bbox 2236 1524 2504 1595; x_wconf 68' lang='lat' dir='ltr'>praecipit.</span> 
     </span>
    </p>
   </div>
   <div class='ocr_carea' id='block_1_31' title="bbox 1821 1614 3353 1687">
    <p class='ocr_par' dir='ltr' id='par_1_31' title="bbox 1821 1614 3353 1687">
     <span class='ocr_line' id='line_1_31' title="bbox 1821 1614 3353 1687; baseline 0.002 -19"><span class='ocrx_word' id='word_1_223' title='bbox 1821 1614 1926 1669; x_wconf 87' lang='lat' dir='ltr'>Sed</span> <span class='ocrx_word' id='word_1_224' title='bbox 1946 1630 2065 1681; x_wconf 67' lang='lat' dir='ltr'>quae</span> <span class='ocrx_word' id='word_1_225' title='bbox 2085 1614 2231 1666; x_wconf 86' lang='lat' dir='ltr'>mihi</span> <span class='ocrx_word' id='word_1_226' title='bbox 2249 1615 2485 1679; x_wconf 83' lang='lat' dir='ltr'>fuerunt</span> <span class='ocrx_word' id='word_1_227' title='bbox 2509 1616 2687 1679; x_wconf 78' lang='lat' dir='ltr'>lucra,</span> <span class='ocrx_word' id='word_1_228' title='bbox 2712 1614 2816 1668; x_wconf 90' lang='lat' dir='ltr'>hoc</span> <span class='ocrx_word' id='word_1_229' title='bbox 2835 1619 3069 1685; x_wconf 65' lang='lat' dir='ltr'>est,quai</span> <span class='ocrx_word' id='word_1_230' title='bbox 3084 1614 3353 1687; x_wconf 82' lang='lat' dir='ltr'>putabam</span> 
     </span>
    </p>
   </div>
   <div class='ocr_carea' id='block_1_32' title="bbox 117 1697 3358 1781">
    <p class='ocr_par' dir='ltr' id='par_1_32' title="bbox 117 1697 3358 1781">
     <span class='ocr_line' id='line_1_32' title="bbox 117 1697 3358 1781; baseline -0.002 -17"><span class='ocrx_word' id='word_1_231' title='bbox 117 1713 257 1772; x_wconf 85' lang='lat' dir='ltr'>mino,</span> <span class='ocrx_word' id='word_1_232' title='bbox 287 1722 392 1760; x_wconf 91' lang='lat' dir='ltr'>non</span> <span class='ocrx_word' id='word_1_233' title='bbox 415 1704 477 1758; x_wconf 89' lang='lat' dir='ltr'>in</span> <span class='ocrx_word' id='word_1_234' title='bbox 508 1702 675 1757; x_wconf 90' lang='lat' dir='ltr'>rebus</span> <span class='ocrx_word' id='word_1_235' title='bbox 721 1698 1123 1772; x_wconf 88' lang='lat' dir='ltr'>temporalibus</span> <span class='ocrx_word' id='word_1_236' title='bbox 1150 1703 1207 1751; x_wconf 87' lang='lat' dir='ltr'>et</span> <span class='ocrx_word' id='word_1_237' title='bbox 1234 1697 1473 1750; x_wconf 89' lang='lat' dir='ltr'>terrenis</span> <span class='ocrx_word' id='word_1_238' title='bbox 1501 1699 1669 1764; x_wconf 89' lang='lat' dir='ltr'>atque</span> <span class='ocrx_word' id='word_1_239' title='bbox 1692 1722 1737 1781; x_wconf 79' lang='grc' dir='ltr'>Β</span> <span class='ocrx_word' id='word_1_240' title='bbox 1755 1702 1903 1773; x_wconf 79' lang='lat' dir='ltr'>quod</span> <span class='ocrx_word' id='word_1_241' title='bbox 1950 1701 2087 1755; x_wconf 83' lang='lat' dir='ltr'>mihi</span> <span class='ocrx_word' id='word_1_242' title='bbox 2131 1706 2464 1772; x_wconf 66' lang='lat' dir='ltr'>praestarent</span> <span class='ocrx_word' id='word_1_243' title='bbox 2491 1717 2758 1771; x_wconf 86' lang='lat' dir='ltr'>magnum</span> <span class='ocrx_word' id='word_1_244' title='bbox 2796 1708 3071 1773; x_wconf 60' lang='lat' dir='ltr'>quaestum</span> <span class='ocrx_word' id='word_1_245' title='bbox 3120 1708 3177 1758; x_wconf 88' lang='lat' dir='ltr'>et</span> <span class='ocrx_word' id='word_1_246' title='bbox 3218 1720 3358 1775; x_wconf 71' lang='lat' dir='ltr'>prae—</span> 
     </span>
    </p>
   </div>
   <div class='ocr_carea' id='block_1_33' title="bbox 115 1784 3352 1857">
    <p class='ocr_par' dir='ltr' id='par_1_33' title="bbox 115 1784 3352 1857">
     <span class='ocr_line' id='line_1_33' title="bbox 115 1784 3352 1857; baseline -0.002 -5"><span class='ocrx_word' id='word_1_247' title='bbox 115 1796 326 1853; x_wconf 78' lang='lat' dir='ltr'>caducis.</span> <span class='ocrx_word' id='word_1_248' title='bbox 357 1793 557 1847; x_wconf 82' lang='lat' dir='ltr'>Eadem</span> <span class='ocrx_word' id='word_1_249' title='bbox 588 1792 753 1855; x_wconf 65' lang='lat' dir='ltr'>vobis,</span> <span class='ocrx_word' id='word_1_250' title='bbox 768 1790 820 1842; x_wconf 90' lang='lat' dir='ltr'>id</span> <span class='ocrx_word' id='word_1_251' title='bbox 850 1793 953 1851; x_wconf 88' lang='lat' dir='ltr'>est,</span> <span class='ocrx_word' id='word_1_252' title='bbox 978 1803 1044 1840; x_wconf 91' lang='lat' dir='ltr'>ea</span> <span class='ocrx_word' id='word_1_253' title='bbox 1073 1802 1195 1857; x_wconf 67' lang='lat' dir='ltr'>quae</span> <span class='ocrx_word' id='word_1_254' title='bbox 1223 1784 1386 1838; x_wconf 90' lang='lat' dir='ltr'>docui</span> <span class='ocrx_word' id='word_1_255' title='bbox 1402 1799 1666 1854; x_wconf 69' lang='lat' dir='ltr'>praesens,</span> <span class='ocrx_word' id='word_1_256' title='bbox 1756 1791 1931 1844; x_wconf 89' lang='lat' dir='ltr'>mium</span> <span class='ocrx_word' id='word_1_257' title='bbox 1959 1790 2073 1843; x_wconf 67' lang='lat' dir='ltr'>haec</span> <span class='ocrx_word' id='word_1_258' title='bbox 2102 1790 2294 1843; x_wconf 85' lang='lat' dir='ltr'>omnia</span> <span class='ocrx_word' id='word_1_259' title='bbox 2320 1790 2567 1844; x_wconf 86' lang='lat' dir='ltr'>intellexi</span> <span class='ocrx_word' id='word_1_260' title='bbox 2591 1790 2729 1844; x_wconf 91' lang='lat' dir='ltr'>mihi</span> <span class='ocrx_word' id='word_1_261' title='bbox 2749 1790 2939 1845; x_wconf 82' lang='lat' dir='ltr'>futura</span> <span class='ocrx_word' id='word_1_262' title='bbox 2958 1791 3030 1845; x_wconf 91' lang='lat' dir='ltr'>ad</span> <span class='ocrx_word' id='word_1_263' title='bbox 3059 1791 3352 1857; x_wconf 90' lang='lat' dir='ltr'>damnum,</span> 
     </span>
    </p>
   </div>
   <div class='ocr_carea' id='block_1_34' title="bbox 119 1875 1673 1957">
    <p class='ocr_par' dir='ltr' id='par_1_34' title="bbox 119 1875 1673 1957">
     <span class='ocr_line' id='line_1_34' title="bbox 119 1875 1673 1957; baseline -0.01 -18"><span class='ocrx_word' id='word_1_264' title='bbox 119 1886 225 1957; x_wconf 88' lang='lat' dir='ltr'>quia</span> <span class='ocrx_word' id='word_1_265' title='bbox 247 1882 388 1937; x_wconf 89' lang='lat' dir='ltr'>vobis</span> <span class='ocrx_word' id='word_1_266' title='bbox 431 1888 494 1935; x_wconf 90' lang='lat' dir='ltr'>et</span> <span class='ocrx_word' id='word_1_267' title='bbox 529 1879 667 1934; x_wconf 87' lang='lat' dir='ltr'>mihi</span> <span class='ocrx_word' id='word_1_268' title='bbox 716 1883 802 1932; x_wconf 91' lang='lat' dir='ltr'>est</span> <span class='ocrx_word' id='word_1_269' title='bbox 830 1875 1229 1940; x_wconf 88' lang='lat' dir='ltr'>necessarium,</span> <span class='ocrx_word' id='word_1_270' title='bbox 1266 1890 1345 1927; x_wconf 87' lang='lat' dir='ltr'>me</span> <span class='ocrx_word' id='word_1_271' title='bbox 1378 1890 1488 1926; x_wconf 89' lang='lat' dir='ltr'>non</span> <span class='ocrx_word' id='word_1_272' title='bbox 1531 1875 1673 1940; x_wconf 89' lang='lat' dir='ltr'>piget</span> 
     </span>
    </p>
   </div>
   <div class='ocr_carea' id='block_1_35' title="bbox 118 1961 1678 2037">
    <p class='ocr_par' dir='ltr' id='par_1_35' title="bbox 118 1961 1678 2037">
     <span class='ocr_line' id='line_1_35' title="bbox 118 1961 1678 2037; baseline -0.01 -9"><span class='ocrx_word' id='word_1_273' title='bbox 118 1975 332 2037; x_wconf 77' lang='lat' dir='ltr'>scribere,</span> <span class='ocrx_word' id='word_1_274' title='bbox 362 1970 455 2024; x_wconf 92' lang='lat' dir='ltr'>sed</span> <span class='ocrx_word' id='word_1_275' title='bbox 494 1968 680 2022; x_wconf 88' lang='lat' dir='ltr'>videre</span> <span class='ocrx_word' id='word_1_276' title='bbox 711 1983 779 2021; x_wconf 92' lang='lat' dir='ltr'>ne</span> <span class='ocrx_word' id='word_1_277' title='bbox 810 1964 961 2019; x_wconf 85' lang='lat' dir='ltr'>vobis</span> <span class='ocrx_word' id='word_1_278' title='bbox 978 1964 1201 2035; x_wconf 89' lang='lat' dir='ltr'>pigrum</span> <span class='ocrx_word' id='word_1_279' title='bbox 1218 1963 1293 2016; x_wconf 91' lang='lat' dir='ltr'>sit</span> <span class='ocrx_word' id='word_1_280' title='bbox 1319 1978 1385 2015; x_wconf 90' lang='lat' dir='ltr'>ea</span> <span class='ocrx_word' id='word_1_281' title='bbox 1413 1961 1599 2030; x_wconf 86' lang='lat' dir='ltr'>legere</span> <span class='ocrx_word' id='word_1_282' title='bbox 1619 1965 1678 2014; x_wconf 92' lang='lat' dir='ltr'>et</span> 
     </span>
    </p>
   </div>
   <div class='ocr_carea' id='block_1_36' title="bbox 119 2062 333 2133">
    <p class='ocr_par' dir='ltr' id='par_1_36' title="bbox 119 2062 333 2133">
     <span class='ocr_line' id='line_1_36' title="bbox 119 2062 333 2133; baseline -0.019 -16"><span class='ocrx_word' id='word_1_283' title='bbox 119 2062 333 2133; x_wconf 88' lang='lat' dir='ltr'>implere.</span> 
     </span>
    </p>
   </div>
   <div class='ocr_carea' id='block_1_37' title="bbox 187 2138 1680 2208">
    <p class='ocr_par' dir='ltr' id='par_1_37' title="bbox 187 2138 1680 2208">
     <span class='ocr_line' id='line_1_37' title="bbox 187 2138 1680 2208; baseline -0.009 -5"><span class='ocrx_word' id='word_1_284' title='bbox 187 2152 337 2203; x_wconf 78' lang='lat' dir='ltr'>Videte</span> <span class='ocrx_word' id='word_1_285' title='bbox 360 2163 540 2208; x_wconf 84' lang='lat' dir='ltr'>canes,</span> <span class='ocrx_word' id='word_1_286' title='bbox 571 2144 627 2199; x_wconf 91' lang='lat' dir='ltr'>id</span> <span class='ocrx_word' id='word_1_287' title='bbox 647 2148 734 2198; x_wconf 89' lang='lat' dir='ltr'>est</span> <span class='ocrx_word' id='word_1_288' title='bbox 755 2146 943 2196; x_wconf 90' lang='lat' dir='ltr'>cavete</span> <span class='ocrx_word' id='word_1_289' title='bbox 960 2147 1016 2194; x_wconf 86' lang='lat' dir='ltr'>et</span> <span class='ocrx_word' id='word_1_290' title='bbox 1043 2140 1340 2195; x_wconf 88' lang='lat' dir='ltr'>declinate.</span> <span class='ocrx_word' id='word_1_291' title='bbox 1372 2138 1551 2192; x_wconf 80' lang='lat' dir='ltr'>Canes</span> <span class='ocrx_word' id='word_1_292' title='bbox 1577 2152 1680 2206; x_wconf 87' lang='lat' dir='ltr'>ap-</span> 
     </span>
    </p>
   </div>
   <div class='ocr_carea' id='block_1_38' title="bbox 124 2225 1682 2311">
    <p class='ocr_par' dir='ltr' id='par_1_38' title="bbox 124 2225 1682 2311">
     <span class='ocr_line' id='line_1_38' title="bbox 124 2225 1682 2311; baseline -0.01 -18"><span class='ocrx_word' id='word_1_293' title='bbox 124 2239 245 2311; x_wconf 85' lang='lat' dir='ltr'>pelat</span> <span class='ocrx_word' id='word_1_294' title='bbox 283 2236 522 2301; x_wconf 72' lang='lat' dir='ltr'>Judzeos,</span> <span class='ocrx_word' id='word_1_295' title='bbox 563 2238 623 2287; x_wconf 85' lang='lat' dir='ltr'>et</span> <span class='ocrx_word' id='word_1_296' title='bbox 648 2235 820 2285; x_wconf 82' lang='lat' dir='ltr'>malos</span> <span class='ocrx_word' id='word_1_297' title='bbox 862 2233 1140 2297; x_wconf 82' lang='lat' dir='ltr'>operarios</span> <span class='ocrx_word' id='word_1_298' title='bbox 1170 2228 1393 2282; x_wconf 88' lang='lat' dir='ltr'>eosdem</span> <span class='ocrx_word' id='word_1_299' title='bbox 1438 2225 1682 2297; x_wconf 89' lang='lat' dir='ltr'>appellat</span> 
     </span>
    </p>
   </div>
   <div class='ocr_carea' id='block_1_39' title="bbox 123 2315 1681 2393">
    <p class='ocr_par' dir='ltr' id='par_1_39' title="bbox 123 2315 1681 2393">
     <span class='ocr_line' id='line_1_39' title="bbox 123 2315 1681 2393; baseline -0.01 -10"><span class='ocrx_word' id='word_1_300' title='bbox 123 2325 591 2385; x_wconf 83' lang='lat' dir='ltr'>circumcisionem,</span> <span class='ocrx_word' id='word_1_301' title='bbox 625 2321 759 2393; x_wconf 85' lang='lat' dir='ltr'>quia</span> <span class='ocrx_word' id='word_1_302' title='bbox 802 2318 1147 2373; x_wconf 89' lang='lat' dir='ltr'>consuetudo</span> <span class='ocrx_word' id='word_1_303' title='bbox 1184 2317 1306 2387; x_wconf 88' lang='lat' dir='ltr'>ejus</span> <span class='ocrx_word' id='word_1_304' title='bbox 1345 2320 1431 2370; x_wconf 89' lang='lat' dir='ltr'>est</span> <span class='ocrx_word' id='word_1_305' title='bbox 1458 2315 1681 2368; x_wconf 72' lang='lat' dir='ltr'>Judazos</span> 
     </span>
    </p>
   </div>
   <div class='ocr_carea' id='block_1_40' title="bbox 125 2402 1679 2486">
    <p class='ocr_par' dir='ltr' id='par_1_40' title="bbox 125 2402 1679 2486">
     <span class='ocr_line' id='line_1_40' title="bbox 125 2402 1679 2486; baseline -0.01 -16"><span class='ocrx_word' id='word_1_306' title='bbox 125 2415 368 2486; x_wconf 72' lang='lat' dir='ltr'>appellem</span> <span class='ocrx_word' id='word_1_307' title='bbox 404 2409 910 2471; x_wconf 88' lang='lat' dir='ltr'>circumcisionem,</span> <span class='ocrx_word' id='word_1_308' title='bbox 952 2414 1010 2460; x_wconf 86' lang='lat' dir='ltr'>et.</span> <span class='ocrx_word' id='word_1_309' title='bbox 1048 2405 1288 2476; x_wconf 82' lang='lat' dir='ltr'>gentiles</span> <span class='ocrx_word' id='word_1_310' title='bbox 1323 2402 1679 2474; x_wconf 69' lang='lat' dir='ltr'>praeputium.</span> 
     </span>
    </p>
   </div>
   <div class='ocr_carea' id='block_1_41' title="bbox 125 2493 1687 2572">
    <p class='ocr_par' dir='ltr' id='par_1_41' title="bbox 125 2493 1687 2572">
     <span class='ocr_line' id='line_1_41' title="bbox 125 2493 1687 2572; baseline -0.009 -14"><span class='ocrx_word' id='word_1_311' title='bbox 125 2504 230 2559; x_wconf 89' lang='lat' dir='ltr'>Ideo</span> <span class='ocrx_word' id='word_1_312' title='bbox 256 2519 378 2572; x_wconf 82' lang='lat' dir='ltr'>ergo</span> <span class='ocrx_word' id='word_1_313' title='bbox 400 2500 651 2572; x_wconf 84' lang='lat' dir='ltr'>appellat</span> <span class='ocrx_word' id='word_1_314' title='bbox 680 2513 775 2552; x_wconf 89' lang='lat' dir='ltr'>eos</span> <span class='ocrx_word' id='word_1_315' title='bbox 803 2495 1131 2566; x_wconf 89' lang='lat' dir='ltr'>canes,quia</span> <span class='ocrx_word' id='word_1_316' title='bbox 1159 2494 1302 2548; x_wconf 88' lang='lat' dir='ltr'>sicut</span> <span class='ocrx_word' id='word_1_317' title='bbox 1333 2493 1489 2546; x_wconf 89' lang='lat' dir='ltr'>canis</span> <span class='ocrx_word' id='word_1_318' title='bbox 1517 2493 1687 2545; x_wconf 86' lang='lat' dir='ltr'>latrat</span> 
     </span>
    </p>
   </div>
   <div class='ocr_carea' id='block_1_42' title="bbox 127 2581 1689 2655">
    <p class='ocr_par' dir='ltr' id='par_1_42' title="bbox 127 2581 1689 2655">
     <span class='ocr_line' id='line_1_42' title="bbox 127 2581 1689 2655; baseline -0.008 -9"><span class='ocrx_word' id='word_1_319' title='bbox 127 2608 178 2646; x_wconf 85' lang='lat' dir='ltr'>ac</span> <span class='ocrx_word' id='word_1_320' title='bbox 193 2591 369 2645; x_wconf 88' lang='lat' dir='ltr'>deinde</span> <span class='ocrx_word' id='word_1_321' title='bbox 401 2588 644 2649; x_wconf 89' lang='lat' dir='ltr'>mordet,</span> <span class='ocrx_word' id='word_1_322' title='bbox 680 2587 761 2640; x_wconf 90' lang='lat' dir='ltr'>ita</span> <span class='ocrx_word' id='word_1_323' title='bbox 804 2585 886 2638; x_wconf 89' lang='lat' dir='ltr'>illi</span> <span class='ocrx_word' id='word_1_324' title='bbox 917 2583 1195 2655; x_wconf 89' lang='lat' dir='ltr'>loquendo</span> <span class='ocrx_word' id='word_1_325' title='bbox 1224 2581 1597 2646; x_wconf 85' lang='lat' dir='ltr'>oblatrabant,</span> <span class='ocrx_word' id='word_1_326' title='bbox 1632 2586 1689 2634; x_wconf 90' lang='lat' dir='ltr'>et</span> 
     </span>
    </p>
   </div>
   <div class='ocr_carea' id='block_1_43' title="bbox 127 2670 1685 2748">
    <p class='ocr_par' dir='ltr' id='par_1_43' title="bbox 127 2670 1685 2748">
     <span class='ocr_line' id='line_1_43' title="bbox 127 2670 1685 2748; baseline -0.007 -14"><span class='ocrx_word' id='word_1_327' title='bbox 127 2679 396 2733; x_wconf 86' lang='lat' dir='ltr'>seducendo</span> <span class='ocrx_word' id='word_1_328' title='bbox 424 2691 626 2748; x_wconf 89' lang='lat' dir='ltr'>aspere</span> <span class='ocrx_word' id='word_1_329' title='bbox 665 2673 1011 2727; x_wconf 86' lang='lat' dir='ltr'>mordebant.</span> <span class='ocrx_word' id='word_1_330' title='bbox 1058 2670 1189 2725; x_wconf 88' lang='lat' dir='ltr'>Mali</span> <span class='ocrx_word' id='word_1_331' title='bbox 1225 2670 1469 2742; x_wconf 87' lang='lat' dir='ltr'>operarii</span> <span class='ocrx_word' id='word_1_332' title='bbox 1506 2675 1685 2736; x_wconf 88' lang='lat' dir='ltr'>erant,</span> 
     </span>
    </p>
   </div>
   <div class='ocr_carea' id='block_1_44' title="bbox 133 2759 1691 2838">
    <p class='ocr_par' dir='ltr' id='par_1_44' title="bbox 133 2759 1691 2838">
     <span class='ocr_line' id='line_1_44' title="bbox 133 2759 1691 2838; baseline -0.007 -16"><span class='ocrx_word' id='word_1_333' title='bbox 133 2768 241 2838; x_wconf 88' lang='lat' dir='ltr'>quia</span> <span class='ocrx_word' id='word_1_334' title='bbox 259 2767 391 2821; x_wconf 87' lang='lat' dir='ltr'>male</span> <span class='ocrx_word' id='word_1_335' title='bbox 410 2763 729 2819; x_wconf 89' lang='lat' dir='ltr'>suadebant</span> <span class='ocrx_word' id='word_1_336' title='bbox 758 2762 836 2815; x_wconf 92' lang='lat' dir='ltr'>eis</span> <span class='ocrx_word' id='word_1_337' title='bbox 856 2760 1097 2831; x_wconf 86' lang='lat' dir='ltr'>operari,</span> <span class='ocrx_word' id='word_1_338' title='bbox 1130 2759 1411 2815; x_wconf 78' lang='lat' dir='ltr'>dicentes:</span> <span class='ocrx_word' id='word_1_339' title='bbox 1445 2760 1568 2814; x_wconf 87' lang='lat' dir='ltr'>Non</span> <span class='ocrx_word' id='word_1_340' title='bbox 1594 2774 1691 2827; x_wconf 90' lang='lat' dir='ltr'>po-</span> 
     </span>
    </p>
   </div>
   <div class='ocr_carea' id='block_1_45' title="bbox 135 2848 1687 2924">
    <p class='ocr_par' dir='ltr' id='par_1_45' title="bbox 135 2848 1687 2924">
     <span class='ocr_line' id='line_1_45' title="bbox 135 2848 1687 2924; baseline -0.007 -14"><span class='ocrx_word' id='word_1_341' title='bbox 135 2858 254 2910; x_wconf 83' lang='lat' dir='ltr'>testis</span> <span class='ocrx_word' id='word_1_342' title='bbox 277 2858 478 2909; x_wconf 82' lang='lat' dir='ltr'>salvari</span> <span class='ocrx_word' id='word_1_343' title='bbox 501 2870 608 2924; x_wconf 91' lang='lat' dir='ltr'>per</span> <span class='ocrx_word' id='word_1_344' title='bbox 632 2851 991 2922; x_wconf 89' lang='lat' dir='ltr'>baptismum,</span> <span class='ocrx_word' id='word_1_345' title='bbox 1039 2851 1153 2902; x_wconf 86' lang='lat' dir='ltr'>nisi</span> <span class='ocrx_word' id='word_1_346' title='bbox 1182 2848 1687 2911; x_wconf 84' lang='lat' dir='ltr'>circumcidamini,</span> 
     </span>
    </p>
   </div>
   <div class='ocr_carea' id='block_1_46' title="bbox 1755 1877 3353 1947">
    <p class='ocr_par' dir='ltr' id='par_1_46' title="bbox 1755 1877 3353 1947">
     <span class='ocr_line' id='line_1_46' title="bbox 1755 1877 3353 1947; baseline 0.001 -14"><span class='ocrx_word' id='word_1_347' title='bbox 1755 1879 1802 1933; x_wconf 90' lang='lat' dir='ltr'>si</span> <span class='ocrx_word' id='word_1_348' title='bbox 1823 1895 1889 1933; x_wconf 91' lang='lat' dir='ltr'>ea</span> <span class='ocrx_word' id='word_1_349' title='bbox 1906 1878 2208 1932; x_wconf 87' lang='lat' dir='ltr'>carnaliter</span> <span class='ocrx_word' id='word_1_350' title='bbox 2227 1877 2581 1932; x_wconf 89' lang='lat' dir='ltr'>observarem</span> <span class='ocrx_word' id='word_1_351' title='bbox 2602 1885 2826 1947; x_wconf 77' lang='lat' dir='ltr'>propter</span> <span class='ocrx_word' id='word_1_352' title='bbox 2846 1879 3150 1942; x_wconf 78' lang='lat' dir='ltr'>Christum,</span> <span class='ocrx_word' id='word_1_353' title='bbox 3174 1879 3231 1934; x_wconf 88' lang='lat' dir='ltr'>id</span> <span class='ocrx_word' id='word_1_354' title='bbox 3248 1884 3353 1947; x_wconf 89' lang='lat' dir='ltr'>est,</span> 
     </span>
    </p>
   </div>
   <div class='ocr_carea' id='block_1_47' title="bbox 1756 1966 3357 2038">
    <p class='ocr_par' dir='ltr' id='par_1_47' title="bbox 1756 1966 3357 2038">
     <span class='ocr_line' id='line_1_47' title="bbox 1756 1966 3357 2038; baseline 0.002 -18"><span class='ocrx_word' id='word_1_355' title='bbox 1756 1973 2053 2038; x_wconf 77' lang='lat' dir='ltr'>postquam</span> <span class='ocrx_word' id='word_1_356' title='bbox 2073 1967 2132 2020; x_wconf 89' lang='lat' dir='ltr'>in</span> <span class='ocrx_word' id='word_1_357' title='bbox 2150 1966 2438 2021; x_wconf 90' lang='lat' dir='ltr'>Christum</span> <span class='ocrx_word' id='word_1_358' title='bbox 2454 1966 2662 2020; x_wconf 90' lang='lat' dir='ltr'>credidi</span> <span class='ocrx_word' id='word_1_359' title='bbox 2679 1967 2761 2020; x_wconf 88' lang='lat' dir='ltr'>vel</span> <span class='ocrx_word' id='word_1_360' title='bbox 2776 1972 3008 2037; x_wconf 85' lang='lat' dir='ltr'>propter</span> <span class='ocrx_word' id='word_1_361' title='bbox 3023 1967 3193 2022; x_wconf 88' lang='lat' dir='ltr'>ﬁdem</span> <span class='ocrx_word' id='word_1_362' title='bbox 3205 1968 3357 2023; x_wconf 91' lang='lat' dir='ltr'>illius</span> 
     </span>
    </p>
   </div>
   <div class='ocr_carea' id='block_1_48' title="bbox 1763 2054 3358 2126">
    <p class='ocr_par' dir='ltr' id='par_1_48' title="bbox 1763 2054 3358 2126">
     <span class='ocr_line' id='line_1_48' title="bbox 1763 2054 3358 2126; baseline 0.001 -17"><span class='ocrx_word' id='word_1_363' title='bbox 1763 2071 1931 2126; x_wconf 90' lang='lat' dir='ltr'>quam</span> <span class='ocrx_word' id='word_1_364' title='bbox 1952 2062 2139 2118; x_wconf 90' lang='lat' dir='ltr'>teneo,</span> <span class='ocrx_word' id='word_1_365' title='bbox 2159 2054 2325 2108; x_wconf 89' lang='lat' dir='ltr'>credo</span> <span class='ocrx_word' id='word_1_366' title='bbox 2348 2055 2537 2108; x_wconf 85' lang='lat' dir='ltr'>omnia</span> <span class='ocrx_word' id='word_1_367' title='bbox 2557 2055 2656 2108; x_wconf 90' lang='lat' dir='ltr'>illa</span> <span class='ocrx_word' id='word_1_368' title='bbox 2675 2054 2746 2108; x_wconf 92' lang='lat' dir='ltr'>ad</span> <span class='ocrx_word' id='word_1_369' title='bbox 2769 2055 3041 2109; x_wconf 86' lang='lat' dir='ltr'>damnum</span> <span class='ocrx_word' id='word_1_370' title='bbox 3060 2060 3118 2109; x_wconf 91' lang='lat' dir='ltr'>et</span> <span class='ocrx_word' id='word_1_371' title='bbox 3128 2054 3358 2126; x_wconf 85' lang='lat' dir='ltr'>dispen-</span> 
     </span>
    </p>
   </div>
   <div class='ocr_carea' id='block_1_49' title="bbox 1762 2143 3361 2216">
    <p class='ocr_par' dir='ltr' id='par_1_49' title="bbox 1762 2143 3361 2216">
     <span class='ocr_line' id='line_1_49' title="bbox 1762 2143 3361 2216; baseline 0.001 -19"><span class='ocrx_word' id='word_1_372' title='bbox 1762 2143 1915 2198; x_wconf 90' lang='lat' dir='ltr'>dium</span> <span class='ocrx_word' id='word_1_373' title='bbox 1938 2160 2059 2197; x_wconf 87' lang='lat' dir='ltr'>esse</span> <span class='ocrx_word' id='word_1_374' title='bbox 2083 2144 2330 2209; x_wconf 90' lang='lat' dir='ltr'>illorum,</span> <span class='ocrx_word' id='word_1_375' title='bbox 2361 2143 2457 2214; x_wconf 91' lang='lat' dir='ltr'>qui</span> <span class='ocrx_word' id='word_1_376' title='bbox 2487 2160 2555 2198; x_wconf 86' lang='lat' dir='ltr'>ea</span> <span class='ocrx_word' id='word_1_377' title='bbox 2586 2144 3022 2209; x_wconf 86' lang='lat' dir='ltr'>observaverint,</span> <span class='ocrx_word' id='word_1_378' title='bbox 3045 2150 3104 2199; x_wconf 89' lang='lat' dir='ltr'>et</span> <span class='ocrx_word' id='word_1_379' title='bbox 3131 2149 3361 2216; x_wconf 87' lang='lat' dir='ltr'>propter</span> 
     </span>
    </p>
   </div>
   <div class='ocr_carea' id='block_1_50' title="bbox 1764 2231 3363 2302">
    <p class='ocr_par' dir='ltr' id='par_1_50' title="bbox 1764 2231 3363 2302">
     <span class='ocr_line' id='line_1_50' title="bbox 1764 2231 3363 2302; baseline 0 -16"><span class='ocrx_word' id='word_1_380' title='bbox 1764 2233 1869 2286; x_wconf 92' lang='lat' dir='ltr'>hoc</span> <span class='ocrx_word' id='word_1_381' title='bbox 1894 2232 2257 2302; x_wconf 84' lang='lat' dir='ltr'>Evangelium</span> <span class='ocrx_word' id='word_1_382' title='bbox 2280 2231 2509 2297; x_wconf 86' lang='lat' dir='ltr'>Christi,</span> <span class='ocrx_word' id='word_1_383' title='bbox 2533 2232 2845 2287; x_wconf 90' lang='lat' dir='ltr'>secundum</span> <span class='ocrx_word' id='word_1_384' title='bbox 2865 2235 3027 2302; x_wconf 88' lang='lat' dir='ltr'>cujus</span> <span class='ocrx_word' id='word_1_385' title='bbox 3048 2231 3363 2287; x_wconf 89' lang='lat' dir='ltr'>doctrinam</span> 
     </span>
    </p>
   </div>
   <div class='ocr_carea' id='block_1_51' title="bbox 1763 2320 3369 2392">
    <p class='ocr_par' dir='ltr' id='par_1_51' title="bbox 1763 2320 3369 2392">
     <span class='ocr_line' id='line_1_51' title="bbox 1763 2320 3369 2392; baseline 0.001 -16"><span class='ocrx_word' id='word_1_386' title='bbox 1763 2321 2033 2376; x_wconf 90' lang='lat' dir='ltr'>debemus</span> <span class='ocrx_word' id='word_1_387' title='bbox 2052 2320 2412 2392; x_wconf 87' lang='lat' dir='ltr'>vivere,quod</span> <span class='ocrx_word' id='word_1_388' title='bbox 2432 2321 2815 2392; x_wconf 85' lang='lat' dir='ltr'>supereminet</span> <span class='ocrx_word' id='word_1_389' title='bbox 2827 2331 2997 2392; x_wconf 89' lang='lat' dir='ltr'>atque</span> <span class='ocrx_word' id='word_1_390' title='bbox 3015 2320 3369 2377; x_wconf 83' lang='lat' dir='ltr'>transcendit</span> 
     </span>
    </p>
   </div>
   <div class='ocr_carea' id='block_1_52' title="bbox 1766 2409 3370 2481">
    <p class='ocr_par' dir='ltr' id='par_1_52' title="bbox 1766 2409 3370 2481">
     <span class='ocr_line' id='line_1_52' title="bbox 1766 2409 3370 2481; baseline 0 -15"><span class='ocrx_word' id='word_1_391' title='bbox 1766 2427 1869 2466; x_wconf 90' lang='lat' dir='ltr'>sua</span> <span class='ocrx_word' id='word_1_392' title='bbox 1889 2409 2165 2481; x_wconf 82' lang='lat' dir='ltr'>dignitate</span> <span class='ocrx_word' id='word_1_393' title='bbox 2196 2415 2253 2463; x_wconf 90' lang='lat' dir='ltr'>et</span> <span class='ocrx_word' id='word_1_394' title='bbox 2282 2409 2513 2464; x_wconf 87' lang='lat' dir='ltr'>veritate</span> <span class='ocrx_word' id='word_1_395' title='bbox 2534 2425 2760 2465; x_wconf 89' lang='lat' dir='ltr'>omnem</span> <span class='ocrx_word' id='word_1_396' title='bbox 2786 2410 3124 2481; x_wconf 79' lang='lat' dir='ltr'>scripturam</span> <span class='ocrx_word' id='word_1_397' title='bbox 3155 2410 3370 2467; x_wconf 84' lang='lat' dir='ltr'>divino-</span> 
     </span>
    </p>
   </div>
   <div class='ocr_carea' id='block_1_53' title="bbox 1768 2499 2539 2570">
    <p class='ocr_par' dir='ltr' id='par_1_53' title="bbox 1768 2499 2539 2570">
     <span class='ocr_line' id='line_1_53' title="bbox 1768 2499 2539 2570; baseline -0.006 -15"><span class='ocrx_word' id='word_1_398' title='bbox 1768 2517 1897 2555; x_wconf 89' lang='lat' dir='ltr'>rum</span> <span class='ocrx_word' id='word_1_399' title='bbox 1926 2499 2297 2570; x_wconf 90' lang='lat' dir='ltr'>eloquiorum.</span> <span class='ocrx_word' id='word_1_400' title='bbox 2533 2502 2539 2507; x_wconf 82' lang='grc'><em>’</em></span> 
     </span>
    </p>
   </div>
   <div class='ocr_carea' id='block_1_54' title="bbox 1854 2584 3369 2660">
    <p class='ocr_par' dir='ltr' id='par_1_54' title="bbox 1854 2584 3369 2660">
     <span class='ocr_line' id='line_1_54' title="bbox 1854 2584 3369 2660; baseline 0 -19"><span class='ocrx_word' id='word_1_401' title='bbox 1854 2590 2042 2641; x_wconf 86' lang='lat' dir='ltr'>Verum</span> <span class='ocrx_word' id='word_1_402' title='bbox 2052 2593 2236 2641; x_wconf 85' lang='lat' dir='ltr'>tamen</span> <span class='ocrx_word' id='word_1_403' title='bbox 2246 2588 2501 2640; x_wconf 70' lang='lat' dir='ltr'>existimo</span> <span class='ocrx_word' id='word_1_404' title='bbox 2517 2601 2604 2640; x_wconf 88' lang='lat' dir='ltr'>om</span> <span class='ocrx_word' id='word_1_405' title='bbox 2613 2584 3004 2651; x_wconf 88' lang='lat' dir='ltr'>nia,subaudis</span> <span class='ocrx_word' id='word_1_406' title='bbox 3017 2587 3223 2658; x_wconf 78' lang='lat' dir='ltr'>legalis</span> <span class='ocrx_word' id='word_1_407' title='bbox 3233 2605 3369 2660; x_wconf 69' lang='lat' dir='ltr'>pra:-</span> 
     </span>
    </p>
   </div>
   <div class='ocr_carea' id='block_1_55' title="bbox 1771 2673 3369 2748">
    <p class='ocr_par' dir='ltr' id='par_1_55' title="bbox 1771 2673 3369 2748">
     <span class='ocr_line' id='line_1_55' title="bbox 1771 2673 3369 2748; baseline 0 -17"><span class='ocrx_word' id='word_1_408' title='bbox 1771 2678 2374 2748; x_wconf 85' lang='lat' dir='ltr'>cepta,detrimentum,</span> <span class='ocrx_word' id='word_1_409' title='bbox 2397 2673 2454 2727; x_wconf 90' lang='lat' dir='ltr'>id</span> <span class='ocrx_word' id='word_1_410' title='bbox 2475 2679 2561 2728; x_wconf 88' lang='lat' dir='ltr'>est</span> <span class='ocrx_word' id='word_1_411' title='bbox 2577 2673 2870 2739; x_wconf 89' lang='lat' dir='ltr'>damnum,</span> <span class='ocrx_word' id='word_1_412' title='bbox 2885 2692 2992 2729; x_wconf 89' lang='lat' dir='ltr'>esse</span> <span class='ocrx_word' id='word_1_413' title='bbox 3008 2675 3128 2729; x_wconf 91' lang='lat' dir='ltr'>suis</span> <span class='ocrx_word' id='word_1_414' title='bbox 3144 2676 3369 2731; x_wconf 90' lang='lat' dir='ltr'>audito-</span> 
     </span>
    </p>
   </div>
   <div class='ocr_carea' id='block_1_56' title="bbox 1772 2761 3372 2834">
    <p class='ocr_par' dir='ltr' id='par_1_56' title="bbox 1772 2761 3372 2834">
     <span class='ocr_line' id='line_1_56' title="bbox 1772 2761 3372 2834; baseline 0 -16"><span class='ocrx_word' id='word_1_415' title='bbox 1772 2765 1928 2819; x_wconf 89' lang='lat' dir='ltr'>ribus</span> <span class='ocrx_word' id='word_1_416' title='bbox 1950 2769 2176 2833; x_wconf 80' lang='lat' dir='ltr'>propter</span> <span class='ocrx_word' id='word_1_417' title='bbox 2217 2765 2550 2817; x_wconf 85' lang='lat' dir='ltr'>eminentem</span> <span class='ocrx_word' id='word_1_418' title='bbox 2590 2764 2901 2828; x_wconf 83' lang='lat' dir='ltr'>scientiam,</span> <span class='ocrx_word' id='word_1_419' title='bbox 2941 2761 2999 2817; x_wconf 91' lang='lat' dir='ltr'>id</span> <span class='ocrx_word' id='word_1_420' title='bbox 3027 2768 3114 2817; x_wconf 88' lang='lat' dir='ltr'>est</span> <span class='ocrx_word' id='word_1_421' title='bbox 3140 2768 3372 2834; x_wconf 87' lang='lat' dir='ltr'>propter</span> 
     </span>
    </p>
   </div>
   <div class='ocr_carea' id='block_1_57' title="bbox 1777 2849 3371 2924">
    <p class='ocr_par' dir='ltr' id='par_1_57' title="bbox 1777 2849 3371 2924">
     <span class='ocr_line' id='line_1_57' title="bbox 1777 2849 3371 2924; baseline -0.002 -16"><span class='ocrx_word' id='word_1_422' title='bbox 1777 2852 2158 2924; x_wconf 88' lang='lat' dir='ltr'>Evangelium,</span> <span class='ocrx_word' id='word_1_423' title='bbox 2185 2855 2410 2918; x_wconf 82' lang='lat' dir='ltr'>propter</span> <span class='ocrx_word' id='word_1_424' title='bbox 2429 2866 2608 2918; x_wconf 85' lang='lat' dir='ltr'>quem,</span> <span class='ocrx_word' id='word_1_425' title='bbox 2634 2849 2689 2903; x_wconf 89' lang='lat' dir='ltr'>id</span> <span class='ocrx_word' id='word_1_426' title='bbox 2719 2854 2806 2904; x_wconf 88' lang='lat' dir='ltr'>est</span> <span class='ocrx_word' id='word_1_427' title='bbox 2824 2855 3055 2921; x_wconf 85' lang='lat' dir='ltr'>propter</span> <span class='ocrx_word' id='word_1_428' title='bbox 3083 2851 3371 2906; x_wconf 89' lang='lat' dir='ltr'>Christum</span> 
     </span>
    </p>
   </div>
   <div class='ocr_carea' id='block_1_58' title="bbox 135 2936 3372 3014">
    <p class='ocr_par' dir='ltr' id='par_1_58' title="bbox 135 2936 3372 3014">
     <span class='ocr_line' id='line_1_58' title="bbox 135 2936 3372 3014; baseline -0.005 -16"><span class='ocrx_word' id='word_1_429' title='bbox 135 2945 252 2998; x_wconf 87' lang='lat' dir='ltr'>sicut</span> <span class='ocrx_word' id='word_1_430' title='bbox 268 2945 347 2997; x_wconf 85' lang='lat' dir='ltr'>lex</span> <span class='ocrx_word' id='word_1_431' title='bbox 364 2941 619 3014; x_wconf 73' lang='lat' dir='ltr'>praecipit</span> <span class='ocrx_word' id='word_1_432' title='bbox 644 2940 782 3010; x_wconf 82' lang='lat' dir='ltr'>(Act.</span> <span class='ocrx_word' id='word_1_433' title='bbox 815 2942 928 3005; x_wconf 86' lang='lat' dir='ltr'>xv).</span> <span class='ocrx_word' id='word_1_434' title='bbox 966 2937 1098 3008; x_wconf 89' lang='lat' dir='ltr'>quia</span> <span class='ocrx_word' id='word_1_435' title='bbox 1118 2937 1388 3008; x_wconf 90' lang='lat' dir='ltr'>scriptum</span> <span class='ocrx_word' id='word_1_436' title='bbox 1411 2941 1496 2990; x_wconf 91' lang='lat' dir='ltr'>est</span> <span class='ocrx_word' id='word_1_437' title='bbox 1527 2947 1538 2982; x_wconf 91' lang='lat'>:</span> <span class='ocrx_word' id='word_1_438' title='bbox 1572 2936 1695 2989; x_wconf 84' lang='lat' dir='ltr'>Ma-</span> <span class='ocrx_word' id='word_1_439' title='bbox 1776 2943 1861 2996; x_wconf 77' lang='lat' dir='ltr'>vel</span> <span class='ocrx_word' id='word_1_440' title='bbox 1892 2946 2122 3013; x_wconf 79' lang='lat' dir='ltr'>propter</span> <span class='ocrx_word' id='word_1_441' title='bbox 2146 2938 2311 2992; x_wconf 82' lang='lat' dir='ltr'>ﬁdem</span> <span class='ocrx_word' id='word_1_442' title='bbox 2335 2939 2476 3008; x_wconf 79' lang='lat' dir='ltr'>ejus,</span> <span class='ocrx_word' id='word_1_443' title='bbox 2500 2941 2688 2991; x_wconf 75' lang='lat' dir='ltr'>omnia</span> <span class='ocrx_word' id='word_1_444' title='bbox 2711 2954 2835 3008; x_wconf 63' lang='lat' dir='ltr'>qua;</span> <span class='ocrx_word' id='word_1_445' title='bbox 2864 2938 2951 2992; x_wconf 76' lang='lat' dir='ltr'>lex</span> <span class='ocrx_word' id='word_1_446' title='bbox 2980 2939 3235 3010; x_wconf 67' lang='grc' dir='ltr'>ριοωοίρίι</span> <span class='ocrx_word' id='word_1_447' title='bbox 3254 2956 3372 2994; x_wconf 66' lang='lat' dir='ltr'>car.</span> 
     </span>
    </p>
   </div>
   <div class='ocr_carea' id='block_1_59' title="bbox 138 3024 3373 3100">
    <p class='ocr_par' dir='ltr' id='par_1_59' title="bbox 138 3024 3373 3100">
     <span class='ocr_line' id='line_1_59' title="bbox 138 3024 3373 3100; baseline -0.002 -15"><span class='ocrx_word' id='word_1_448' title='bbox 138 3034 291 3087; x_wconf 82' lang='lat' dir='ltr'>sculus</span> <span class='ocrx_word' id='word_1_449' title='bbox 312 3035 464 3100; x_wconf 82' lang='lat' dir='ltr'>cujus</span> <span class='ocrx_word' id='word_1_450' title='bbox 494 3045 630 3083; x_wconf 86' lang='lat' dir='ltr'>caro</span> <span class='ocrx_word' id='word_1_451' title='bbox 659 3030 989 3082; x_wconf 85' lang='lat' dir='ltr'>circumcisa</span> <span class='ocrx_word' id='word_1_452' title='bbox 1011 3042 1121 3080; x_wconf 88' lang='lat' dir='ltr'>non</span> <span class='ocrx_word' id='word_1_453' title='bbox 1152 3024 1557 3096; x_wconf 80' lang='lat' dir='ltr'>fuerit,peribit</span> <span class='ocrx_word' id='word_1_454' title='bbox 1570 3026 1693 3077; x_wconf 84' lang='lat' dir='ltr'>ani-</span> <span class='ocrx_word' id='word_1_455' title='bbox 1714 3032 1756 3090; x_wconf 65' lang='grc' dir='ltr'>(ἶ</span> <span class='ocrx_word' id='word_1_456' title='bbox 1781 3029 1988 3083; x_wconf 88' lang='lat' dir='ltr'>naliter</span> <span class='ocrx_word' id='word_1_457' title='bbox 2016 3025 2498 3097; x_wconf 89' lang='lat' dir='ltr'>observare,quasi</span> <span class='ocrx_word' id='word_1_458' title='bbox 2528 3026 2800 3080; x_wconf 85' lang='lat' dir='ltr'>damnum</span> <span class='ocrx_word' id='word_1_459' title='bbox 2826 3025 2977 3093; x_wconf 81' lang='lat' dir='ltr'>duxi,</span> <span class='ocrx_word' id='word_1_460' title='bbox 3001 3032 3058 3081; x_wconf 91' lang='lat' dir='ltr'>et</span> <span class='ocrx_word' id='word_1_461' title='bbox 3078 3044 3178 3098; x_wconf 92' lang='lat' dir='ltr'>pro</span> <span class='ocrx_word' id='word_1_462' title='bbox 3197 3026 3373 3082; x_wconf 89' lang='lat' dir='ltr'>nihilo</span> 
     </span>
    </p>
   </div>
   <div class='ocr_carea' id='block_1_60' title="bbox 139 3115 1672 3188">
    <p class='ocr_par' dir='ltr' id='par_1_60' title="bbox 139 3116 1672 3187">
     <span class='ocr_line' id='line_1_60' title="bbox 139 3116 1672 3187; baseline -0.007 -13"><span class='ocrx_word' id='word_1_463' title='bbox 139 3123 367 3174; x_wconf 84' lang='lat' dir='ltr'>maillius</span> <span class='ocrx_word' id='word_1_464' title='bbox 394 3122 456 3174; x_wconf 86' lang='lat' dir='ltr'>de</span> <span class='ocrx_word' id='word_1_465' title='bbox 480 3119 689 3187; x_wconf 85' lang='lat' dir='ltr'>populo</span> <span class='ocrx_word' id='word_1_466' title='bbox 716 3131 832 3177; x_wconf 82' lang='lat' dir='ltr'>suo,</span> <span class='ocrx_word' id='word_1_467' title='bbox 852 3118 986 3185; x_wconf 84' lang='lat' dir='ltr'>quia</span> <span class='ocrx_word' id='word_1_468' title='bbox 1001 3119 1226 3183; x_wconf 85' lang='lat' dir='ltr'>pactum</span> <span class='ocrx_word' id='word_1_469' title='bbox 1257 3130 1437 3167; x_wconf 85' lang='lat' dir='ltr'>meum</span> <span class='ocrx_word' id='word_1_470' title='bbox 1462 3116 1672 3166; x_wconf 82' lang='lat' dir='ltr'>irritun</span> 
     </span>
    </p>
   </div>
   <div class='ocr_carea' id='block_1_61' title="bbox 1775 3115 3378 3188">
    <p class='ocr_par' dir='ltr' id='par_1_61' title="bbox 1780 3115 3378 3188">
     <span class='ocr_line' id='line_1_61' title="bbox 1780 3115 3378 3188; baseline -0.001 -16"><span class='ocrx_word' id='word_1_471' title='bbox 1780 3118 2007 3188; x_wconf 88' lang='lat' dir='ltr'>deputo,</span> <span class='ocrx_word' id='word_1_472' title='bbox 2033 3121 2097 3170; x_wconf 85' lang='lat' dir='ltr'>ut</span> <span class='ocrx_word' id='word_1_473' title='bbox 2121 3116 2402 3171; x_wconf 74' lang='lat' dir='ltr'>Christum</span> <span class='ocrx_word' id='word_1_474' title='bbox 2425 3115 2561 3168; x_wconf 88' lang='lat' dir='ltr'>mihi</span> <span class='ocrx_word' id='word_1_475' title='bbox 2583 3115 2784 3181; x_wconf 88' lang='lat' dir='ltr'>lucrer,</span> <span class='ocrx_word' id='word_1_476' title='bbox 2811 3120 2867 3169; x_wconf 90' lang='lat' dir='ltr'>et</span> <span class='ocrx_word' id='word_1_477' title='bbox 2887 3116 3194 3187; x_wconf 89' lang='lat' dir='ltr'>acquiram,</span> <span class='ocrx_word' id='word_1_478' title='bbox 3211 3121 3260 3171; x_wconf 84' lang='lat' dir='ltr'>et</span> <span class='ocrx_word' id='word_1_479' title='bbox 3289 3119 3378 3171; x_wconf 84' lang='lat' dir='ltr'>in-</span> 
     </span>
    </p>
   </div>
   <div class='ocr_carea' id='block_1_62' title="bbox 140 3204 3381 3279">
    <p class='ocr_par' dir='ltr' id='par_1_62' title="bbox 140 3204 3381 3279">
     <span class='ocr_line' id='line_1_62' title="bbox 140 3204 3381 3279; baseline -0.001 -18"><span class='ocrx_word' id='word_1_480' title='bbox 140 3209 241 3276; x_wconf 79' lang='lat' dir='ltr'>fecit</span> <span class='ocrx_word' id='word_1_481' title='bbox 270 3208 405 3279; x_wconf 83' lang='lat' dir='ltr'>(Gen.</span> <span class='ocrx_word' id='word_1_482' title='bbox 429 3208 591 3277; x_wconf 81' lang='lat' dir='ltr'>xm).</span> <span class='ocrx_word' id='word_1_483' title='bbox 1780 3210 1977 3261; x_wconf 82' lang='lat' dir='ltr'>vem‘ar</span> <span class='ocrx_word' id='word_1_484' title='bbox 2006 3209 2069 3259; x_wconf 84' lang='lat' dir='ltr'>in</span> <span class='ocrx_word' id='word_1_485' title='bbox 2098 3206 2214 3271; x_wconf 86' lang='lat' dir='ltr'>illo,</span> <span class='ocrx_word' id='word_1_486' title='bbox 2246 3204 2304 3258; x_wconf 90' lang='lat' dir='ltr'>id</span> <span class='ocrx_word' id='word_1_487' title='bbox 2325 3208 2411 3258; x_wconf 92' lang='lat' dir='ltr'>est</span> <span class='ocrx_word' id='word_1_488' title='bbox 2434 3204 2494 3257; x_wconf 91' lang='lat' dir='ltr'>in</span> <span class='ocrx_word' id='word_1_489' title='bbox 2522 3204 2632 3257; x_wconf 92' lang='lat' dir='ltr'>ﬁde</span> <span class='ocrx_word' id='word_1_490' title='bbox 2661 3205 2784 3274; x_wconf 86' lang='lat' dir='ltr'>ejus</span> <span class='ocrx_word' id='word_1_491' title='bbox 2822 3204 3125 3275; x_wconf 86' lang='lat' dir='ltr'>perfectus,</span> <span class='ocrx_word' id='word_1_492' title='bbox 3153 3221 3265 3259; x_wconf 88' lang='lat' dir='ltr'>non</span> <span class='ocrx_word' id='word_1_493' title='bbox 3283 3206 3381 3260; x_wconf 87' lang='lat' dir='ltr'>ha-</span> 
     </span>
    </p>
   </div>
   <div class='ocr_carea' id='block_1_63' title="bbox 196 3286 3380 3363">
    <p class='ocr_par' dir='ltr' id='par_1_63' title="bbox 196 3286 3380 3363">
     <span class='ocr_line' id='line_1_63' title="bbox 196 3286 3380 3363; baseline -0.001 -12"><span class='ocrx_word' id='word_1_494' title='bbox 196 3297 287 3350; x_wconf 84' lang='lat' dir='ltr'>Nos</span> <span class='ocrx_word' id='word_1_495' title='bbox 309 3300 453 3350; x_wconf 85' lang='lat' dir='ltr'>enim</span> <span class='ocrx_word' id='word_1_496' title='bbox 481 3308 683 3348; x_wconf 85' lang='lat' dir='ltr'>sumus</span> <span class='ocrx_word' id='word_1_497' title='bbox 715 3291 1083 3345; x_wconf 79' lang='lat' dir='ltr'>circumcisio.</span> <span class='ocrx_word' id='word_1_498' title='bbox 1117 3288 1255 3352; x_wconf 89' lang='lat' dir='ltr'>Nos,</span> <span class='ocrx_word' id='word_1_499' title='bbox 1294 3286 1351 3340; x_wconf 91' lang='lat' dir='ltr'>id</span> <span class='ocrx_word' id='word_1_500' title='bbox 1381 3291 1469 3340; x_wconf 91' lang='lat' dir='ltr'>est</span> <span class='ocrx_word' id='word_1_501' title='bbox 1507 3302 1702 3341; x_wconf 87' lang='lat' dir='ltr'>omnes</span> <span class='ocrx_word' id='word_1_502' title='bbox 1787 3296 1912 3349; x_wconf 70' lang='lat' dir='ltr'>bans</span> <span class='ocrx_word' id='word_1_503' title='bbox 1933 3295 2538 3361; x_wconf 69' lang='lat' dir='ltr'>meamjustitiamquae</span> <span class='ocrx_word' id='word_1_504' title='bbox 2552 3309 2616 3345; x_wconf 80' lang='lat' dir='ltr'>ea:</span> <span class='ocrx_word' id='word_1_505' title='bbox 2638 3296 2746 3361; x_wconf 82' lang='lat' dir='ltr'>tege</span> <span class='ocrx_word' id='word_1_506' title='bbox 2767 3299 2861 3359; x_wconf 86' lang='lat' dir='ltr'>est,</span> <span class='ocrx_word' id='word_1_507' title='bbox 2886 3295 2976 3347; x_wconf 77' lang='lat' dir='ltr'>sed</span> <span class='ocrx_word' id='word_1_508' title='bbox 2996 3296 3158 3348; x_wconf 80' lang='lat' dir='ltr'>illam</span> <span class='ocrx_word' id='word_1_509' title='bbox 3177 3299 3380 3363; x_wconf 59' lang='lat' dir='ltr'>quaest</span> 
     </span>
    </p>
   </div>
   <div class='ocr_carea' id='block_1_64' title="bbox 144 3376 3382 3453">
    <p class='ocr_par' dir='ltr' id='par_1_64' title="bbox 144 3376 3382 3453">
     <span class='ocr_line' id='line_1_64' title="bbox 144 3376 3382 3453; baseline -0.004 -14"><span class='ocrx_word' id='word_1_510' title='bbox 144 3390 264 3439; x_wconf 84' lang='lat' dir='ltr'>recte</span> <span class='ocrx_word' id='word_1_511' title='bbox 289 3385 598 3450; x_wconf 87' lang='lat' dir='ltr'>credentes,</span> <span class='ocrx_word' id='word_1_512' title='bbox 627 3397 823 3436; x_wconf 88' lang='lat' dir='ltr'>sumus</span> <span class='ocrx_word' id='word_1_513' title='bbox 854 3377 1227 3449; x_wconf 87' lang='lat' dir='ltr'>spiritualiter</span> <span class='ocrx_word' id='word_1_514' title='bbox 1247 3376 1580 3441; x_wconf 85' lang='lat' dir='ltr'>circumcisi,</span> <span class='ocrx_word' id='word_1_515' title='bbox 1607 3379 1703 3445; x_wconf 84' lang='lat' dir='ltr'>qui</span> <span class='ocrx_word' id='word_1_516' title='bbox 1785 3400 1850 3437; x_wconf 57' lang='lat' dir='ltr'>ea;</span> <span class='ocrx_word' id='word_1_517' title='bbox 1870 3385 1974 3451; x_wconf 70' lang='lat' dir='ltr'>ﬁde</span> <span class='ocrx_word' id='word_1_518' title='bbox 2003 3385 2129 3437; x_wconf 70' lang='lat' dir='ltr'>Jesu</span> <span class='ocrx_word' id='word_1_519' title='bbox 2152 3383 2376 3437; x_wconf 69' lang='lat' dir='ltr'>Christi,</span> <span class='ocrx_word' id='word_1_520' title='bbox 2408 3381 2634 3435; x_wconf 73' lang='lat' dir='ltr'>Justitia</span> <span class='ocrx_word' id='word_1_521' title='bbox 2665 3398 2789 3451; x_wconf 48' lang='lat' dir='ltr'>quae</span> <span class='ocrx_word' id='word_1_522' title='bbox 2812 3382 2869 3436; x_wconf 79' lang='lat' dir='ltr'>in</span> <span class='ocrx_word' id='word_1_523' title='bbox 2895 3383 3017 3453; x_wconf 73' lang='lat' dir='ltr'>lege</span> <span class='ocrx_word' id='word_1_524' title='bbox 3052 3387 3192 3450; x_wconf 66' lang='lat' dir='ltr'>erat,</span> <span class='ocrx_word' id='word_1_525' title='bbox 3215 3383 3382 3453; x_wconf 70' lang='lat' dir='ltr'>justi-</span> 
     </span>
    </p>
   </div>
   <div class='ocr_carea' id='block_1_65' title="bbox 142 3465 1672 3542">
    <p class='ocr_par' dir='ltr' id='par_1_65' title="bbox 142 3465 1672 3541">
     <span class='ocr_line' id='line_1_65' title="bbox 142 3465 1672 3541; baseline -0.006 -13"><span class='ocrx_word' id='word_1_526' title='bbox 142 3477 310 3541; x_wconf 78' lang='lat' dir='ltr'>spiritu</span> <span class='ocrx_word' id='word_1_527' title='bbox 336 3476 435 3529; x_wconf 84' lang='lat' dir='ltr'>Deo</span> <span class='ocrx_word' id='word_1_528' title='bbox 462 3469 836 3535; x_wconf 80' lang='lat' dir='ltr'>servimus,id</span> <span class='ocrx_word' id='word_1_529' title='bbox 859 3473 946 3521; x_wconf 89' lang='lat' dir='ltr'>est</span> <span class='ocrx_word' id='word_1_530' title='bbox 973 3465 1347 3537; x_wconf 88' lang='lat' dir='ltr'>spiritualiter</span> <span class='ocrx_word' id='word_1_531' title='bbox 1364 3471 1422 3519; x_wconf 92' lang='lat' dir='ltr'>et</span> <span class='ocrx_word' id='word_1_532' title='bbox 1444 3482 1556 3519; x_wconf 90' lang='lat' dir='ltr'>non</span> <span class='ocrx_word' id='word_1_533' title='bbox 1587 3482 1672 3519; x_wconf 75' lang='lat' dir='ltr'>cal</span> 
     </span>
    </p>
   </div>
   <div class='ocr_carea' id='block_1_66' title="bbox 1775 3465 3383 3542">
    <p class='ocr_par' dir='ltr' id='par_1_66' title="bbox 1786 3470 3383 3542">
     <span class='ocr_line' id='line_1_66' title="bbox 1786 3470 3383 3542; baseline -0.001 -16"><span class='ocrx_word' id='word_1_534' title='bbox 1786 3472 1867 3527; x_wconf 86' lang='lat' dir='ltr'>tia</span> <span class='ocrx_word' id='word_1_535' title='bbox 1888 3471 2127 3526; x_wconf 89' lang='lat' dir='ltr'>hominis</span> <span class='ocrx_word' id='word_1_536' title='bbox 2145 3470 2453 3535; x_wconf 79' lang='lat' dir='ltr'>dicebatur,</span> <span class='ocrx_word' id='word_1_537' title='bbox 2488 3470 2621 3540; x_wconf 89' lang='lat' dir='ltr'>quia</span> <span class='ocrx_word' id='word_1_538' title='bbox 2642 3470 2898 3524; x_wconf 87' lang='lat' dir='ltr'>manibus</span> <span class='ocrx_word' id='word_1_539' title='bbox 2917 3470 3273 3542; x_wconf 88' lang='lat' dir='ltr'>operabatur,</span> <span class='ocrx_word' id='word_1_540' title='bbox 3298 3471 3383 3525; x_wconf 83' lang='lat' dir='ltr'>vi-</span> 
     </span>
    </p>
   </div>
   <div class='ocr_carea' id='block_1_67' title="bbox 143 3553 3383 3629">
    <p class='ocr_par' dir='ltr' id='par_1_67' title="bbox 143 3553 3383 3629">
     <span class='ocr_line' id='line_1_67' title="bbox 143 3553 3383 3629; baseline 0 -15"><span class='ocrx_word' id='word_1_541' title='bbox 143 3562 339 3616; x_wconf 88' lang='lat' dir='ltr'>naliter:</span> <span class='ocrx_word' id='word_1_542' title='bbox 363 3563 447 3617; x_wconf 86' lang='lat' dir='ltr'>vel</span> <span class='ocrx_word' id='word_1_543' title='bbox 467 3562 646 3615; x_wconf 87' lang='lat' dir='ltr'>etiam</span> <span class='ocrx_word' id='word_1_544' title='bbox 676 3558 769 3629; x_wconf 90' lang='lat' dir='ltr'>qui</span> <span class='ocrx_word' id='word_1_545' title='bbox 800 3562 988 3610; x_wconf 90' lang='lat' dir='ltr'>mente</span> <span class='ocrx_word' id='word_1_546' title='bbox 1010 3556 1126 3609; x_wconf 89' lang='lat' dir='ltr'>Deo</span> <span class='ocrx_word' id='word_1_547' title='bbox 1158 3554 1449 3621; x_wconf 88' lang='lat' dir='ltr'>servimus,</span> <span class='ocrx_word' id='word_1_548' title='bbox 1472 3554 1620 3609; x_wconf 81' lang='lat' dir='ltr'>sicut</span> <span class='ocrx_word' id='word_1_549' title='bbox 1646 3553 1703 3608; x_wconf 86' lang='lat' dir='ltr'>in</span> <span class='ocrx_word' id='word_1_550' title='bbox 1788 3562 2058 3617; x_wconf 88' lang='lat' dir='ltr'>delicetin</span> <span class='ocrx_word' id='word_1_551' title='bbox 2071 3559 2491 3615; x_wconf 87' lang='lat' dir='ltr'>circumcisione</span> <span class='ocrx_word' id='word_1_552' title='bbox 2507 3566 2564 3613; x_wconf 92' lang='lat' dir='ltr'>et</span> <span class='ocrx_word' id='word_1_553' title='bbox 2578 3560 2861 3614; x_wconf 87' lang='lat' dir='ltr'>oblatione</span> <span class='ocrx_word' id='word_1_554' title='bbox 2878 3558 3383 3615; x_wconf 86' lang='lat' dir='ltr'>munerum.Istam</span> 
     </span>
    </p>
   </div>
   <div class='ocr_carea' id='block_1_68' title="bbox 145 3644 3385 3722">
    <p class='ocr_par' dir='ltr' id='par_1_68' title="bbox 145 3644 3385 3722">
     <span class='ocr_line' id='line_1_68' title="bbox 145 3644 3385 3722; baseline -0.004 -19"><span class='ocrx_word' id='word_1_555' title='bbox 145 3649 401 3722; x_wconf 85' lang='lat' dir='ltr'>Evangelio</span> <span class='ocrx_word' id='word_1_556' title='bbox 428 3649 708 3705; x_wconf 87' lang='lat' dir='ltr'>habetur:</span> <span class='ocrx_word' id='word_1_557' title='bbox 734 3646 978 3714; x_wconf 83' lang='lat' dir='ltr'>Spiritus</span> <span class='ocrx_word' id='word_1_558' title='bbox 1000 3651 1074 3698; x_wconf 90' lang='lat' dir='ltr'>est</span> <span class='ocrx_word' id='word_1_559' title='bbox 1096 3645 1319 3709; x_wconf 81' lang='lat' dir='ltr'>Deus,et</span> <span class='ocrx_word' id='word_1_560' title='bbox 1354 3661 1439 3698; x_wconf 77' lang='lat' dir='ltr'>COS</span> <span class='ocrx_word' id='word_1_561' title='bbox 1456 3647 1556 3712; x_wconf 79' lang='lat' dir='ltr'>qui</span> <span class='ocrx_word' id='word_1_562' title='bbox 1582 3644 1709 3698; x_wconf 82' lang='lat' dir='ltr'>ado-</span> <span class='ocrx_word' id='word_1_563' title='bbox 1783 3651 2064 3722; x_wconf 78' lang='lat' dir='ltr'>justitiam</span> <span class='ocrx_word' id='word_1_564' title='bbox 2094 3647 2393 3719; x_wconf 79' lang='lat' dir='ltr'>respuebat</span> <span class='ocrx_word' id='word_1_565' title='bbox 2423 3648 2744 3718; x_wconf 64' lang='lat' dir='ltr'>Apostolus,</span> <span class='ocrx_word' id='word_1_566' title='bbox 2774 3654 2832 3701; x_wconf 82' lang='lat' dir='ltr'>et</span> <span class='ocrx_word' id='word_1_567' title='bbox 2860 3647 3087 3702; x_wconf 70' lang='lat' dir='ltr'>nolebat,</span> <span class='ocrx_word' id='word_1_568' title='bbox 3114 3663 3238 3702; x_wconf 79' lang='lat' dir='ltr'>eam</span> <span class='ocrx_word' id='word_1_569' title='bbox 3268 3664 3385 3702; x_wconf 75' lang='lat' dir='ltr'>am.</span> 
     </span>
    </p>
   </div>
   <div class='ocr_carea' id='block_1_69' title="bbox 148 3733 3385 3810">
    <p class='ocr_par' dir='ltr' id='par_1_69' title="bbox 148 3733 3385 3810">
     <span class='ocr_line' id='line_1_69' title="bbox 148 3733 3385 3810; baseline 0 -20"><span class='ocrx_word' id='word_1_570' title='bbox 148 3744 254 3793; x_wconf 82' lang='lat' dir='ltr'>rant</span> <span class='ocrx_word' id='word_1_571' title='bbox 270 3756 403 3805; x_wconf 84' lang='lat' dir='ltr'>eum,</span> <span class='ocrx_word' id='word_1_572' title='bbox 430 3742 493 3793; x_wconf 88' lang='lat' dir='ltr'>in</span> <span class='ocrx_word' id='word_1_573' title='bbox 521 3734 818 3807; x_wconf 80' lang='lat' dir='ltr'>spiritu,id</span> <span class='ocrx_word' id='word_1_574' title='bbox 836 3739 922 3788; x_wconf 77' lang='lat' dir='ltr'>est</span> <span class='ocrx_word' id='word_1_575' title='bbox 941 3733 999 3787; x_wconf 79' lang='lat' dir='ltr'>in</span> <span class='ocrx_word' id='word_1_576' title='bbox 1021 3738 1227 3797; x_wconf 70' lang='lat' dir='ltr'>mente.</span> <span class='ocrx_word' id='word_1_577' title='bbox 1252 3738 1453 3801; x_wconf 78' lang='grc' dir='ltr'>ορονιει</span> <span class='ocrx_word' id='word_1_578' title='bbox 1472 3734 1708 3787; x_wconf 69' lang='lat' dir='ltr'>adorare</span> <span class='ocrx_word' id='word_1_579' title='bbox 1790 3740 1937 3810; x_wconf 90' lang='lat' dir='ltr'>plius</span> <span class='ocrx_word' id='word_1_580' title='bbox 1956 3738 2181 3803; x_wconf 90' lang='lat' dir='ltr'>habere,</span> <span class='ocrx_word' id='word_1_581' title='bbox 2205 3737 2301 3790; x_wconf 90' lang='lat' dir='ltr'>sed</span> <span class='ocrx_word' id='word_1_582' title='bbox 2322 3736 2509 3807; x_wconf 90' lang='lat' dir='ltr'>potius</span> <span class='ocrx_word' id='word_1_583' title='bbox 2522 3735 2878 3790; x_wconf 86' lang='lat' dir='ltr'>desiderabat</span> <span class='ocrx_word' id='word_1_584' title='bbox 2898 3736 3133 3790; x_wconf 89' lang='lat' dir='ltr'>inveniri</span> <span class='ocrx_word' id='word_1_585' title='bbox 3148 3736 3206 3789; x_wconf 90' lang='lat' dir='ltr'>in</span> <span class='ocrx_word' id='word_1_586' title='bbox 3212 3736 3385 3806; x_wconf 89' lang='lat' dir='ltr'>justi-</span> 
     </span>
    </p>
   </div>
   <div class='ocr_carea' id='block_1_70' title="bbox 150 3821 3385 3897">
    <p class='ocr_par' dir='ltr' id='par_1_70' title="bbox 150 3821 3385 3897">
     <span class='ocr_line' id='line_1_70' title="bbox 150 3821 3385 3897; baseline 0 -17"><span class='ocrx_word' id='word_1_587' title='bbox 150 3828 488 3897; x_wconf 82' lang='lat' dir='ltr'>(Joan.lv).Et</span> <span class='ocrx_word' id='word_1_588' title='bbox 509 3828 833 3896; x_wconf 82' lang='lat' dir='ltr'>gloriamur</span> <span class='ocrx_word' id='word_1_589' title='bbox 854 3827 915 3875; x_wconf 87' lang='lat' dir='ltr'>in</span> <span class='ocrx_word' id='word_1_590' title='bbox 936 3824 1152 3879; x_wconf 77' lang='lat' dir='ltr'>Christo</span> <span class='ocrx_word' id='word_1_591' title='bbox 1171 3825 1317 3885; x_wconf 85' lang='lat' dir='ltr'>Jesu,</span> <span class='ocrx_word' id='word_1_592' title='bbox 1343 3822 1398 3875; x_wconf 91' lang='lat' dir='ltr'>id</span> <span class='ocrx_word' id='word_1_593' title='bbox 1416 3827 1503 3875; x_wconf 90' lang='lat' dir='ltr'>est</span> <span class='ocrx_word' id='word_1_594' title='bbox 1522 3821 1582 3875; x_wconf 89' lang='lat' dir='ltr'>in</span> <span class='ocrx_word' id='word_1_595' title='bbox 1600 3821 1709 3876; x_wconf 87' lang='lat' dir='ltr'>ﬁde</span> <span class='ocrx_word' id='word_1_596' title='bbox 1790 3828 1872 3882; x_wconf 86' lang='lat' dir='ltr'>tia</span> <span class='ocrx_word' id='word_1_597' title='bbox 1900 3827 2030 3881; x_wconf 90' lang='lat' dir='ltr'>ﬁdei</span> <span class='ocrx_word' id='word_1_598' title='bbox 2059 3832 2116 3880; x_wconf 91' lang='lat' dir='ltr'>et</span> <span class='ocrx_word' id='word_1_599' title='bbox 2145 3825 2579 3895; x_wconf 73' lang='lat' dir='ltr'>Evangelii,quse</span> <span class='ocrx_word' id='word_1_600' title='bbox 2608 3841 2721 3878; x_wconf 89' lang='lat' dir='ltr'>non</span> <span class='ocrx_word' id='word_1_601' title='bbox 2752 3830 2838 3878; x_wconf 89' lang='lat' dir='ltr'>est</span> <span class='ocrx_word' id='word_1_602' title='bbox 2868 3824 3113 3879; x_wconf 88' lang='lat' dir='ltr'>hominis</span> <span class='ocrx_word' id='word_1_603' title='bbox 3137 3825 3385 3895; x_wconf 86' lang='lat' dir='ltr'>justitia,</span> 
     </span>
    </p>
   </div>
   <div class='ocr_carea' id='block_1_71' title="bbox 146 3910 3381 3985">
    <p class='ocr_par' dir='ltr' id='par_1_71' title="bbox 146 3910 3381 3985">
     <span class='ocr_line' id='line_1_71' title="bbox 146 3910 3381 3985; baseline -0.001 -12"><span class='ocrx_word' id='word_1_604' title='bbox 146 3914 251 3969; x_wconf 67' lang='lat' dir='ltr'>Iesu</span> <span class='ocrx_word' id='word_1_605' title='bbox 269 3916 484 3981; x_wconf 82' lang='lat' dir='ltr'>Christi,</span> <span class='ocrx_word' id='word_1_606' title='bbox 501 3920 553 3968; x_wconf 78' lang='lat' dir='ltr'>et</span> <span class='ocrx_word' id='word_1_607' title='bbox 577 3915 772 3967; x_wconf 77' lang='lat' dir='ltr'>nonin</span> <span class='ocrx_word' id='word_1_608' title='bbox 794 3926 960 3965; x_wconf 77' lang='grc' dir='ltr'>σανηϐ</span> <span class='ocrx_word' id='word_1_609' title='bbox 976 3912 1240 3977; x_wconf 69' lang='lat' dir='ltr'>ﬁduciam</span> <span class='ocrx_word' id='word_1_610' title='bbox 1261 3911 1530 3973; x_wconf 59' lang='lat' dir='ltr'>habent“,</span> <span class='ocrx_word' id='word_1_611' title='bbox 1555 3910 1611 3963; x_wconf 83' lang='lat' dir='ltr'>id</span> <span class='ocrx_word' id='word_1_612' title='bbox 1626 3916 1712 3964; x_wconf 81' lang='lat' dir='ltr'>est</span> <span class='ocrx_word' id='word_1_613' title='bbox 1790 3917 1889 3971; x_wconf 89' lang='lat' dir='ltr'>sed</span> <span class='ocrx_word' id='word_1_614' title='bbox 1909 3915 2168 3985; x_wconf 89' lang='lat' dir='ltr'>Dei,quia</span> <span class='ocrx_word' id='word_1_615' title='bbox 2186 3913 2583 3984; x_wconf 90' lang='lat' dir='ltr'>spiritaliterin</span> <span class='ocrx_word' id='word_1_616' title='bbox 2595 3913 2931 3984; x_wconf 87' lang='lat' dir='ltr'>baptismate</span> <span class='ocrx_word' id='word_1_617' title='bbox 2946 3915 3008 3968; x_wconf 87' lang='lat' dir='ltr'>ﬁt</span> <span class='ocrx_word' id='word_1_618' title='bbox 3021 3919 3079 3968; x_wconf 89' lang='lat' dir='ltr'>et</span> <span class='ocrx_word' id='word_1_619' title='bbox 3098 3914 3156 3968; x_wconf 91' lang='lat' dir='ltr'>in</span> <span class='ocrx_word' id='word_1_620' title='bbox 3176 3920 3381 3970; x_wconf 86' lang='lat' dir='ltr'>mente.</span> 
     </span>
    </p>
   </div>
   <div class='ocr_carea' id='block_1_72' title="bbox 147 3998 3389 4073">
    <p class='ocr_par' dir='ltr' id='par_1_72' title="bbox 147 3998 3389 4073">
     <span class='ocr_line' id='line_1_72' title="bbox 147 3998 3389 4073; baseline 0 -16"><span class='ocrx_word' id='word_1_621' title='bbox 147 4004 320 4059; x_wconf 86' lang='lat' dir='ltr'>carnali</span> <span class='ocrx_word' id='word_1_622' title='bbox 346 3999 933 4070; x_wconf 87' lang='lat' dir='ltr'>circumcisione,quia</span> <span class='ocrx_word' id='word_1_623' title='bbox 953 4014 1055 4052; x_wconf 91' lang='lat' dir='ltr'>nos</span> <span class='ocrx_word' id='word_1_624' title='bbox 1083 3998 1355 4053; x_wconf 89' lang='lat' dir='ltr'>habemus</span> <span class='ocrx_word' id='word_1_625' title='bbox 1373 4014 1567 4053; x_wconf 89' lang='lat' dir='ltr'>omnes</span> <span class='ocrx_word' id='word_1_626' title='bbox 1579 4015 1707 4053; x_wconf 86' lang='lat' dir='ltr'>sen-</span> <span class='ocrx_word' id='word_1_627' title='bbox 1863 4007 1987 4073; x_wconf 59' lang='lat' dir='ltr'>Qus</span> <span class='ocrx_word' id='word_1_628' title='bbox 2015 4022 2079 4058; x_wconf 67' lang='lat' dir='ltr'>ea;</span> <span class='ocrx_word' id='word_1_629' title='bbox 2106 4006 2209 4058; x_wconf 84' lang='lat' dir='ltr'>Deo</span> <span class='ocrx_word' id='word_1_630' title='bbox 2239 4007 2314 4056; x_wconf 86' lang='lat' dir='ltr'>est</span> <span class='ocrx_word' id='word_1_631' title='bbox 2332 4005 2583 4071; x_wconf 86' lang='lat' dir='ltr'>justitia,</span> <span class='ocrx_word' id='word_1_632' title='bbox 2624 4001 2892 4056; x_wconf 86' lang='lat' dir='ltr'>subaudis</span> <span class='ocrx_word' id='word_1_633' title='bbox 2921 4002 3064 4067; x_wconf 91' lang='lat' dir='ltr'>dico,</span> <span class='ocrx_word' id='word_1_634' title='bbox 3090 4003 3148 4057; x_wconf 90' lang='lat' dir='ltr'>in</span> <span class='ocrx_word' id='word_1_635' title='bbox 3176 4004 3286 4057; x_wconf 87' lang='lat' dir='ltr'>ﬁde</span> <span class='ocrx_word' id='word_1_636' title='bbox 3314 4004 3389 4058; x_wconf 88' lang='lat' dir='ltr'>ad</span> 
     </span>
    </p>
   </div>
   <div class='ocr_carea' id='block_1_73' title="bbox 149 4088 3389 4165">
    <p class='ocr_par' dir='ltr' id='par_1_73' title="bbox 149 4088 3389 4165">
     <span class='ocr_line' id='line_1_73' title="bbox 149 4088 3389 4165; baseline 0.001 -20"><span class='ocrx_word' id='word_1_637' title='bbox 149 4108 225 4147; x_wconf 80' lang='lat' dir='ltr'>sus</span> <span class='ocrx_word' id='word_1_638' title='bbox 268 4092 503 4164; x_wconf 85' lang='lat' dir='ltr'>corporis</span> <span class='ocrx_word' id='word_1_639' title='bbox 531 4088 916 4145; x_wconf 75' lang='lat' dir='ltr'>circumCiSOS-</span> <span class='ocrx_word' id='word_1_640' title='bbox 946 4088 1279 4156; x_wconf 67' lang='lat' dir='ltr'>Quanquam</span> <span class='ocrx_word' id='word_1_641' title='bbox 1327 4104 1418 4154; x_wconf 75' lang='grc' dir='ltr'>εθο</span> <span class='ocrx_word' id='word_1_642' title='bbox 1477 4088 1707 4142; x_wconf 75' lang='lat' dir='ltr'>habeam</span> <span class='ocrx_word' id='word_1_643' title='bbox 1790 4092 2235 4165; x_wconf 71' lang='lat' dir='ltr'>cognoscendum</span> <span class='ocrx_word' id='word_1_644' title='bbox 2257 4090 2574 4161; x_wconf 89' lang='lat' dir='ltr'>illum,quia</span> <span class='ocrx_word' id='word_1_645' title='bbox 2602 4107 2703 4161; x_wconf 87' lang='lat' dir='ltr'>per</span> <span class='ocrx_word' id='word_1_646' title='bbox 2732 4090 2900 4145; x_wconf 89' lang='lat' dir='ltr'>ﬁdem</span> <span class='ocrx_word' id='word_1_647' title='bbox 2922 4108 3044 4163; x_wconf 63' lang='lat' dir='ltr'>quae</span> <span class='ocrx_word' id='word_1_648' title='bbox 3064 4091 3224 4146; x_wconf 89' lang='lat' dir='ltr'>bonis</span> <span class='ocrx_word' id='word_1_649' title='bbox 3254 4109 3389 4164; x_wconf 84' lang='lat' dir='ltr'>ope-</span> 
     </span>
    </p>
   </div>
   <div class='ocr_carea' id='block_1_74' title="bbox 150 4174 3390 4249">
    <p class='ocr_par' dir='ltr' id='par_1_74' title="bbox 150 4174 3390 4249">
     <span class='ocr_line' id='line_1_74' title="bbox 150 4174 3390 4249; baseline 0.001 -14"><span class='ocrx_word' id='word_1_650' title='bbox 150 4181 498 4247; x_wconf 77' lang='lat' dir='ltr'>conﬁdentiam</span> <span class='ocrx_word' id='word_1_651' title='bbox 519 4184 570 4232; x_wconf 78' lang='lat' dir='ltr'>et</span> <span class='ocrx_word' id='word_1_652' title='bbox 611 4180 671 4231; x_wconf 75' lang='lat' dir='ltr'>in</span> <span class='ocrx_word' id='word_1_653' title='bbox 701 4191 886 4237; x_wconf 68' lang='lat' dir='ltr'>carm,</span> <span class='ocrx_word' id='word_1_654' title='bbox 928 4174 983 4228; x_wconf 87' lang='lat' dir='ltr'>id</span> <span class='ocrx_word' id='word_1_655' title='bbox 1020 4179 1125 4240; x_wconf 73' lang='lat' dir='ltr'>est,</span> <span class='ocrx_word' id='word_1_656' title='bbox 1159 4174 1365 4228; x_wconf 77' lang='lat' dir='ltr'>habere</span> <span class='ocrx_word' id='word_1_657' title='bbox 1393 4190 1614 4246; x_wconf 78' lang='lat' dir='ltr'>Possem</span> <span class='ocrx_word' id='word_1_658' title='bbox 1651 4175 1711 4229; x_wconf 84' lang='lat' dir='ltr'>in</span> <span class='ocrx_word' id='word_1_659' title='bbox 1794 4183 1949 4237; x_wconf 89' lang='lat' dir='ltr'>ribus</span> <span class='ocrx_word' id='word_1_660' title='bbox 1978 4182 2303 4246; x_wconf 89' lang='lat' dir='ltr'>adornatur,</span> <span class='ocrx_word' id='word_1_661' title='bbox 2338 4180 2695 4249; x_wconf 86' lang='lat' dir='ltr'>cognoscitur</span> <span class='ocrx_word' id='word_1_662' title='bbox 2729 4180 2878 4234; x_wconf 90' lang='lat' dir='ltr'>Deus</span> <span class='ocrx_word' id='word_1_663' title='bbox 2911 4198 2923 4235; x_wconf 87' lang='lat'><strong>:</strong></span> <span class='ocrx_word' id='word_1_664' title='bbox 2955 4182 3390 4237; x_wconf 83' lang='lat' dir='ltr'>Resurrectionis</span> 
     </span>
    </p>
   </div>
   <div class='ocr_carea' id='block_1_75' title="bbox 152 4262 3395 4364">
    <p class='ocr_par' dir='ltr' id='par_1_75' title="bbox 152 4262 3395 4364">
     <span class='ocr_line' id='line_1_75' title="bbox 152 4262 3395 4364; baseline -0.001 -36"><span class='ocrx_word' id='word_1_665' title='bbox 152 4268 324 4322; x_wconf 76' lang='lat' dir='ltr'>carnali</span> <span class='ocrx_word' id='word_1_666' title='bbox 342 4265 787 4328; x_wconf 65' lang='lat' dir='ltr'>circumcisione.</span> <span class='ocrx_word' id='word_1_667' title='bbox 820 4263 866 4317; x_wconf 64' lang='lat' dir='ltr'>Si</span> <span class='ocrx_word' id='word_1_668' title='bbox 897 4263 1087 4334; x_wconf 86' lang='lat' dir='ltr'>aliqua</span> <span class='ocrx_word' id='word_1_669' title='bbox 1115 4262 1193 4317; x_wconf 90' lang='lat' dir='ltr'>ibi</span> <span class='ocrx_word' id='word_1_670' title='bbox 1221 4268 1370 4318; x_wconf 89' lang='lat' dir='ltr'>esset</span> <span class='ocrx_word' id='word_1_671' title='bbox 1393 4263 1617 4323; x_wconf 87' lang='lat' dir='ltr'>ﬁducia.</span> <span class='ocrx_word' id='word_1_672' title='bbox 1677 4321 1691 4335; x_wconf 61' lang='grc'>,</span> <span class='ocrx_word' id='word_1_673' title='bbox 1730 4307 1778 4364; x_wconf 82' lang='lat' dir='ltr'><strong>D</strong></span> <span class='ocrx_word' id='word_1_674' title='bbox 1796 4276 1911 4342; x_wconf 86' lang='lat' dir='ltr'>ejus</span> <span class='ocrx_word' id='word_1_675' title='bbox 1927 4268 2483 4331; x_wconf 85' lang='lat' dir='ltr'>virtutem,subaudis</span> <span class='ocrx_word' id='word_1_676' title='bbox 2495 4269 3099 4337; x_wconf 63' lang='lat' dir='ltr'>cognoscendamQuaa</span> <span class='ocrx_word' id='word_1_677' title='bbox 3119 4275 3205 4324; x_wconf 90' lang='lat' dir='ltr'>est</span> <span class='ocrx_word' id='word_1_678' title='bbox 3218 4270 3395 4325; x_wconf 89' lang='lat' dir='ltr'>virtus</span> 
     </span>
    </p>
   </div>
   <div class='ocr_carea' id='block_1_76' title="bbox 204 4352 3395 4426">
    <p class='ocr_par' dir='ltr' id='par_1_76' title="bbox 204 4352 3395 4426">
     <span class='ocr_line' id='line_1_76' title="bbox 204 4352 3395 4426; baseline 0.001 -15"><span class='ocrx_word' id='word_1_679' title='bbox 204 4356 257 4411; x_wconf 84' lang='lat' dir='ltr'>Si</span> <span class='ocrx_word' id='word_1_680' title='bbox 277 4361 392 4426; x_wconf 87' lang='lat' dir='ltr'>quis</span> <span class='ocrx_word' id='word_1_681' title='bbox 412 4362 609 4412; x_wconf 81' lang='lat' dir='ltr'>autem</span> <span class='ocrx_word' id='word_1_682' title='bbox 631 4357 803 4419; x_wconf 85' lang='lat' dir='ltr'>alius,</span> <span class='ocrx_word' id='word_1_683' title='bbox 831 4352 1102 4407; x_wconf 86' lang='lat' dir='ltr'>subaudis</span> <span class='ocrx_word' id='word_1_684' title='bbox 1133 4359 1374 4407; x_wconf 89' lang='lat' dir='ltr'>vestrum</span> <span class='ocrx_word' id='word_1_685' title='bbox 1393 4352 1711 4422; x_wconf 76' lang='lat' dir='ltr'>gentilium.</span> <span class='ocrx_word' id='word_1_686' title='bbox 1734 4352 1775 4364; x_wconf 74' lang='grc'>”</span> <span class='ocrx_word' id='word_1_687' title='bbox 1799 4358 2263 4415; x_wconf 83' lang='lat' dir='ltr'>resurrectionis?</span> <span class='ocrx_word' id='word_1_688' title='bbox 2283 4358 2358 4412; x_wconf 92' lang='lat' dir='ltr'>Ut</span> <span class='ocrx_word' id='word_1_689' title='bbox 2386 4356 2531 4412; x_wconf 90' lang='lat' dir='ltr'>sicut</span> <span class='ocrx_word' id='word_1_690' title='bbox 2557 4356 2813 4412; x_wconf 88' lang='lat' dir='ltr'>Christus</span> <span class='ocrx_word' id='word_1_691' title='bbox 2845 4365 3100 4414; x_wconf 90' lang='lat' dir='ltr'>mortuus</span> <span class='ocrx_word' id='word_1_692' title='bbox 3123 4365 3181 4414; x_wconf 87' lang='lat' dir='ltr'>et</span> <span class='ocrx_word' id='word_1_693' title='bbox 3206 4376 3395 4415; x_wconf 87' lang='lat' dir='ltr'>resur-</span> 
     </span>
    </p>
   </div>
   <div class='ocr_carea' id='block_1_77' title="bbox 154 4445 3398 4518">
    <p class='ocr_par' dir='ltr' id='par_1_77' title="bbox 154 4445 3398 4518">
     <span class='ocr_line' id='line_1_77' title="bbox 154 4445 3398 4518; baseline 0.001 -18"><span class='ocrx_word' id='word_1_694' title='bbox 154 4449 334 4503; x_wconf 79' lang='lat' dir='ltr'>videtur</span> <span class='ocrx_word' id='word_1_695' title='bbox 358 4451 628 4517; x_wconf 79' lang='lat' dir='ltr'>conﬁdere</span> <span class='ocrx_word' id='word_1_696' title='bbox 650 4450 709 4499; x_wconf 88' lang='lat' dir='ltr'>in</span> <span class='ocrx_word' id='word_1_697' title='bbox 726 4461 912 4510; x_wconf 86' lang='lat' dir='ltr'>carne,</span> <span class='ocrx_word' id='word_1_698' title='bbox 934 4461 1026 4512; x_wconf 89' lang='lat' dir='ltr'>ego</span> <span class='ocrx_word' id='word_1_699' title='bbox 1048 4449 1242 4513; x_wconf 84' lang='lat' dir='ltr'>magis.</span> <span class='ocrx_word' id='word_1_700' title='bbox 1260 4445 1716 4516; x_wconf 87' lang='lat' dir='ltr'>Diceretaliquis:</span> <span class='ocrx_word' id='word_1_701' title='bbox 1801 4449 1964 4513; x_wconf 86' lang='lat' dir='ltr'>rexit,</span> <span class='ocrx_word' id='word_1_702' title='bbox 1996 4453 2053 4502; x_wconf 89' lang='lat' dir='ltr'>et</span> <span class='ocrx_word' id='word_1_703' title='bbox 2084 4448 2203 4518; x_wconf 91' lang='lat' dir='ltr'>jam</span> <span class='ocrx_word' id='word_1_704' title='bbox 2234 4462 2345 4501; x_wconf 90' lang='lat' dir='ltr'>non</span> <span class='ocrx_word' id='word_1_705' title='bbox 2382 4446 2638 4512; x_wconf 90' lang='lat' dir='ltr'>moritur,</span> <span class='ocrx_word' id='word_1_706' title='bbox 2671 4446 2750 4500; x_wconf 86' lang='lat' dir='ltr'>ita</span> <span class='ocrx_word' id='word_1_707' title='bbox 2783 4453 2841 4500; x_wconf 88' lang='lat' dir='ltr'>et</span> <span class='ocrx_word' id='word_1_708' title='bbox 2869 4464 2971 4502; x_wconf 90' lang='lat' dir='ltr'>nos</span> <span class='ocrx_word' id='word_1_709' title='bbox 3005 4448 3311 4503; x_wconf 86' lang='lat' dir='ltr'>moriamur</span> <span class='ocrx_word' id='word_1_710' title='bbox 3337 4449 3398 4503; x_wconf 86' lang='lat' dir='ltr'>in</span> 
     </span>
    </p>
   </div>
   <div class='ocr_carea' id='block_1_78' title="bbox 154 4533 3393 4607">
    <p class='ocr_par' dir='ltr' id='par_1_78' title="bbox 154 4533 3393 4607">
     <span class='ocr_line' id='line_1_78' title="bbox 154 4533 3393 4607; baseline 0 -17"><span class='ocrx_word' id='word_1_711' title='bbox 154 4533 253 4591; x_wconf 88' lang='lat' dir='ltr'>Non</span> <span class='ocrx_word' id='word_1_712' title='bbox 275 4553 329 4593; x_wconf 85' lang='lat' dir='ltr'>es</span> <span class='ocrx_word' id='word_1_713' title='bbox 355 4537 722 4594; x_wconf 88' lang='lat' dir='ltr'>circumcisus</span> <span class='ocrx_word' id='word_1_714' title='bbox 752 4550 936 4604; x_wconf 90' lang='lat' dir='ltr'>neque</span> <span class='ocrx_word' id='word_1_715' title='bbox 959 4534 1208 4604; x_wconf 88' lang='lat' dir='ltr'>injussus</span> <span class='ocrx_word' id='word_1_716' title='bbox 1229 4533 1570 4601; x_wconf 89' lang='lat' dir='ltr'>circumcidi,</span> <span class='ocrx_word' id='word_1_717' title='bbox 1590 4534 1716 4588; x_wconf 90' lang='lat' dir='ltr'>ideo</span> <span class='ocrx_word' id='word_1_718' title='bbox 1796 4538 1950 4592; x_wconf 85' lang='lat' dir='ltr'>fonte</span> <span class='ocrx_word' id='word_1_719' title='bbox 1977 4536 2333 4607; x_wconf 86' lang='lat' dir='ltr'>baptismatis</span> <span class='ocrx_word' id='word_1_720' title='bbox 2362 4541 2610 4606; x_wconf 87' lang='lat' dir='ltr'>peccato,</span> <span class='ocrx_word' id='word_1_721' title='bbox 2636 4540 2694 4588; x_wconf 79' lang='lat' dir='ltr'>et</span> <span class='ocrx_word' id='word_1_722' title='bbox 2715 4551 3075 4605; x_wconf 88' lang='lat' dir='ltr'>resurgamus</span> <span class='ocrx_word' id='word_1_723' title='bbox 3101 4536 3171 4589; x_wconf 90' lang='lat' dir='ltr'>ad</span> <span class='ocrx_word' id='word_1_724' title='bbox 3203 4536 3393 4603; x_wconf 88' lang='lat' dir='ltr'>vitam,</span> 
     </span>
    </p>
   </div>
   <div class='ocr_carea' id='block_1_79' title="bbox 156 4622 3397 4699">
    <p class='ocr_par' dir='ltr' id='par_1_79' title="bbox 156 4622 3397 4699">
     <span class='ocr_line' id='line_1_79' title="bbox 156 4622 3397 4699; baseline 0 -22"><span class='ocrx_word' id='word_1_725' title='bbox 156 4626 263 4680; x_wconf 82' lang='lat' dir='ltr'>talia</span> <span class='ocrx_word' id='word_1_726' title='bbox 284 4628 530 4699; x_wconf 68' lang='lat' dir='ltr'>praecipis</span> <span class='ocrx_word' id='word_1_727' title='bbox 553 4627 579 4681; x_wconf 64' lang='grc' dir='ltr'><em>ἲ</em></span> <span class='ocrx_word' id='word_1_728' title='bbox 610 4624 697 4679; x_wconf 78' lang='lat' dir='ltr'>Ad</span> <span class='ocrx_word' id='word_1_729' title='bbox 728 4624 846 4678; x_wconf 73' lang='lat' dir='ltr'>haec</span> <span class='ocrx_word' id='word_1_730' title='bbox 873 4622 967 4677; x_wconf 88' lang='lat' dir='ltr'>ille</span> <span class='ocrx_word' id='word_1_731' title='bbox 1000 4641 1011 4676; x_wconf 91' lang='lat'><strong>:</strong></span> <span class='ocrx_word' id='word_1_732' title='bbox 1046 4623 1172 4677; x_wconf 90' lang='lat' dir='ltr'>Non</span> <span class='ocrx_word' id='word_1_733' title='bbox 1200 4622 1563 4694; x_wconf 88' lang='lat' dir='ltr'>ideo,inquit,</span> <span class='ocrx_word' id='word_1_734' title='bbox 1581 4622 1721 4677; x_wconf 85' lang='lat' dir='ltr'>talia</span> <span class='ocrx_word' id='word_1_735' title='bbox 1801 4633 1858 4682; x_wconf 89' lang='lat' dir='ltr'>et</span> <span class='ocrx_word' id='word_1_736' title='bbox 1878 4641 2101 4696; x_wconf 88' lang='lat' dir='ltr'>semper</span> <span class='ocrx_word' id='word_1_737' title='bbox 2127 4624 2186 4679; x_wconf 92' lang='lat' dir='ltr'>in</span> <span class='ocrx_word' id='word_1_738' title='bbox 2212 4625 2458 4679; x_wconf 84' lang='lat' dir='ltr'>novitate</span> <span class='ocrx_word' id='word_1_739' title='bbox 2481 4624 2607 4677; x_wconf 63' lang='lat' dir='ltr'>vitae</span> <span class='ocrx_word' id='word_1_740' title='bbox 2639 4622 3007 4677; x_wconf 87' lang='lat' dir='ltr'>ambulemus.</span> <span class='ocrx_word' id='word_1_741' title='bbox 3047 4623 3117 4676; x_wconf 85' lang='lat' dir='ltr'>Et</span> <span class='ocrx_word' id='word_1_742' title='bbox 3141 4623 3258 4677; x_wconf 66' lang='lat' dir='ltr'>haec</span> <span class='ocrx_word' id='word_1_743' title='bbox 3285 4623 3397 4677; x_wconf 88' lang='lat' dir='ltr'>vir-</span> 
     </span>
    </p>
   </div>
   <div class='ocr_carea' id='block_1_80' title="bbox 158 4704 3401 4787">
    <p class='ocr_par' dir='ltr' id='par_1_80' title="bbox 158 4704 3401 4787">
     <span class='ocr_line' id='line_1_80' title="bbox 158 4704 3401 4787; baseline -0.001 -19"><span class='ocrx_word' id='word_1_744' title='bbox 158 4716 398 4787; x_wconf 70' lang='lat' dir='ltr'>przecipio,</span> <span class='ocrx_word' id='word_1_745' title='bbox 422 4716 480 4770; x_wconf 92' lang='lat' dir='ltr'>id</span> <span class='ocrx_word' id='word_1_746' title='bbox 509 4719 619 4782; x_wconf 88' lang='lat' dir='ltr'>est,</span> <span class='ocrx_word' id='word_1_747' title='bbox 635 4713 762 4767; x_wconf 90' lang='lat' dir='ltr'>ideo</span> <span class='ocrx_word' id='word_1_748' title='bbox 781 4711 1041 4784; x_wconf 79' lang='lat' dir='ltr'>praecipio</span> <span class='ocrx_word' id='word_1_749' title='bbox 1058 4728 1171 4766; x_wconf 92' lang='lat' dir='ltr'>non</span> <span class='ocrx_word' id='word_1_750' title='bbox 1192 4712 1532 4777; x_wconf 89' lang='lat' dir='ltr'>circumcidi,</span> <span class='ocrx_word' id='word_1_751' title='bbox 1560 4712 1721 4783; x_wconf 89' lang='lat' dir='ltr'>quasi</span> <span class='ocrx_word' id='word_1_752' title='bbox 1802 4719 1893 4770; x_wconf 89' lang='lat' dir='ltr'>tus</span> <span class='ocrx_word' id='word_1_753' title='bbox 1912 4704 2013 4787; x_wconf 89' lang='lat' dir='ltr'>per</span> <span class='ocrx_word' id='word_1_754' title='bbox 2038 4713 2206 4768; x_wconf 89' lang='lat' dir='ltr'>ﬁdem</span> <span class='ocrx_word' id='word_1_755' title='bbox 2227 4712 2599 4784; x_wconf 86' lang='lat' dir='ltr'>cognoscitur,</span> <span class='ocrx_word' id='word_1_756' title='bbox 2625 4716 2682 4764; x_wconf 92' lang='lat' dir='ltr'>et</span> <span class='ocrx_word' id='word_1_757' title='bbox 2700 4726 2801 4781; x_wconf 90' lang='lat' dir='ltr'>per</span> <span class='ocrx_word' id='word_1_758' title='bbox 2820 4710 2987 4763; x_wconf 90' lang='lat' dir='ltr'>ﬁdem</span> <span class='ocrx_word' id='word_1_759' title='bbox 3008 4710 3129 4779; x_wconf 83' lang='lat' dir='ltr'>ejus</span> <span class='ocrx_word' id='word_1_760' title='bbox 3150 4711 3401 4781; x_wconf 85' lang='lat' dir='ltr'>perveni-</span> 
     </span>
    </p>
   </div>
   <div class='ocr_carea' id='block_1_81' title="bbox 160 4795 3399 4873">
    <p class='ocr_par' dir='ltr' id='par_1_81' title="bbox 160 4795 3399 4873">
     <span class='ocr_line' id='line_1_81' title="bbox 160 4795 3399 4873; baseline -0.002 -14"><span class='ocrx_word' id='word_1_761' title='bbox 160 4816 241 4871; x_wconf 79' lang='lat' dir='ltr'>ego</span> <span class='ocrx_word' id='word_1_762' title='bbox 264 4821 366 4861; x_wconf 90' lang='lat' dir='ltr'>non</span> <span class='ocrx_word' id='word_1_763' title='bbox 391 4807 500 4861; x_wconf 87' lang='lat' dir='ltr'>sim</span> <span class='ocrx_word' id='word_1_764' title='bbox 530 4801 917 4868; x_wconf 90' lang='lat' dir='ltr'>circumcisus,</span> <span class='ocrx_word' id='word_1_765' title='bbox 952 4806 1010 4856; x_wconf 88' lang='lat' dir='ltr'>et</span> <span class='ocrx_word' id='word_1_766' title='bbox 1033 4802 1245 4873; x_wconf 89' lang='lat' dir='ltr'>possim</span> <span class='ocrx_word' id='word_1_767' title='bbox 1289 4800 1347 4856; x_wconf 91' lang='lat' dir='ltr'>in</span> <span class='ocrx_word' id='word_1_768' title='bbox 1373 4801 1556 4872; x_wconf 86' lang='lat' dir='ltr'>gloria</span> <span class='ocrx_word' id='word_1_769' title='bbox 1596 4818 1724 4857; x_wconf 85' lang='lat' dir='ltr'>mea</span> <span class='ocrx_word' id='word_1_770' title='bbox 1804 4809 1899 4859; x_wconf 90' lang='lat' dir='ltr'>tur</span> <span class='ocrx_word' id='word_1_771' title='bbox 1926 4802 1996 4858; x_wconf 89' lang='lat' dir='ltr'>ad</span> <span class='ocrx_word' id='word_1_772' title='bbox 2026 4801 2350 4857; x_wconf 86' lang='lat' dir='ltr'>societatem</span> <span class='ocrx_word' id='word_1_773' title='bbox 2373 4798 2699 4871; x_wconf 90' lang='lat' dir='ltr'>passionum</span> <span class='ocrx_word' id='word_1_774' title='bbox 2716 4795 3081 4866; x_wconf 86' lang='lat' dir='ltr'>Christi,quia</span> <span class='ocrx_word' id='word_1_775' title='bbox 3101 4798 3209 4852; x_wconf 90' lang='lat' dir='ltr'>nisi</span> <span class='ocrx_word' id='word_1_776' title='bbox 3229 4798 3399 4854; x_wconf 89' lang='lat' dir='ltr'>ﬁdem</span> 
     </span>
    </p>
   </div>
   <div class='ocr_carea' id='block_1_82' title="bbox 162 4885 3401 4966">
    <p class='ocr_par' dir='ltr' id='par_1_82' title="bbox 162 4885 3401 4966">
     <span class='ocr_line' id='line_1_82' title="bbox 162 4885 3401 4966; baseline 0 -23"><span class='ocrx_word' id='word_1_777' title='bbox 162 4893 400 4950; x_wconf 86' lang='lat' dir='ltr'>conﬁdere</span> <span class='ocrx_word' id='word_1_778' title='bbox 430 4894 558 4966; x_wconf 88' lang='lat' dir='ltr'>plus</span> <span class='ocrx_word' id='word_1_779' title='bbox 590 4908 762 4963; x_wconf 87' lang='lat' dir='ltr'>quam</span> <span class='ocrx_word' id='word_1_780' title='bbox 795 4890 998 4962; x_wconf 88' lang='lat' dir='ltr'>aliquis</span> <span class='ocrx_word' id='word_1_781' title='bbox 1025 4897 1276 4946; x_wconf 90' lang='lat' dir='ltr'>vestrum</span> <span class='ocrx_word' id='word_1_782' title='bbox 1322 4891 1641 4963; x_wconf 89' lang='lat' dir='ltr'>gentilium,</span> <span class='ocrx_word' id='word_1_783' title='bbox 1678 4892 1726 4946; x_wconf 90' lang='lat' dir='ltr'>si</span> <span class='ocrx_word' id='word_1_784' title='bbox 1806 4892 2142 4948; x_wconf 88' lang='lat' dir='ltr'>haberemus</span> <span class='ocrx_word' id='word_1_785' title='bbox 2164 4904 2520 4961; x_wconf 91' lang='lat' dir='ltr'>nequaquam</span> <span class='ocrx_word' id='word_1_786' title='bbox 2543 4885 2859 4958; x_wconf 87' lang='lat' dir='ltr'>passionem</span> <span class='ocrx_word' id='word_1_787' title='bbox 2882 4885 3001 4954; x_wconf 86' lang='lat' dir='ltr'>ejus</span> <span class='ocrx_word' id='word_1_788' title='bbox 3026 4885 3401 4948; x_wconf 86' lang='lat' dir='ltr'>imitaremur.</span> 
     </span>
    </p>
   </div>
   <div class='ocr_carea' id='block_1_83' title="bbox 163 4976 3407 5053">
    <p class='ocr_par' dir='ltr' id='par_1_83' title="bbox 163 4976 3407 5053">
     <span class='ocr_line' id='line_1_83' title="bbox 163 4976 3407 5053; baseline 0 -18"><span class='ocrx_word' id='word_1_789' title='bbox 163 4988 282 5035; x_wconf 83' lang='lat' dir='ltr'>esset</span> <span class='ocrx_word' id='word_1_790' title='bbox 302 4982 357 5037; x_wconf 91' lang='lat' dir='ltr'>in</span> <span class='ocrx_word' id='word_1_791' title='bbox 383 5000 448 5038; x_wconf 90' lang='lat' dir='ltr'>ea</span> <span class='ocrx_word' id='word_1_792' title='bbox 468 4982 672 5053; x_wconf 88' lang='lat' dir='ltr'>aliqua</span> <span class='ocrx_word' id='word_1_793' title='bbox 699 4980 905 5035; x_wconf 90' lang='lat' dir='ltr'>ﬁducia</span> <span class='ocrx_word' id='word_1_794' title='bbox 919 4986 975 5034; x_wconf 88' lang='lat' dir='ltr'>et</span> <span class='ocrx_word' id='word_1_795' title='bbox 987 4980 1228 5050; x_wconf 87' lang='lat' dir='ltr'>justitia,</span> <span class='ocrx_word' id='word_1_796' title='bbox 1254 4985 1551 5052; x_wconf 82' lang='lat' dir='ltr'>postquam</span> <span class='ocrx_word' id='word_1_797' title='bbox 1569 4982 1730 5036; x_wconf 86' lang='lat' dir='ltr'>Chri-</span> <span class='ocrx_word' id='word_1_798' title='bbox 1813 4982 2089 5037; x_wconf 89' lang='lat' dir='ltr'>Debemus</span> <span class='ocrx_word' id='word_1_799' title='bbox 2119 4987 2310 5036; x_wconf 90' lang='lat' dir='ltr'>autem</span> <span class='ocrx_word' id='word_1_800' title='bbox 2332 4977 2542 5033; x_wconf 86' lang='lat' dir='ltr'>imitari</span> <span class='ocrx_word' id='word_1_801' title='bbox 2574 4976 2747 5043; x_wconf 89' lang='lat' dir='ltr'>illam,</span> <span class='ocrx_word' id='word_1_802' title='bbox 2773 4976 3032 5047; x_wconf 86' lang='lat' dir='ltr'>ponendo</span> <span class='ocrx_word' id='word_1_803' title='bbox 3053 4976 3271 5033; x_wconf 84' lang='lat' dir='ltr'>animas</span> <span class='ocrx_word' id='word_1_804' title='bbox 3301 4995 3407 5035; x_wconf 91' lang='lat' dir='ltr'>no-</span> 
     </span>
    </p>
   </div>
   <div class='ocr_carea' id='block_1_84' title="bbox 166 5064 3409 5143">
    <p class='ocr_par' dir='ltr' id='par_1_84' title="bbox 166 5064 3409 5143">
     <span class='ocr_line' id='line_1_84' title="bbox 166 5064 3409 5143; baseline 0.001 -22"><span class='ocrx_word' id='word_1_805' title='bbox 166 5072 261 5122; x_wconf 79' lang='lat' dir='ltr'>stus</span> <span class='ocrx_word' id='word_1_806' title='bbox 298 5072 443 5127; x_wconf 82' lang='lat' dir='ltr'>venit</span> <span class='ocrx_word' id='word_1_807' title='bbox 472 5089 484 5123; x_wconf 92' lang='lat'>:</span> <span class='ocrx_word' id='word_1_808' title='bbox 536 5069 643 5125; x_wconf 90' lang='lat' dir='ltr'>sed</span> <span class='ocrx_word' id='word_1_809' title='bbox 672 5070 806 5141; x_wconf 88' lang='lat' dir='ltr'>quia</span> <span class='ocrx_word' id='word_1_810' title='bbox 852 5085 964 5124; x_wconf 91' lang='lat' dir='ltr'>non</span> <span class='ocrx_word' id='word_1_811' title='bbox 997 5074 1083 5124; x_wconf 91' lang='lat' dir='ltr'>est</span> <span class='ocrx_word' id='word_1_812' title='bbox 1110 5069 1185 5124; x_wconf 89' lang='lat' dir='ltr'>ibi</span> <span class='ocrx_word' id='word_1_813' title='bbox 1230 5070 1420 5141; x_wconf 88' lang='lat' dir='ltr'>aliqua</span> <span class='ocrx_word' id='word_1_814' title='bbox 1446 5068 1727 5141; x_wconf 87' lang='lat' dir='ltr'>gloriatio,</span> <span class='ocrx_word' id='word_1_815' title='bbox 1811 5078 1956 5128; x_wconf 86' lang='lat' dir='ltr'>stras</span> <span class='ocrx_word' id='word_1_816' title='bbox 1984 5087 2085 5143; x_wconf 89' lang='lat' dir='ltr'>pro</span> <span class='ocrx_word' id='word_1_817' title='bbox 2106 5071 2222 5137; x_wconf 91' lang='lat' dir='ltr'>illo,</span> <span class='ocrx_word' id='word_1_818' title='bbox 2246 5069 2293 5123; x_wconf 90' lang='lat' dir='ltr'>si</span> <span class='ocrx_word' id='word_1_819' title='bbox 2312 5066 2613 5122; x_wconf 86' lang='lat' dir='ltr'>necessitas</span> <span class='ocrx_word' id='word_1_820' title='bbox 2635 5064 2914 5130; x_wconf 82' lang='lat' dir='ltr'>fuerit,vel</span> <span class='ocrx_word' id='word_1_821' title='bbox 2934 5065 3107 5121; x_wconf 89' lang='lat' dir='ltr'>etiam</span> <span class='ocrx_word' id='word_1_822' title='bbox 3128 5066 3187 5121; x_wconf 90' lang='lat' dir='ltr'>in</span> <span class='ocrx_word' id='word_1_823' title='bbox 3217 5068 3409 5125; x_wconf 90' lang='lat' dir='ltr'>nobis-</span> 
     </span>
    </p>
   </div>
   <div class='ocr_carea' id='block_1_85' title="bbox 166 5154 3413 5233">
    <p class='ocr_par' dir='ltr' id='par_1_85' title="bbox 166 5154 3413 5233">
     <span class='ocr_line' id='line_1_85' title="bbox 166 5154 3413 5233; baseline 0.002 -25"><span class='ocrx_word' id='word_1_824' title='bbox 166 5156 270 5211; x_wconf 88' lang='lat' dir='ltr'>nolo</span> <span class='ocrx_word' id='word_1_825' title='bbox 294 5164 353 5214; x_wconf 91' lang='lat' dir='ltr'>ut</span> <span class='ocrx_word' id='word_1_826' title='bbox 375 5158 859 5215; x_wconf 76' lang='lat' dir='ltr'>cirdumcidamini</span> <span class='ocrx_word' id='word_1_827' title='bbox 890 5175 922 5213; x_wconf 89' lang='lat' dir='ltr'>a</span> <span class='ocrx_word' id='word_1_828' title='bbox 951 5160 1175 5214; x_wconf 67' lang='lat' dir='ltr'>Iudaeis.</span> <span class='ocrx_word' id='word_1_829' title='bbox 1211 5159 1292 5214; x_wconf 75' lang='lat' dir='ltr'>Ea:</span> <span class='ocrx_word' id='word_1_830' title='bbox 1322 5175 1514 5227; x_wconf 86' lang='lat' dir='ltr'>genere</span> <span class='ocrx_word' id='word_1_831' title='bbox 1536 5161 1728 5226; x_wconf 81' lang='lat' dir='ltr'>Israel,</span> <span class='ocrx_word' id='word_1_832' title='bbox 1812 5161 1949 5233; x_wconf 87' lang='lat' dir='ltr'>ipsis</span> <span class='ocrx_word' id='word_1_833' title='bbox 1976 5159 2244 5214; x_wconf 90' lang='lat' dir='ltr'>debemus</span> <span class='ocrx_word' id='word_1_834' title='bbox 2276 5156 2614 5211; x_wconf 88' lang='lat' dir='ltr'>mortiﬁcare</span> <span class='ocrx_word' id='word_1_835' title='bbox 2644 5154 2777 5209; x_wconf 87' lang='lat' dir='ltr'>vitia</span> <span class='ocrx_word' id='word_1_836' title='bbox 2797 5159 2853 5210; x_wconf 91' lang='lat' dir='ltr'>et</span> <span class='ocrx_word' id='word_1_837' title='bbox 2871 5161 3124 5227; x_wconf 89' lang='lat' dir='ltr'>peccata.</span> <span class='ocrx_word' id='word_1_838' title='bbox 3159 5159 3413 5229; x_wconf 78' lang='lat' dir='ltr'>Con/igu-</span> 
     </span>
    </p>
   </div>
   <div class='ocr_carea' id='block_1_86' title="bbox 169 5243 3415 5319">
    <p class='ocr_par' dir='ltr' id='par_1_86' title="bbox 169 5243 3415 5319">
     <span class='ocr_line' id='line_1_86' title="bbox 169 5243 3415 5319; baseline 0.002 -23"><span class='ocrx_word' id='word_1_839' title='bbox 169 5243 400 5303; x_wconf 77' lang='lat' dir='ltr'>subaudis</span> <span class='ocrx_word' id='word_1_840' title='bbox 427 5255 598 5305; x_wconf 91' lang='lat' dir='ltr'>natus</span> <span class='ocrx_word' id='word_1_841' title='bbox 616 5264 763 5316; x_wconf 85' lang='lat' dir='ltr'>sum,</span> <span class='ocrx_word' id='word_1_842' title='bbox 796 5251 859 5303; x_wconf 84' lang='lat' dir='ltr'>de</span> <span class='ocrx_word' id='word_1_843' title='bbox 890 5252 1041 5303; x_wconf 83' lang='lat' dir='ltr'>tribu</span> <span class='ocrx_word' id='word_1_844' title='bbox 1063 5251 1375 5317; x_wconf 85' lang='lat' dir='ltr'>Benjamin,</span> <span class='ocrx_word' id='word_1_845' title='bbox 1400 5249 1549 5319; x_wconf 84' lang='lat' dir='ltr'>quod</span> <span class='ocrx_word' id='word_1_846' title='bbox 1569 5265 1735 5304; x_wconf 89' lang='lat' dir='ltr'>nemo</span> <span class='ocrx_word' id='word_1_847' title='bbox 1817 5255 1976 5304; x_wconf 79' lang='lat' dir='ltr'>ratus</span> <span class='ocrx_word' id='word_1_848' title='bbox 2003 5264 2129 5303; x_wconf 87' lang='lat' dir='ltr'>sum</span> <span class='ocrx_word' id='word_1_849' title='bbox 2165 5248 2332 5300; x_wconf 88' lang='lat' dir='ltr'>morti</span> <span class='ocrx_word' id='word_1_850' title='bbox 2361 5248 2499 5314; x_wconf 79' lang='lat' dir='ltr'>ejus,</span> <span class='ocrx_word' id='word_1_851' title='bbox 2548 5244 2606 5298; x_wconf 88' lang='lat' dir='ltr'>id</span> <span class='ocrx_word' id='word_1_852' title='bbox 2655 5249 2741 5298; x_wconf 88' lang='lat' dir='ltr'>est</span> <span class='ocrx_word' id='word_1_853' title='bbox 2767 5244 3019 5300; x_wconf 86' lang='lat' dir='ltr'>imitator</span> <span class='ocrx_word' id='word_1_854' title='bbox 3058 5263 3186 5301; x_wconf 90' lang='lat' dir='ltr'>sum</span> <span class='ocrx_word' id='word_1_855' title='bbox 3217 5249 3415 5304; x_wconf 78' lang='lat' dir='ltr'>mortis</span> 
     </span>
    </p>
   </div>
   <div class='ocr_carea' id='block_1_87' title="bbox 168 5333 3417 5409">
    <p class='ocr_par' dir='ltr' id='par_1_87' title="bbox 168 5333 3417 5409">
     <span class='ocr_line' id='line_1_87' title="bbox 168 5333 3417 5409; baseline 0.002 -22"><span class='ocrx_word' id='word_1_856' title='bbox 168 5338 378 5391; x_wconf 75' lang='lat' dir='ltr'>Vestrum</span> <span class='ocrx_word' id='word_1_857' title='bbox 400 5344 500 5393; x_wconf 90' lang='lat' dir='ltr'>est.</span> <span class='ocrx_word' id='word_1_858' title='bbox 526 5340 864 5394; x_wconf 65' lang='lat' dir='ltr'>Hebrzusex</span> <span class='ocrx_word' id='word_1_859' title='bbox 884 5338 1136 5403; x_wconf 65' lang='lat' dir='ltr'>Hebraeis,</span> <span class='ocrx_word' id='word_1_860' title='bbox 1163 5334 1430 5390; x_wconf 87' lang='lat' dir='ltr'>subaudis</span> <span class='ocrx_word' id='word_1_861' title='bbox 1462 5343 1629 5392; x_wconf 86' lang='lat' dir='ltr'>natus</span> <span class='ocrx_word' id='word_1_862' title='bbox 1665 5337 1735 5392; x_wconf 90' lang='lat' dir='ltr'>de</span> <span class='ocrx_word' id='word_1_863' title='bbox 1820 5340 1943 5409; x_wconf 85' lang='lat' dir='ltr'>ejus</span> <span class='ocrx_word' id='word_1_864' title='bbox 1971 5344 2028 5392; x_wconf 89' lang='lat' dir='ltr'>et</span> <span class='ocrx_word' id='word_1_865' title='bbox 2056 5334 2329 5407; x_wconf 88' lang='lat' dir='ltr'>passionis</span> <span class='ocrx_word' id='word_1_866' title='bbox 2358 5334 2530 5388; x_wconf 90' lang='lat' dir='ltr'>illius.</span> <span class='ocrx_word' id='word_1_867' title='bbox 2550 5333 2613 5389; x_wconf 87' lang='lat' dir='ltr'>Si</span> <span class='ocrx_word' id='word_1_868' title='bbox 2631 5350 2736 5404; x_wconf 87' lang='lat' dir='ltr'>quo</span> <span class='ocrx_word' id='word_1_869' title='bbox 2758 5336 2929 5402; x_wconf 86' lang='lat' dir='ltr'>modo,</span> <span class='ocrx_word' id='word_1_870' title='bbox 2964 5335 3020 5390; x_wconf 85' lang='lat' dir='ltr'>id</span> <span class='ocrx_word' id='word_1_871' title='bbox 3053 5337 3200 5392; x_wconf 87' lang='lat' dir='ltr'>estsi</span> <span class='ocrx_word' id='word_1_872' title='bbox 3230 5338 3417 5409; x_wconf 89' lang='lat' dir='ltr'>aliquo</span> 
     </span>
    </p>
   </div>
   <div class='ocr_carea' id='block_1_88' title="bbox 170 5421 3419 5497">
    <p class='ocr_par' dir='ltr' id='par_1_88' title="bbox 170 5421 3419 5497">
     <span class='ocr_line' id='line_1_88' title="bbox 170 5421 3419 5497; baseline 0.002 -23"><span class='ocrx_word' id='word_1_873' title='bbox 170 5421 295 5477; x_wconf 85' lang='lat' dir='ltr'>tribu</span> <span class='ocrx_word' id='word_1_874' title='bbox 317 5426 609 5497; x_wconf 88' lang='lat' dir='ltr'>Benjamin</span> <span class='ocrx_word' id='word_1_875' title='bbox 646 5445 660 5481; x_wconf 88' lang='lat'><strong>:</strong></span> <span class='ocrx_word' id='word_1_876' title='bbox 692 5428 997 5482; x_wconf 83' lang='lat' dir='ltr'>secundum</span> <span class='ocrx_word' id='word_1_877' title='bbox 1024 5429 1190 5495; x_wconf 86' lang='lat' dir='ltr'>legem</span> <span class='ocrx_word' id='word_1_878' title='bbox 1215 5426 1545 5494; x_wconf 75' lang='lat' dir='ltr'>pharisaeus,</span> <span class='ocrx_word' id='word_1_879' title='bbox 1568 5426 1625 5481; x_wconf 90' lang='lat' dir='ltr'>id</span> <span class='ocrx_word' id='word_1_880' title='bbox 1653 5432 1738 5481; x_wconf 87' lang='lat' dir='ltr'>est</span> <span class='ocrx_word' id='word_1_881' title='bbox 1821 5427 1986 5482; x_wconf 89' lang='lat' dir='ltr'>modo</span> <span class='ocrx_word' id='word_1_882' title='bbox 2006 5440 2296 5480; x_wconf 89' lang='lat' dir='ltr'>occurram</span> <span class='ocrx_word' id='word_1_883' title='bbox 2322 5430 2371 5479; x_wconf 88' lang='lat' dir='ltr'>et</span> <span class='ocrx_word' id='word_1_884' title='bbox 2410 5427 2894 5490; x_wconf 83' lang='lat' dir='ltr'>resurrectionem,</span> <span class='ocrx_word' id='word_1_885' title='bbox 2922 5423 3193 5481; x_wconf 89' lang='lat' dir='ltr'>subaudis</span> <span class='ocrx_word' id='word_1_886' title='bbox 3214 5426 3419 5480; x_wconf 83' lang='lat' dir='ltr'>electo-</span> 
     </span>
    </p>
   </div>
   <div class='ocr_carea' id='block_1_89' title="bbox 173 5506 3416 5588">
    <p class='ocr_par' dir='ltr' id='par_1_89' title="bbox 173 5506 3416 5588">
     <span class='ocr_line' id='line_1_89' title="bbox 173 5506 3416 5588; baseline 0.001 -23"><span class='ocrx_word' id='word_1_887' title='bbox 173 5506 336 5570; x_wconf 88' lang='lat' dir='ltr'>doctor</span> <span class='ocrx_word' id='word_1_888' title='bbox 363 5515 501 5587; x_wconf 80' lang='lat' dir='ltr'>legis</span> <span class='ocrx_word' id='word_1_889' title='bbox 521 5516 803 5582; x_wconf 66' lang='lat' dir='ltr'>Mosaicae,</span> <span class='ocrx_word' id='word_1_890' title='bbox 818 5516 1121 5572; x_wconf 85' lang='lat' dir='ltr'>secundum</span> <span class='ocrx_word' id='word_1_891' title='bbox 1142 5518 1550 5575; x_wconf 62' lang='lat' dir='ltr'>wmulaticnem</span> <span class='ocrx_word' id='word_1_892' title='bbox 1562 5530 1740 5588; x_wconf 84' lang='lat' dir='ltr'>perse-</span> <span class='ocrx_word' id='word_1_893' title='bbox 1819 5516 2087 5575; x_wconf 83' lang='lat' dir='ltr'>rum.Ista</span> <span class='ocrx_word' id='word_1_894' title='bbox 2106 5513 2441 5572; x_wconf 84' lang='lat' dir='ltr'>resurrectio</span> <span class='ocrx_word' id='word_1_895' title='bbox 2453 5529 2567 5572; x_wconf 88' lang='lat' dir='ltr'>non</span> <span class='ocrx_word' id='word_1_896' title='bbox 2587 5514 2693 5571; x_wconf 89' lang='lat' dir='ltr'>erit</span> <span class='ocrx_word' id='word_1_897' title='bbox 2711 5514 2961 5571; x_wconf 89' lang='lat' dir='ltr'>omnium</span> <span class='ocrx_word' id='word_1_898' title='bbox 2982 5512 3416 5586; x_wconf 85' lang='lat' dir='ltr'>resurgentium,</span> 
     </span>
    </p>
   </div>
   <div class='ocr_carea' id='block_1_90' title="bbox 388 5611 3185 5685">
    <p class='ocr_par' dir='ltr' id='par_1_90' title="bbox 388 5611 3185 5685">
     <span class='ocr_line' id='line_1_90' title="bbox 388 5611 3185 5685; baseline 0 -8"><span class='ocrx_word' id='word_1_899' title='bbox 388 5613 659 5683; x_wconf 56' lang='lat' dir='ltr'>Panos.</span> <span class='ocrx_word' id='word_1_900' title='bbox 693 5616 925 5685; x_wconf 84' lang='lat' dir='ltr'>CXVII.</span> <span class='ocrx_word' id='word_1_901' title='bbox 3104 5611 3185 5678; x_wconf 76' lang='grc'><strong>24</strong></span> 
     </span>
    </p>
   </div>
  </div>
