3852 6154
170 277 253 332 749

658 256 1071 321 ἘΧΡΟΞΙΤΙΟ
1116 266 1191 320 IN
1232 265 1382 321 EPP.
1430 267 1487 321 s.
1530 267 1710 345 eam

1804 297 1864 309 --
1906 269 1984 325 ΙΝ
2024 268 2245 325 EPIST.
2286 269 2383 325 AD
2429 269 2742 327 PHILIPP.

3258 275 3360 334 750

162 404 281 464 cant,
297 404 351 453 ut
376 398 603 449 ventrem
620 408 783 447 suum
808 391 1027 462 possint
1052 391 1307 463 implere.
1330 394 1398 447 Et
1422 396 1604 460 gloria
1626 396 1687 447 in
1702 394 1825 455 Ain
1846 394 2094 466 Epistola
2112 412 2240 451 mea
2262 412 2375 451 non
2394 396 2696 469 nominavi,
2734 398 3001 467 quoniam
3022 400 3127 455 etsi
3154 400 3213 456 in
3237 417 3366 457 mea

163 489 427 558 confusione
445 486 700 551 ipsorum,
724 481 781 536 id
802 486 906 547 est,
936 481 995 535 in
1027 480 1337 536 verecundo
1357 485 1414 536 et
1430 481 1692 552 pudendo

1776 482 2024 555 Epistola
2039 500 2151 540 non
2172 484 2307 540 estis
2324 485 2538 557 scripti,
2556 486 2615 541 in
2660 483 2801 543 libro
2827 492 3019 543 tamen
3041 488 3166 545 vitae
3192 491 3369 546 conti-

159 576 369 633 membro
408 570 646 644 genitali,
702 570 835 641 quia
870 569 1189 640 gloriantur
1225 585 1286 623 se
1336 568 1694 625 circumcisos
1774 570 2008 641 nemini,
2035 572 2167 644 quia
2189 573 2599 645 meiadjutores
2622 576 2776 630 estis.
2822 577 2935 632 Iste
2963 578 3215 634 estliber
3242 580 3368 652 vitae

161 683 272 723 esse.
290 665 381 731 Qui
407 668 613 716 terrena
627 662 874 729 sapiunt,
899 658 957 721 id
984 662 1088 724 est,
1111 658 1207 729 qui
1233 658 1413 728 legem
1443 674 1556 713 non
1586 656 1697 729 spi-

161 755 377 818 ritaliter,
405 750 493 805 sed
523 754 743 804 terrene
770 744 1097 818 intelligunt
1126 758 1137 794 ε
1180 747 1265 802 vel
1289 748 1386 819 qui
1414 748 1697 809 carnalem

159 839 575 900 circumcisionem
604 837 660 892 in
689 853 750 891 se
779 840 836 891 et
858 836 917 899 in
947 835 1073 891 aliis
1095 835 1391 891 observare
1412 836 1623 892 volunt.

213 932 385 987 Nostra
403 931 579 982 autem
630 928 966 980 conuersatio
1009 927 1070 979 in
1099 928 1244 981 cretis
1272 930 1366 980 est.
1405 925 1602 997 Jungit
1638 941 1699 980 se

157 1018 335 1076 caeteris
376 1015 591 1078 sanctis,
637 1013 733 1085 qui
793 1019 1005 1068 terram
1037 1028 1289 1085 corpore,
1330 1014 1531 1069 coelum
1573 1030 1700 1068 vero

159 1113 309 1165 mente
335 1098 652 1165 inhabitant.
690 1103 853 1169 Unde,
875 1103 930 1157 id
964 1108 1049 1158 est
1075 1102 1146 1158 de
1176 1103 1350 1170 cmlis,
1375 1107 1543 1158 etiam
1571 1102 1703 1158 Sal-

158 1204 357 1252 vatorem
381 1199 761 1263 exspectamus,
780 1191 1046 1247 subaudis
1102 1196 1400 1247 venturum
1454 1191 1525 1246 ad
1556 1190 1706 1267 judi-

159 1286 292 1349 cium,
319 1287 410 1353 qui
460 1284 803 1350 reformabit,
843 1282 899 1335 id
937 1287 1025 1336 est
1060 1281 1379 1336 renovando
1416 1280 1701 1347 formabit,

156 1389 316 1443 corpus
341 1373 671 1426 humilitatis
704 1376 920 1424 nas-irae.
949 1371 1164 1443 Corpus
1218 1376 1473 1425 nostrum
1502 1384 1705 1442 corpus

157 1460 444 1516 humilitatis
473 1465 576 1531 est,
628 1459 775 1531 quod
820 1474 922 1530 per
965 1464 1206 1513 mortem
1237 1460 1295 1513 in
1325 1460 1610 1530 pulverem
1652 1464 1709 1513 et

158 1569 336 1606 vermes
355 1548 631 1606 humiliari
654 1554 857 1621 potest.
904 1547 1064 1603 Istud
1094 1565 1296 1621 corpus
1325 1548 1570 1620 primum
1595 1547 1708 1603 for-

1778 659 1847 714 de
1867 676 1976 732 quo
1996 660 2268 717 Dominus
2287 662 2423 717 dicit
2447 682 2459 717 :
2491 664 2728 719 Gaudete
2753 666 2902 735 quod
2924 671 3161 727 nmnina
3191 670 3370 725 vestra

1778 752 1983 818 scripta
2009 755 2143 805 sunt
2171 754 2235 806 in
2264 754 2406 807 cretis
2434 753 2582 822 (Luc.
2608 752 2690 821 χ),
2722 752 2778 809 id
2809 760 2894 811 est
2922 756 2982 811 in
3000 754 3146 813 libro
3160 756 3373 823 vitm,id

1779 842 1867 893 e‘st
1892 834 1951 893 in
1979 838 2253 895 memoria
2269 841 2673 913 omnipotentis
2693 838 2814 900 Dei.

1853 928 2089 1013 Gaudete
2109 930 2433 1019 z'n_Domiuo
2469 948 2695 1019 semper.
2724 933 2837 989 Vos
2858 935 2955 1006 qui
2978 951 3092 991 non
3116 936 3378 1011 gaudetis

1782 1015 1840 1071 in
1868 1010 2272 1088 temporalibus
2301 1017 2488 1087 rebus,
2520 1010 2762 1091 negotiis
2781 1024 3042 1091 terrenis,
3061 1022 3379 1095 caducis,et

1783 1104 2143 1172 transitoriis,
2165 1107 2409 1177 gaudete
2438 1108 2496 1163 in
2519 1108 2777 1181 Domino,
2820 1112 2879 1166 in
2907 1113 3037 1181 ﬁde,
3068 1114 3127 1170 in
3164 1131 3279 1185 ore,
3322 1122 3381 1173 et

1786 1209 1953 1265 Opere
1986 1211 1999 1246 :
2030 1199 2238 1262 mente,
2269 1198 2327 1249 et
2346 1210 2597 1268 corpore.
3338 1187 3343 1191 ’

1856 1278 2137 1350 Modestia,
2167 1282 2226 1338 id
2246 1287 2334 1338 est
2359 1286 2737 1359 mansuetudo
2767 1293 2824 1343 et
2858 1287 3172 1359 humilitas,
3205 1297 3383 1348 rostra

1790 1364 1917 1437 nota
1948 1374 2019 1426 sit
2040 1372 2295 1427 omnibus
2325 1373 2663 1439 hominibus,
2703 1375 2960 1433 ﬁdelibus
2988 1379 3387 1437 et‘inﬁdelibus

1787 1459 2065 1514 haereticis
2094 1460 2360 1532 falsisque
2380 1461 2666 1531 fratribus.
2701 1462 2986 1537 Fidelibus
3021 1472 3157 1521 nota
3192 1468 3284 1529 sit.
3325 1473 3390 1523 ut

1789 1553 1974 1602 vestro
1995 1550 2247 1620 exemplo
2262 1550 2671 1617 coroborentur
2688 1554 2747 1607 in
2772 1555 2924 1629 omni
2954 1554 3227 1623 bonitate,
3242 1556 3243 1559 “
3257 1554 3390 1610 imi-

155 1641 295 1695 mavit
313 1640 364 1694 in
384 1646 540 1694 utero
563 1644 838 1706 materno,
865 1639 961 1693 sed
999 1638 1202 1692 iterum
1224 1636 1553 1692 reformabit
1571 1636 1707 1692 illud
1791 1640 2003 1691 tatores
2025 1638 2190 1692 vestri
2215 1638 2375 1707 facti,
2395 1645 2460 1694 ut
2480 1657 2576 1695 vos
2611 1643 2926 1713 mercedem
2956 1643 3260 1715 recipiatis.
3293 1644 3391 1700 In-

155 1746 232 1801 per
259 1729 480 1799 gloriam
537 1727 994 1785 resurrectionis.
1041 1728 1483 1795 Gonﬁguratum,
1527 1726 1583 1780 id
1620 1731 1708 1782 est
1727 1716 1771 1775 Β
1790 1725 2048 1781 fidelibus
2065 1732 2199 1782 nota
2217 1727 2306 1795 sit,
2322 1733 2389 1784 ut
2416 1727 2664 1785 videntes
2713 1736 2956 1801 vestram
2974 1731 3303 1805 religionem
3334 1738 3394 1811 et

155 1817 476 1873 assimilatum
498 1819 719 1887 corpori
740 1819 1017 1871 claritatis
1038 1832 1167 1882 suae,
1194 1815 1250 1869 id
1274 1821 1362 1869 est
1379 1814 1436 1869 in
1456 1815 1638 1886 gloria
1657 1816 1714 1870 et

152 1905 527 1963 im’mOrtalit'ate
561 1924 573 1959 :
610 1906 741 1977 quia
770 1904 927 1958 illam
959 1904 1270 1959 claritatem
1287 1903 1570 1958 habebunt
1584 1920 1714 1973 cor-

154 2012 263 2068 pora
276 2001 587 2053 sanctorum
607 2000 735 2066 post
753 1992 901 2048 diem
927 1992 1144 2063 judicii,
1170 1991 1337 2064 quain
1367 1991 1564 2063 habuit
1587 2008 1710 2046 cor-

152 2102 234 2158 pus
256 2075 445 2139 Christi
466 2084 833 2138 clarificatum
854 2082 912 2137 in
931 2087 1139 2148 monte,
1164 2083 1296 2153 quia
1316 2081 1527 2135 similes
1547 2096 1714 2151 ange-

151 2174 205 2228 lis
218 2173 477 2228 erimuset
496 2177 723 2245 poterat
743 2170 944 2242 aliquis
979 2171 1195 2226 dicere:
1232 2169 1524 2237 Quomodo
1555 2174 1713 2241 pote-

154 2262 207 2316 rit
223 2278 435 2335 corpora
467 2267 664 2317 nostra
691 2261 1015 2327 reformare,
1034 2277 1156 2332 quae
1187 2278 1220 2315 a
1247 2259 1532 2315 vermibus
1548 2264 1716 2314 erunt

153 2356 398 2423 corrupta,
424 2356 481 2405 et
506 2352 568 2405 in
599 2350 883 2422 pulverem
932 2349 1200 2403 redacta?
1239 2348 1322 2403 Ad
1374 2349 1490 2403 hmo
1517 2348 1717 2402 beatus

151 2440 436 2510 Apostolus:
468 2440 786 2496 Secundum
816 2439 992 2505 illam,
1016 2438 1219 2508 inquit,
1254 2441 1585 2517 potestatem
1606 2452 1718 2507 qua

149 2530 472 2600 semetipsum
497 2528 671 2583 tertia
687 2528 777 2582 die
800 2527 1263 2594 ressuscitavit,et
1284 2542 1395 2598 qua
1412 2524 1516 2580 sibi
1533 2519 1720 2597 potuit

150 2619 305 2672 omnia
324 2616 618 2689 subjicere,
642 2634 876 2690 corpora
898 2618 1066 2671 etiam
1090 2621 1281 2672 nostra
1319 2617 1376 2670 in
1407 2615 1497 2670 die
1519 2614 1715 2686 judicii

148 2707 530 2762 reiormabit'arl
577 2707 891 2761 claritatem
950 2723 1131 2760 suam.
1180 2707 1564 2774 Operationem
1604 2720 1714 2773 qua

144 2799 299 2862 possit,
320 2797 371 2851 id
388 2803 492 2863 est,
512 2800 704 2869 potest
731 2796 817 2850 vel
848 2796 1049 2866 potuit,
1079 2796 1343 2864 subjicere
1371 2796 1478 2848 sibi
1501 2795 1709 2848 omnia.

734 2938 969 2994 CAPUT
997 2939 1091 2993 IV.

1793 1812 1998 1869 bonam
2029 1814 2530 1882 conversationem,
2560 1835 2674 1893 non
2721 1819 2937 1890 possint
2981 1820 3260 1893 infamare
3296 1836 3393 1877 ve-

1793 1908 1969 1956 stram
1990 1903 2233 1959 ﬂdem'et
2252 1921 2460 1960 nomen
2493 1902 3061 1975 Domini‘salvatoris,
3083 1909 3182 1965 sed
3206 1908 3393 1982 potius

1793 1995 1976 2046 vestro
1986 1992 2238 2064 exemplo
2254 1998 2587 2050 revocentur
2604 1995 2673 2050 ab
2694 1998 3198 2067 errore.Dominus,
3217 2002 3394 2073 prope

1795 2081 2155 2135 estomnibus
2175 2082 2435 2151 videlicet
2450 2084 2545 2155 qui
2558 2090 2707 2139 recte
2722 2086 2976 2159 credunt.
3006 2088 3158 2158 juste
3178 2086 3391 2157 vivunt,

1796 2167 1937 2221 bene
1956 2168 2159 2223 docent
2180 2176 2235 2224 et
2255 2188 2351 2225 cor
2368 2166 2796 2242 immaculatum
2825 2174 3071 2247 habent:
3103 2176 3191 2231 vel
3219 2176 3393 2249 prope

1796 2261 1899 2322 est,
1921 2262 1987 2311 ut
2004 2273 2100 2312 vos
2118 2258 2188 2312 ab
2205 2258 2309 2327 hac
2328 2260 2439 2314 vita
2454 2260 2746 2317 abstrahat
2768 2279 2868 2339 per
2885 2270 3125 2319 mortem
3155 2263 3342 2339 carnis
3372 2281 3387 2322 :

1796 2346 1880 2399 vel
1913 2362 2084 2418 prope
2110 2352 2212 2414 est,
2238 2352 2302 2403 ut
2320 2349 2391 2415 ad
2407 2349 2681 2421 judicium
2712 2346 2917 2419 veniat.

1837 2434 1991 2489 Nihil
2021 2426 2247 2491 solliciti
2270 2440 2393 2492 sitis
2410 2439 2479 2493 de
2504 2440 2806 2496 mundanis
2820 2443 3172 2514 terrenisque
3191 2442 3361 2499 rebus
3374 2487 3388 2503 .

1803 2522 2128 2579 Sollicitudo
2159 2530 2246 2580 est
2271 2528 2557 2599 snperﬂua
2587 2546 2739 2585 cura.
2775 2528 2881 2586 Sed
2895 2531 3036 2602 justi
3060 2546 3173 2587 non
3191 2532 3400 2603 debent

1800 2612 2142 2682 superﬂuam
2174 2630 2368 2670 curam
2397 2615 2604 2695 habere
2624 2618 2694 2672 de
2720 2618 2887 2674 rebus
2907 2620 3264 2686 transitoriis,
3296 2621 3393 2677 sed

1799 2699 1857 2753 in
1878 2698 2116 2757 Domino
2138 2719 2362 2766 omnem
2393 2719 2561 2776 spem
2575 2720 2802 2777 ponere,
2811 2708 2973 2781 junta
2988 2709 3138 2780 quod
3156 2709 3396 2786 Psalmi-

1798 2793 1887 2842 sta
1905 2787 2019 2846 ait:
2040 2792 2196 2846 Jacta
2224 2808 2390 2860 super
2413 2788 2714 2847 Dominum
2735 2810 2932 2849 curam
2947 2800 3123 2864 tuam,
3143 2800 3192 2867 et
3206 2780 3323 2866 ipse
3344 2780 3392 2854 te

1799 2881 2038 2932 enutriet
2058 2880 2339 2951 (Psal.LIv)
2365 2880 2504 2938 :Sed
2532 2882 2595 2947 in
2619 2885 2776 2936 omni
2797 2885 3046 2938 oratione
3073 2890 3123 2939 et
3151 2887 3396 2955 obsecra-

1793 2968 1944 3020 tione
1972 2982 2099 3021 cum
2127 2972 2454 3035 gratiarum
2478 2974 2709 3035 actione.
2731 2970 2925 3028 Oratio
2953 2977 3040 3040 est
3070 2990 3170 3045 pro
3186 2978 3396 3046 praete-

202 3062 391 3131 Itaque,
414 3064 629 3132 fratres
652 3064 762 3119 mei
771 3059 828 3115 in
851 3061 979 3126 fide,
996 3056 1382 3115 charissimiin
1400 3057 1710 3126 dilectione,

1803 3053 1927 3109 ritis
1948 3055 2263 3120 excessibus
2290 3063 2346 3112 et
2375 3054 2928 3125 delictis,obsecratio
2957 3078 3058 3135 pro
3072 3035 3401 3135 adipiscen-

149 3155 188 3203 et
211 3151 655 3207 desideratissimi
685 3166 852 3221 opere
865 3149 948 3204 v'cl
968 3149 1189 3216 affectu,
1210 3149 1482 3218 gaudium
1512 3164 1717 3216 meum,

144 3236 374 3299 subaudis
401 3240 459 3294 in
488 3232 778 3312 praesenti.

202 3328 255 3381 Et
274 3344 467 3382 corona
498 3345 648 3393 mea,
676 3325 943 3381 subaudis
972 3326 1030 3380 in
1065 3325 1277 3392 futuro,
1314 3326 1447 3398 quia
1479 3343 1575 3380 vos
1603 3325 1720 3381 Deo

143 3415 491 3486 acqu’isivi,sic
517 3422 681 3483 state,
714 3416 770 3470 id
796 3422 883 3469 est
902 3414 980 3469 sic
1014 3420 1368 3487 perseverate
1396 3415 1454 3471 in
1487 3415 1615 3480 lide,
1656 3414 1717 3470 in

143 3519 300 3575 opere,
332 3506 387 3561 in
416 3506 703 3574 doctrina,
736 3505 882 3559 sicut
911 3520 944 3558 a
967 3520 1058 3559 me
1088 3504 1326 3559 audistis
1378 3508 1436 3559 et
1467 3502 1707 3562 vidistis.

198 3593 437 3649 Evodiam
470 3612 611 3664 rogo
638 3600 685 3649 et
706 3594 1022 3662 Symp-chen
1052 3583 1328 3662 deprecor,
1360 3595 1606 3663 idipsum
1633 3606 1719 3647 sa-

135 3697 246 3749 pere
272 3688 328 3737 in
358 3686 622 3750 Domino,
649 3682 915 3738 subaudis
943 3683 1091 3753 quod
1148 3698 1251 3737 nos
1303 3682 1570 3754 sapimus,
1615 3698 1719 3752 ego

140 3768 319 3842 aliique
346 3772 559 3836 ﬁdeles,
593 3772 727 3842 quia
757 3771 834 3826 ita
864 3771 1091 3843 sapiunt
1115 3776 1171 3824 et
1194 3771 1431 3824 credunt
1476 3770 1719 3841 perfecte

138 3858 259 3914 sicut
282 3866 333 3915 et
352 3872 476 3933 ego.
511 3860 816 3932 Sapientes
865 3866 922 3914 et
953 3859 1227 3932 religiosae
1258 3859 1521 3914 mulieres
1559 3862 1720 3912 erant

139 3948 399 4018 apudPhili
408 3968 555 4023 ppen
563 3967 660 4005 ses
675 3960 796 4022 qua:
811 3948 1188 4021 praedicabant
1202 3949 1271 4002 do
1279 3948 1352 4003 mi
1365 3949 1421 4003 in
1438 3965 1541 4003 suo
1562 3964 1715 4003 sexu°

134 4040 365 4107 parvulus
385 4042 563 4095 etiam
592 4044 650 4094 et
680 4041 937 4111 parvulas
986 4037 1279 4104 docebant,
1313 4054 1427 4092 non
1453 4044 1642 4092 tamen
1662 4036 1721 4091 in

138 4127 361 4197 ecclesia,
394 4130 531 4201 quia
561 4129 720 4185 idem
741 4130 1042 4201 Apostolus
1070 4130 1176 4184 hoc
1205 4128 1458 4203 praecipit
1492 4133 1557 4183 ut
1595 4143 1720 4185 mu-

135 4213 275 4272 lieres
302 4218 359 4274 in
390 4218 652 4274 Ecclesia
676 4223 916 4279 taceant.

194 4305 251 4361 Et
274 4312 335 4370 te,
368 4308 650 4365 Germane
680 4323 917 4377 compar.
944 4307 1259 4363 Germanus
1279 4321 1465 4361 comes
1493 4308 1616 4359 erat
1634 4303 1720 4376 ip-

137 4391 234 4449 sius
252 4395 305 4451 in
335 4397 471 4467 fide,
491 4398 553 4452 in
583 4394 767 4451 ofﬁcio
786 4395 1213 4468 praedicationis,
1241 4400 1297 4450 et
1319 4400 1507 4449 tamen
1527 4393 1678 4448 dives
1704 4409 1717 4446 :

1802 3141 1888 3199 dis
1916 3145 2141 3213 futuris,
2164 3146 2477 3217 gratiarum
2513 3148 2658 3203 actio
2688 3165 2788 3221 pro
2822 3138 3039 3215 collatis
3080 3153 3389 3217 beneficiis.

1802 3228 1938 3288 Ideo
1967 3233 2236 3303 debemus
2256 3236 2627 3308 omnipotenti
2657 3237 2772 3293 Deo
2806 3239 3020 3310 gratias
3057 3242 3267 3313 referre
3296 3250 3398 3316 pro

1803 3321 2089 3389 beneﬁciis
2142 3324 2379 3395 collatis,
2430 3330 2495 3393 ut
2513 3340 2641 3380 cum
2683 3326 2752 3382 de
2773 3329 3050 3400 perceptis
3071 3328 3398 3387 muneribus

1798 3426 1910 3468 non
1939 3412 2534 3485 ini'eniamuringrati,
2560 3415 2629 3470 de
2646 3417 3018 3489 percipiendis
3050 3435 3162 3474 non
3186 3420 3398 3491 judice-

1798 3520 1928 3557 mur
1946 3502 2477 3573 indigni.Petitiones
2492 3508 2679 3558 uestra
2697 3509 3392 3577 innotescantapudDeum.

1801 3590 2008 3658 Nolite,
2030 3590 2231 3662 inquit,
2253 3593 2594 3663 superﬂuam
2619 3610 2811 3646 curam
2837 3610 3123 3657 assumere
3139 3602 3395 3668 protem-

1802 3681 2088 3752 poralibus
2118 3679 2305 3748 rebus,
2338 3683 2435 3735 sed
2466 3681 2765 3751 petitiones
2803 3686 2997 3737 vestrm
3042 3682 3398 3757 innotescunt

1803 3768 1949 3839 apud
1986 3770 2183 3838 Deum,
2213 3770 2269 3823 id
2303 3776 2389 3823 est
2410 3774 2556 3824 nota;
2576 3772 2717 3825 ﬁant
2746 3772 2859 3827 Deo
2892 3789 2991 3842 per
3014 3773 3392 3831 ministerium

1800 3858 2149 3928 angelorum.
2172 3858 2231 3913 Si
2251 3875 2382 3929 ergo
2405 3860 2759 3930 omnipotens
2783 3861 2931 3915 Deus
2944 3863 3135 3925 omnia
3162 3880 3277 3920 non
3298 3882 3394 3921 so-

1802 3947 1918 4000 lum
1951 3947 2238 4017 prmterita
2264 3952 2320 4001 et
2348 3949 2664 4019 praesentia,
2683 3950 2780 4003 sed
2802 3950 2971 4005 etiam
2987 3951 3176 4006 futura
3196 3969 3397 4024 cogno-

1802 4036 1927 4100 scit,
1954 4040 2153 4095 etnon
2182 4037 2363 4091 solum
2421 4053 2610 4109 opera,
2664 4039 2761 4092 sed
2811 4039 2979 4093 etiam
3022 4039 3393 4111 cogitationes

1802 4125 2088 4192 discernit,
2112 4130 2170 4179 et
2192 4129 2345 4184 totus
2400 4125 2606 4198 ubique
2635 4132 2738 4194 est,
2781 4127 2913 4199 quid
2944 4141 3170 4184 necesse
3217 4137 3305 4187 est
3331 4138 3397 4190 ut

1800 4231 1902 4287 per
1927 4213 2305 4273 ministerium
2362 4215 2692 4287 angelorum
2748 4216 3144 4291 renuntientui‘
3181 4219 3232 4276 ei
3272 4237 3396 4292 qum

1802 4303 2069 4375 agimus?
2100 4304 2225 4358 Non
2260 4321 2393 4376 ergo
2421 4292 2547 4358 ideo
2576 4304 2660 4358 illi
2715 4306 2999 4373 nuntiant,
3050 4309 3197 4386 quod
3236 4308 3398 4379 illum

1803 4393 2014 4465 aliquid
2045 4392 2255 4457 lateat,
2265 4393 2427 4465 juxta
2475 4393 2622 4464 quod
2677 4393 2940 4449 Salomon
2968 4395 3049 4450 ait
3079 4410 3091 4446 :
3123 4398 3207 4452 Tu
3244 4399 3397 4454 solus

138 4481 347 4557 ideoque
375 4485 657 4558 praecepit
677 4490 741 4560 ut
766 4484 883 4557 ipse
906 4485 1001 4557 qui
1033 4483 1356 4541 abundabat
1385 4483 1602 4555 opibus,
1636 4482 1720 4537 vel
1802 4483 1951 4539 nosti
1978 4482 2148 4541 corda
2188 4481 2434 4541 ﬁliorum
2480 4480 2798 4548 hominum,
2839 4484 2936 4541 sed
2967 4491 3030 4539 ut
3053 4485 3300 4542 officium
3342 4494 3400 4544 et

138 4570 282 4629 etiam
307 4574 364 4631 in
388 4575 797 4648 praedicatione
824 4574 1117 4646 adjuvaret
1160 4574 1305 4628 illas.
1330 4574 1589 4644 Compar,
1624 4588 1721 4627 co-
1802 4571 2177 4628 ministerium
2207 4588 2372 4626 suum
2393 4570 2758 4644 adimpleant,
2791 4572 2923 4644 quia
2951 4574 3135 4631 nuntii
3165 4581 3316 4643 sunt.

137 4676 236 4716 mes
250 4662 306 4719 in
327 4663 442 4720 ﬁde
466 4669 529 4721 et
560 4665 769 4719 ofﬁcio.
801 4662 1019 4733 Adjuva
1066 4666 1215 4732 illas,
1246 4662 1514 4719 subaudis
1550 4676 1723 4735 supra
1874 4662 1939 4717 Et
1964 4677 2076 4731 pas:
2101 4662 2201 4716 Dei
2228 4677 2346 4730 qua
2373 4666 2657 4732 exsuperat
2696 4677 2911 4715 omnem
2942 4677 3182 4716 sensum.
3221 4662 3398 4718 Exsu-

138 4760 477 4822 memoratas,
500 4770 631 4828 quae
644 4769 863 4809 mecum
882 4752 1297 4819 laboraverunt,
1322 4750 1590 4806 subaudis
1619 4750 1722 4806 do-
1807 4755 1983 4824 perat,
2011 4749 2065 4807 id
2096 4755 2183 4805 est
2207 4749 2554 4804 transcendit
2577 4764 2802 4805 omnem
2824 4767 3052 4805 sensum
3089 4754 3148 4805 et
3175 4751 3400 4822 angelo-

138 4842 365 4898 centesin
388 4860 496 4899 suo
518 4859 681 4898 sexu.
703 4842 839 4898 Cum
863 4843 1150 4898 Clemente.
1200 4841 1457 4896 Clemens
1481 4839 1725 4912 philoso-
1803 4856 1930 4894 rum
1958 4843 2017 4894 et
2036 4837 2359 4907 hominum,
2398 4854 2511 4893 non
2540 4843 2730 4893 tamen
2756 4838 2878 4895 Dei.
2916 4839 2996 4893 De
3018 4856 3126 4911 qua
3158 4856 3295 4911 pace
3318 4839 3397 4895 lo-

135 4925 263 4998 phus
281 4929 403 4999 fuit,
418 4931 522 4987 sed
546 4929 1066 5003 posteadiscipulus
1088 4929 1469 5001 apostolorum
1501 4928 1651 4983 Petri
1668 4934 1726 4983 et
1807 4927 2032 5001 quitur?
2069 4926 2191 4991 Qua
2220 4926 2563 4983 reconciliati
2584 4944 2779 4983 sumus
2808 4926 2922 4982 Deo
2950 4944 3051 4999 per
3078 4929 3399 5000 passionem

134 5011 275 5072 Pauli
290 5020 491 5086 factus,
513 5018 743 5092 praefuit
763 5017 1023 5073 Ecclesia:
1057 5018 1247 5072 Romae
1269 5018 1490 5089 praesul,
1532 5022 1589 5071 et
1625 5033 1723 5088 pro
1805 5016 1931 5081 Filii
1954 5015 2558 5087 ejus.Anteadventum
2581 5014 3400 5089 siquidemDominilongeera-

137 5101 325 5162 Christi
347 5109 592 5163 nomine
624 5108 679 5162 in
710 5124 865 5161 mare
893 5113 980 5162 est
1006 5106 1403 5180 praecipitatus.
1427 5107 1491 5161 Et
1522 5107 1725 5160 exteris
1806 5104 2131 5170 musaDeo,
2156 5109 2209 5158 et
2240 5102 2524 5157 discordes
2554 5120 2776 5159 eramus
2805 5110 2921 5160 tam
2952 5104 3068 5161 Deo
3099 5123 3267 5178 quam
3297 5124 3401 5162 an-

134 5195 467 5263 adjutoribus
498 5200 662 5253 meis.
694 5197 779 5253 Ne
807 5196 1197 5269 Philippenses
1222 5196 1361 5250 dure
1386 5195 1720 5266 acciperent,
1807 5194 1968 5265 gelis,
1997 5193 2093 5247 sed
2111 5209 2210 5265 per
2227 5192 2541 5263 passionem
2563 5192 2690 5249 Filii
2721 5193 2822 5248 Dei
2848 5195 3186 5251 reconciliati
3208 5212 3403 5252 sumus

135 5282 269 5352 quod
293 5283 528 5340 illorum
562 5285 797 5340 nomina
825 5283 883 5338 in
912 5284 1021 5337 hac
1050 5283 1288 5354 epistola
1332 5298 1445 5337 non
1484 5283 1729 5339 contine-

131 5378 331 5441 rentur,
346 5375 476 5430 ideo
498 5373 797 5445 subjunxit
822 5393 837 5428 :
858 5373 926 5429 Et
945 5374 1162 5428 caeteris
1193 5372 1283 5444 adj
1293 5370 1546 5427 utoribus
1567 5371 1726 5440 meis,

135 5474 357 5528 quorum
388 5467 637 5519 nomina
664 5468 793 5520 sunt
830 5466 892 5518 in
925 5464 1065 5518 libro
1090 5465 1230 5531 vitae,
1272 5468 1328 5516 et
1367 5465 1454 5517 est
1491 5478 1728 5517 sensus:

132 5549 175 5609 Ο
197 5551 626 5630 Philippenses,
646 5554 821 5614 nolite
833 5552 1081 5631 graviter
1096 5554 1243 5610 ferre
1261 5552 1410 5629 quod
1425 5568 1619 5610 omnes
1637 5568 1735 5608 vos

1811 5283 1946 5337 Deo.
1982 5280 2099 5336 Ista
2124 5279 2502 5335 reconciliatio
2551 5297 2776 5336 necesse
2805 5289 2889 5338 est
2937 5288 3003 5338 ut
3040 5301 3266 5357 semper
3301 5301 3402 5340 nos

1812 5369 2110 5427 custodiat.
2131 5369 2440 5440 Exsuperat
2475 5374 2666 5423 autem
2690 5386 2913 5426 omnem
2944 5388 3169 5427 sensum
3199 5379 3404 5443 praeter

1813 5474 2040 5515 sensum
2063 5457 2305 5526 Domini,
2324 5457 2457 5530 quia
2475 5474 2639 5513 nemo
2662 5459 3008 5530 angelorum,
3041 5476 3206 5516 nemo
3228 5458 3405 5513 homi-

1814 5565 1948 5608 num
1970 5550 2157 5621 potest
2182 5549 2482 5621 penetrare
2502 5547 2833 5625 mysterium
2843 5547 3125 5625 passionis
3149 5544 3278 5603 Filii
3306 5543 3408 5601 Dei
