3966 6156
549 323 647 381 751
961 314 1340 375 HAYMONIS
1378 311 1863 373 HALBERSTAT.
1911 310 2134 366 EPISC.
2181 309 2336 363 OPP.
2382 309 2584 364 PARS.
2629 310 2671 362 Ι.
2716 339 2769 348 ——
2811 308 3180 363 COMMENT.
3221 308 3404 364 BIBL.
3682 309 3758 365 75?.

548 454 606 502 ot
635 452 840 501 nostrae
872 440 1362 505 reconciliationis,
1400 444 1455 493 et
1485 442 1695 509 quanta
1715 432 2141 491 fuerit'charitas
2158 434 2506 496 Asustinere
2532 457 2543 491 :
2565 438 2671 488 scio
2723 440 2771 489 et
2823 436 3129 501 abundare,
3161 435 3216 488 id
3267 440 3356 489 est
3384 434 3440 489 in
3469 434 3768 490 abundantia

543 538 606 593 in
635 536 731 591 illo
763 554 775 590 :
806 535 938 606 quia
965 550 1091 588 cum
1119 530 1271 586 Deus
1301 532 1466 593 esset,
1495 543 1596 598 pro
1642 526 1795 580 vobis
1822 526 1989 580 homo
2018 524 2140 578 ﬁeri
2222 528 2542 595 temperans
2596 540 2738 588 esse,
2769 540 2840 578 ne
2870 540 3199 595 corrumpar
3223 522 3293 578 ab
3326 540 3414 578 ea.
3449 526 3514 578 In
3555 525 3770 578 omnibus

546 623 809 697 dignatus
833 627 937 676 est.
963 622 1244 678 Custodiat
1272 619 1437 672 corda
1456 620 1637 669 vestra
1665 619 1713 668 et
1741 616 2139 681 intelligentias
2222 615 2511 666 institutus
2535 630 2680 674 sum,
2714 618 2761 666 et
2787 615 3009 675 satiari,
3041 613 3098 667 id
3122 618 3209 667 est
3247 612 3549 676 abundare,
3572 618 3617 667 et
3634 615 3776 666 esuri-

546 718 772 768 vestras.
796 712 906 766 Cor
936 715 992 764 et
1019 709 1335 801 intellectlis
1361 720 1464 776 pro
1489 720 1601 758 uno
1621 708 1707 757 est
1734 701 2134 773 accipiendum.
2220 715 2299 766 re,
2330 700 2387 754 id
2415 706 2501 755 est
2520 700 2812 772 penuriam
2841 700 2977 772 pati.

545 803 616 857 In
646 801 858 855 Christo
884 801 1030 863 Jesu,
1060 797 1118 851 id
1148 800 1235 851 est
1264 787 1367 867 p'er
1395 794 1587 849 Jesum
1622 791 1927 855 Christum,
1958 791 2042 845 vel
2078 791 2139 846 in
2293 789 2492 844 Omnia
2514 806 2739 857 possum
2764 793 2828 843 in
2852 806 2909 843 eo
2937 792 3036 858 qui
3063 805 3147 843 me
3166 792 3456 857 confortat.
3490 789 3574 844 Ne
3597 787 3782 843 videre-

542 888 654 942 ﬁde
671 885 708 940 J
712 903 812 942 esu
840 885 1069 940 Christi.
2219 882 2315 932 tur
2341 876 2675 950 sibimetipsi
2701 877 2950 933 tribuere
2977 879 3085 933 hoc
3116 878 3276 949 quasi
3303 879 3423 934 suis
3460 876 3663 933 viribus
3703 893 3781 950 po-

611 978 685 1032 De
702 981 911 1042 extero,
933 977 1159 1044 fratres,
1177 977 1383 1045 praeter
1402 971 1501 1025 illa
1529 969 1789 1041 superius
1803 972 2134 1031 memorata,
2219 966 2425 1022 tuisset
2460 968 2520 1021 in
2549 967 2789 1039 penuria
2815 968 3035 1039 patiens
3075 985 3218 1030 esse,
3260 972 3316 1022 et
3364 968 3425 1022 in
3475 966 3785 1022 abundantia

2219 1061 2560 1128 temperans,
2593 1056 2675 1110 ait
2706 1075 2719 1110 :
2749 1056 2952 1112 Omnia
2972 1062 3168 1111 autem
3224 1057 3333 1111 ista
3375 1057 3435 1111 in
3481 1072 3547 1111 eo
3585 1073 3783 1127 possum

2219 1145 2456 1217 implere
2485 1146 2582 1217 qui
2610 1162 2701 1200 me
2730 1145 3025 1212 confortat,
3058 1145 3115 1199 id
3141 1150 3225 1200 est
3244 1145 3302 1199 in
3328 1144 3572 1212 Christo,
3590 1144 3679 1215 qui
3702 1144 3785 1199 mi-

2219 1234 2277 1288 hi
2304 1234 2731 1306 possibilitatem
2770 1234 2985 1290 tribuit.

2302 1325 2686 1378 Verumtamen
2718 1325 2846 1377 bene
2875 1326 3101 1392 fecistis,
3132 1323 3610 1378 communicantes
3636 1322 3783 1377 tribu-

2218 1412 2415 1467 lationi
2450 1429 2609 1479 meae,
2659 1413 2717 1467 id
2743 1419 2845 1479 est,
2881 1413 3135 1483 quamvis
3177 1428 3280 1483 ego
3326 1412 3480 1467 nullo
3507 1410 3780 1483 indigeam,

2216 1501 2358 1556 bene
2380 1502 2592 1557 fecistis
2609 1518 2726 1568 vos,
2750 1501 3042 1556 charitatis
3062 1501 3305 1556 ofﬁcium
3326 1501 3385 1556 in
3405 1518 3497 1555 me
3508 1501 3785 1573 adimplen-

2214 1595 2322 1661 tes,
2343 1591 2733 1662 compatiendo
2768 1589 3121 1661 passionibus
3149 1591 3308 1659 meis,
3340 1596 3400 1646 et
3422 1590 3784 1646 mittendomi-

539 1081 874 1137 quacunque
893 1069 1028 1118 sunt
1040 1079 1188 1130 vera,
1214 1076 1547 1131 quaecunque
1558 1060 1783 1128 pudica,
1806 1073 2139 1126 quacunque

528 1159 707 1225 justa,
740 1169 1073 1222 quaecunque
1092 1155 1304 1216 sancta,
1327 1163 1659 1219 quacunque
1672 1148 1965 1214 amabilia,
1984 1145 2140 1200 idest

538 1244 731 1298 omnia
751 1259 873 1314 quae
887 1242 947 1296 in
978 1239 1276 1310 Evangelio
1302 1237 1582 1292 habentur
1608 1236 1868 1306 cogitate,
1901 1240 1957 1288 et
1985 1234 2139 1306 cogi-

538 1333 712 1387 tando
743 1347 913 1402 opere
940 1330 1193 1400 implete,
1241 1327 1375 1399 quia
1428 1325 1527 1380 illa
1567 1330 1700 1380 sunt
1749 1340 1893 1378 vera.
1939 1322 2139 1378 Omnia

536 1436 670 1475 vera
698 1424 833 1475 sunt
863 1418 1066 1490 pudica
1087 1422 1143 1472 et
1168 1420 1346 1484 casta,
1376 1414 1510 1486 quia
1547 1413 1618 1468 ab
1659 1412 1817 1467 omni
1845 1411 2135 1466 mendacio

536 1513 688 1574 sunt,
713 1507 982 1563 inviolata
1006 1511 1063 1562 et
1091 1506 1434 1576 incorrupta.
1467 1503 1571 1558 Illa
1591 1507 1722 1557 sunt
1735 1504 1893 1572 justa
1919 1509 1976 1556 et
2003 1517 2134 1556 san-

538 1603 647 1667 cta,
679 1614 803 1669 quae
823 1596 1183 1651 sanctitatem
1207 1599 1265 1649 et
1287 1592 1568 1665 justitiam
1597 1592 1817 1646 docent.
1869 1592 2134 1657 Quaerun-

533 1703 637 1758 que
658 1691 793 1742 sunt
822 1687 969 1740 bonae
985 1686 1174 1752 fama,
1192 1683 1251 1737 id
1271 1686 1378 1747 est,
1395 1698 1518 1752 quae
1540 1679 1747 1735 bonam
1790 1679 2001 1733 famam
2030 1695 2133 1734 nos
2154 1750 2196 1758 _
2214 1680 2274 1734 hi
2303 1696 2426 1751 quae
2455 1685 2619 1734 erant
2646 1680 2981 1735 necessaria.

531 1750 748 1831 iaciunt
763 1750 993 1840 habere,
1016 1750 1207 1827 omnia
1231 1770 1342 1826 ista
1388 1750 1632 1841 cogitate
1685 1773 1743 1822 et
1769 1767 2040 1839 perﬁcite.
2070 1768 2135 1824 Si
2153 1750 2201 1810 B
2286 1750 2453 1824 scitis
2479 1774 2689 1831 autem,
2709 1774 2839 1833 etc.,
2868 1785 3067 1839 usque,
3098 1771 3377 1838 profectus
3402 1787 3530 1825 sum
3555 1787 3590 1824 a
3632 1772 3786 1825 Mace-

528 1880 640 1934 qua
673 1867 873 1930 virtus,
898 1860 1167 1916 subaudis
1196 1859 1348 1922 ﬁdei,
1385 1856 2050 1930 operationis,doctrinza,
2076 1861 2133 1911 et
2213 1859 2404 1912 donia.
2438 1856 2764 1912 Macedonia
2790 1857 3075 1929 provincia
3093 1863 3181 1912 est
3218 1858 3560 1924 Graecorum,
3591 1859 3729 1914 dicta
3757 1873 3786 1912 ι

525 1952 677 2009 unde
699 1950 921 2007 laudari
948 1950 1100 2005 Deus
1128 1952 1332 2021 potest,
1376 1947 1477 2002 illa
1530 1946 1649 2001 Deo
1695 1945 1991 2017 applicata,
2016 1961 2128 1999 non
2211 1945 2533 2012 Macedone,
2558 1949 2620 1999 et
2670 1945 3065 2000 Thessalonica
3107 1945 3302 2000 civitas
3349 1951 3436 2001 est
3484 1963 3519 2001 a
3544 1945 3783 2002 Thessalo

524 2041 724 2096 vestris
753 2039 1004 2095 meritis.‘

2210 2049 2343 2104 rege
2372 2034 2542 2089 dicta.
2575 2033 2642 2088 In
2668 2034 2774 2088 hoc
2816 2050 2948 2104 ergo
3002 2034 3150 2105 quod
3176 2034 3374 2089 laudat
3399 2034 3780 2107 Philippenses,

596 2132 723 2197 Quae
740 2130 1001 2196 audistis,
1029 2125 1299 2181 subaudis
1317 2141 1420 2196 per
1446 2124 1664 2179 litteras
1694 2127 1936 2189 nostras,
1969 2123 2057 2177 vel
2093 2138 2128 2176 a
2210 2123 2306 2194 qui
2331 2123 2381 2178 ei
2409 2122 2729 2178 necessaria
2760 2123 3054 2191 miserunt,
3095 2123 3451 2195 vituperabat
3474 2124 3614 2179 alios
3635 2124 3723 2196 qui
3740 2123 3781 2178 ei

523 2217 757 2288 meipso,
791 2221 839 2270 et
863 2216 1099 2281 vidistis,
1130 2214 1191 2268 in
1220 2229 1406 2284 opere,
1440 2214 1549 2267 haec
1574 2216 1719 2281 agite
1746 2231 1762 2265 :
1793 2218 1841 2266 et
1861 2214 2001 2266 Deus
2025 2227 2127 2280 pa-

523 2308 600 2360 cis
625 2308 730 2359 erit
759 2306 1054 2369 vobiscum,
1083 2303 1190 2357 hoc
1211 2306 1317 2369 est,
1350 2300 1501 2356 Deus
1522 2302 1617 2372 qui
1648 2306 1733 2355 est
1760 2305 1922 2372 pater
1949 2300 2122 2371 pacis,

519 2393 579 2449 id
596 2398 701 2459 est,
714 2392 940 2448 Domini
952 2390 1132 2447 nostri
1146 2391 1176 2445 J
1181 2407 1282 2445 esu
1308 2389 1517 2444 Christi
1538 2389 1635 2460 qui
1655 2395 1741 2444 est
1771 2405 1878 2460 pax
1908 2394 2122 2455 nostra,

519 2483 617 2555 qui
626 2481 756 2537 fecit
773 2486 1014 2552 utraque
1040 2496 1241 2535 unum.

552 2572 781 2627 Gavisus
805 2586 931 2624 sum
950 2574 1138 2623 autem
1156 2571 1220 2622 in
1234 2570 1469 2623 Domino
1490 2568 2122 2635 vehementer,quoniam

521 2661 744 2714 tandem
769 2660 1098 2726 aliquando,
1132 2662 1239 2711 etc.
1294 2657 1358 2711 In
1406 2655 1679 2727 principio
1710 2655 2122 2726 przedicationis

515 2748 789 2821 Apostoli,
821 2746 1044 2818 quando
1073 2732 1463 2816 Philippenses
1514 2743 1894 2809 crediderunt,
1938 2744 2120 2798 maxi-

515 2854 669 2892 mam
699 2835 1109 2892 humanitatem
1140 2834 1503 2906 przebuerunt
1540 2833 1611 2897 ei,
1643 2832 2031 2887 ministrantes
2068 2832 2141 2887 ei.

516 2925 646 2981 laeto
675 2925 864 2980 animo
893 2941 1015 2995 quae
1039 2922 1358 2978 necessaria
1380 2926 1543 2976 erant
1569 2940 1581 2989 ;
1613 2921 1711 2975 sed
1756 2937 1882 2975 cum
1915 2921 2117 2992 coepis-

518 3019 648 3069 sent
664 3013 1112 3086 persecutionem
1137 3012 1254 3083 pati
1274 3028 1307 3065 a
1332 3010 1449 3065 suis
1476 3009 2044 3074 civibus'inﬁdelibus,
2060 3014 2118 3065 et

514 3100 775 3156 tribulari
803 3116 838 3154 a
868 3098 1338 3171 persecutoribus,
1372 3101 1732 3153 cessaverunt
1773 3112 1809 3151 a
1831 3097 2116 3152 ministra-

515 3189 698 3244 tione:
728 3204 913 3259 neque
932 3188 1079 3242 enim
1101 3190 1364 3258 poterant
1387 3187 1448 3241 in
1467 3185 1743 3241 seditione
1765 3201 1831 3240 ac
1860 3202 2116 3257 persecu-

512 3276 667 3331 tione
695 3276 885 3347 positi,
917 3274 1164 3329 oﬂicium
1221 3273 1514 3328 charitatis
1556 3274 1639 3328 ita
1674 3273 1928 3345 implere,
1970 3274 2117 3330 sicut

511 3370 769 3437 tempore
792 3363 965 3436 pacis.
997 3364 1137 3419 Cum
1166 3379 1299 3416 vero
1350 3361 1573 3417 reddita
1619 3367 1769 3417 esset
1813 3362 1925 3417 illis
1952 3367 2112 3418 tran-

515 3453 766 3526 quillitas
803 3452 1041 3507 Domino
1074 3451 1439 3522 suffragante,
1484 3451 1695 3506 reversi
1723 3455 1859 3506 sunt
1886 3451 1957 3506 ad
1994 3452 2112 3523 pri-

515 3542 724 3599 stinam
790 3539 1291 3604 conversationem,
1338 3544 1739 3611 coeperuntque
1786 3539 2110 3597 ministrare

509 3631 778 3704 Apostolo
825 3630 1062 3702 aliisque
1108 3627 1318 3683 sanctis
1366 3643 1490 3699 quae
1545 3628 1862 3683 necessaria
1909 3634 2100 3689 erant.

513 3722 869 3793 Quapropter
890 3718 1206 3789 congaudet
1231 3718 1534 3789 Apostolus
1584 3717 1810 3773 illorum
1847 3716 2106 3787 bonitati,

513 3815 571 3865 et
597 3809 734 3864 dicit
764 3827 778 3863 :
810 3807 1047 3863 Gavisus
1073 3822 1199 3861 sum
1227 3806 1408 3874 valde,
1459 3806 1723 3877 quoniam
1771 3807 2020 3873 tandem,
2051 3807 2109 3861 id

512 3902 599 3953 est
626 3897 700 3951 ad
728 3895 1013 3962 ultimum,
1037 3893 1232 3948 autvix
1252 3892 1553 3964 aliquando
1576 3896 1924 3963 reﬂoruistis,
1938 3894 1996 3948 id
2025 3898 2110 3949 est

514 3987 712 4042 ﬂorem
732 3984 1027 4051 virtutum,
1052 3982 1388 4055 protulistis,
1409 3981 1620 4037 reversi
1635 3982 1706 4036 ad
1725 3982 1968 4054 priorem
1979 3998 2109 4038 con-

2206 2211 2425 2266 nullum
2456 2211 2785 2283 obsequium
2811 2211 3188 2283 praebuerunt.
3213 2214 3281 2268 In
3297 2217 3515 2268 ratione
3525 2215 3642 2268 dati
3649 2218 3694 2267 et
3709 2228 3781 2267 ao-

2207 2303 2363 2369 cepti.
2391 2300 2671 2373 Quidquid
2701 2300 2974 2372 accipitur
2998 2301 3085 2356 vel
3113 2301 3283 2356 datur
3309 2301 3457 2356 ratio
3478 2302 3606 2357 inde
3619 2306 3781 2372 potest

2208 2405 2346 2443 esse.
2375 2389 2540 2444 Ratio
2566 2389 2683 2444 dati
2738 2394 2824 2445 est
2876 2390 3009 2461 quia
3052 2390 3160 2444 scit
3185 2390 3350 2445 dator
3373 2391 3524 2462 quod
3550 2391 3660 2455 dat,
3695 2394 3780 2445 aut

2209 2484 2483 2548 quantum
2510 2479 2627 2546 dat,
2652 2482 2752 2533 aut
2771 2478 2862 2533 cui
2889 2478 3006 2541 dat,
3040 2484 3236 2534 utrum
3264 2495 3489 2544 aurum,
3517 2496 3588 2535 an
3638 2478 3780 2534 vesti-

2207 2571 2461 2622 mentum
2495 2568 2606 2630 det,
2643 2567 2844 2623 libram
2876 2568 3020 2630 auri,
3053 2573 3156 2623 aut
3200 2568 3620 2639 equum..Ratio
3649 2584 3780 2623 acco-

2204 2655 2287 2725 pti
2305 2660 2407 2721 est,
2444 2656 2576 2727 quia
2596 2657 2701 2711 scit
2721 2656 2817 2710 ille
2832 2657 2929 2728 qui
2944 2656 3146 2728 accipit
3164 2658 3456 2712 metallum
3483 2657 3683 2729 aliquid
3693 2661 3782 2711 aut

2204 2744 2620 2811 vestimentum,
2651 2750 2926 2816 quantum
2954 2745 3175 2817 accipit,
3201 2751 3259 2800 et
3287 2763 3323 2801 a
3346 2762 3457 2817 quo
3484 2746 3698 2818 accipit;
3730 2748 3781 2799 et

2203 2837 2288 2886 est
2312 2849 2511 2888 sensus
2542 2851 2553 2886 :
2590 2834 2666 2888 Ex
2695 2833 2955 2888 omnibus
2983 2834 3053 2888 de
3083 2833 3286 2905 quibus
3316 2840 3501 2906 potest
3516 2851 3635 2890 esse
3649 2833 3780 2888 ratio

2200 2920 2319 2975 dati
2350 2926 2407 2975 et
2433 2922 2665 2994 accepti,
2700 2939 2814 2977 non
2839 2922 3299 2978 ministraverunt
3336 2922 3494 2991 mihi,
3522 2924 3650 2995 quia
3682 2921 3780 2993 ipsi

2199 3009 2343 3063 nihil
2371 3010 2666 3078 dederunt,
2702 3017 2759 3066 et
2785 3027 2890 3082 ego
2920 3012 3061 3066 nihil
3080 3011 3297 3083 accepi.

2269 3099 2393 3154 Non
2444 3116 2629 3169 quaero
2676 3102 2892 3165 datum,
2936 3099 3205 3155 subaudis
3255 3100 3664 3167 tantummodo,
3696 3100 3782 3155 sed

2196 3189 2421 3254 requiro
2443 3190 2716 3256 fructum,
2745 3188 2804 3243 id
2824 3194 2911 3244 est
2930 3188 3375 3244 benevolentiam
3397 3195 3457 3244 et
3478 3188 3781 3260 benignita-

2194 3280 2311 3330 tem
2330 3276 2525 3342 animi,
2549 3279 2924 3333 abundantem
2946 3281 3009 3332 in
3030 3281 3277 3333 oratione
3306 3284 3505 3345 vestra,
3526 3278 3584 3333 id
3612 3283 3690 3332 est
3711 3276 3781 3331 ad

2193 3364 2499 3420 utilitatem
2529 3371 2793 3421 vestram.
2827 3366 3069 3431 Quidam
3095 3366 3312 3422 codices
3326 3366 3538 3421 habent
3558 3385 3571 3421 :
3593 3366 3775 3422 Abun-

2194 3453 2421 3508 dantem
2455 3454 2514 3508 in
2543 3455 2796 3510 oratione
2824 3461 3027 3510 vestra.
3069 3455 3263 3511 Oratio
3299 3455 3572 3527 Apostoli,
3610 3455 3773 3511 oratio

2193 3542 2638 3614 Philippensium
2666 3549 2807 3611 erat,
2840 3544 2972 3615 quia
2989 3561 3092 3616 pro
3116 3544 3228 3600 illis
3243 3544 3459 3599 orabat.
3476 3544 3547 3600 Et
3564 3544 3773 3616 quando

2193 3630 2428 3702 quilibet
2449 3638 2575 3687 orat
2599 3649 2700 3704 pro
2732 3633 2942 3704 aliquo,
2966 3633 3014 3687 si
3044 3633 3160 3688 vita
3181 3633 3332 3688 illius
3365 3634 3580 3689 munda
3595 3633 3772 3698 fuerit,

2191 3737 2293 3791 pro
2325 3737 2435 3792 quo
2456 3726 2673 3791 oratur,
2699 3721 2954 3776 sublevat
2980 3722 3292 3778 orationem
3312 3722 3678 3794 deprecantis,
3714 3726 3780 3777 ut

2191 3824 2225 3863 a
2252 3809 2368 3864 Deo
2397 3810 2749 3877 exaudiatur,
2784 3810 2931 3866 sicut
2954 3827 2984 3865 e
3010 3816 3208 3866 contra
3226 3812 3344 3867 vita
3371 3813 3522 3869 mala
3538 3813 3653 3883 ejus
3676 3826 3778 3883 pro

2190 3914 2300 3969 quo
2341 3903 2535 3953 oratur
2588 3899 2825 3970 impedit
2866 3900 3179 3956 orationem
3220 3900 3375 3955 illius
3404 3901 3501 3973 qui
3527 3917 3625 3973 pro
3658 3900 3780 3972 ipso

2190 3991 2335 4043 orat.
2373 3987 2534 4042 Unde
2563 3988 2701 4043 dicit
2725 3988 2999 4044 Dominus
3025 3989 3315 4045 Jeremiae:
3359 3991 3490 4046 Noli
3507 4006 3661 4045 orare
3673 4004 3782 4058 pro

511 4076 890 4131 versationem
933 4078 992 4127 et
1029 4070 1516 4127 consuetudinem.
1569 4070 1884 4139 Floruistis,
1924 4071 1983 4126 id
2025 4075 2111 4126 est
2184 4077 2386 4144 populo
2415 4076 2529 4144 hoc,
2564 4080 2699 4146 quia
2746 4093 2858 4132 non
2914 4080 3211 4133 exaudiam
3239 4084 3286 4133 te
3319 4080 3450 4144 (λεν.
3482 4078 3584 4150 vn)
3636 4078 3783 4149 Ergo

510 4166 708 4219 ﬂorem
719 4162 879 4216 bonae
919 4159 1260 4231 operationis
1284 4158 1617 4230 protulistis,
1644 4158 1703 4213 id
1733 4164 1820 4213 est
1846 4159 2109 4215 affectum

511 4249 822 4307 dilectionis
860 4264 997 4319 erga
1046 4264 1136 4301 me
1191 4247 1457 4302 exhibere
1487 4246 1752 4318 coepistis,
1795 4247 1942 4303 sicut
1977 4253 2108 4305 ante

511 4337 877 4395 exhibebatis.
898 4336 1159 4406 Occupati
1177 4341 1365 4389 autem
1393 4338 1581 4403 eratis,
1607 4335 1875 4390 subaudis
1903 4336 1962 4391 in
1985 4354 2108 4410 per-

2188 4163 2338 4218 beati
2354 4164 2515 4220 Pauli
2532 4165 2712 4220 oratio
2734 4182 2901 4238 quam
2927 4184 3028 4239 pro
3049 4166 3161 4222 illis
3178 4166 3470 4236 fundebat,
3500 4166 3642 4223 bona
3669 4166 3787 4221 vita

2187 4251 2414 4309 illorum
2440 4253 2854 4310 sublevabatur.
2878 4255 3039 4311 Unde
3066 4255 3203 4311 dicit
3227 4275 3239 4311 :
3271 4258 3399 4313 Non
3417 4258 3639 4329 requiro
3662 4262 3787 4311 tan-

2187 4341 2479 4396 tummodo
2496 4341 2815 4405 datum,sed
2847 4343 3074 4415 requiro
3086 4344 3599 4401 benevolentiamet
3623 4343 3787 4400 beni—

506 4428 793 4485 secutione
817 4425 1039 4480 civium.
1069 4424 1310 4479 Excusat
1363 4440 1459 4479 eos
1510 4425 1699 4491 modo,
1737 4425 1929 4480 dicens
1961 4444 1972 4479 :
2014 4427 2101 4482 In-
2124 4424 2169 4440 "
2183 4429 2457 4499 gnitatem
2472 4428 2855 4486 abundantem
2876 4432 2934 4485 in
2955 4432 3211 4487 oratione
3226 4434 3494 4501 vestra,id
3512 4442 3597 4490 est
3615 4439 3790 4490 utve-

505 4517 708 4590 dulgeo
744 4514 896 4571 vobis
927 4514 975 4569 si
1005 4513 1076 4569 ad
1102 4518 1327 4584 tempus
1354 4512 1493 4567 illud
1525 4513 1812 4581 omisistis,
1844 4515 1979 4585 quia
2007 4515 2100 4570 de-
2180 4522 2297 4573 stra
2308 4519 2593 4574 voluntate
2604 4519 2852 4575 sublevet
2863 4521 3782 4594 oratio,quandoprovobisfundo.

501 4608 645 4664 tenti
670 4604 842 4661 eratis
868 4603 926 4658 in
947 4600 1334 4674 persecutione
1362 4600 1737 4657 inimicorum.

2250 4609 2428 4663 Habeo
2455 4614 2641 4663 autem
2671 4612 2883 4678 omnia,
2909 4614 2958 4664 et
2982 4609 3228 4665 abundo.
3256 4609 3363 4666 Ille
3390 4612 3581 4666 omnia
3606 4610 3791 4667 haba

569 4698 692 4754 Non
721 4695 882 4765 quasi
898 4697 1125 4763 prapter
1142 4692 1467 4760 penuriam,
1499 4690 1558 4744 id
1588 4695 1674 4744 est
1702 4690 2089 4763 indigentiam,
2179 4697 2275 4768 qui
2297 4696 2452 4750 nullo
2481 4696 2712 4768 indiget,
2749 4697 2845 4768 qui
2866 4702 3070 4769 praeter
3088 4699 3406 4754 necessaria
3430 4699 3570 4754 nihil
3592 4699 3791 4771 requi-

494 4787 858 4853 hocdico;ego
874 4782 1210 4838 enimdidici
1226 4784 1288 4834 in
1302 4781 1502 4849 quibus
1523 4783 1952 4849 sum,sufﬁciens
1964 4800 2088 4851 esse,
2175 4785 2275 4843 rit.
2298 4787 2546 4853 Reptetus
2573 4803 2718 4850 sum,
2750 4787 2955 4858 inquit,
2988 4787 3255 4843 subaudis
3297 4789 3455 4843 omni
3480 4789 3789 4844 abundan-

492 4876 552 4932 id
580 4881 685 4942 est,
718 4891 821 4945 ego
842 4873 957 4928 scio
982 4871 1039 4926 in
1068 4869 1270 4942 quibus
1298 4886 1529 4941 possum
1574 4869 1969 4927 sufficientiam
1995 4872 2092 4927 ha-
2174 4874 2273 4940 tia,
2301 4876 2527 4943 acceptis
2548 4876 2615 4927 ab
2652 4875 3044 4945 Epaphrodito,
3096 4876 3365 4932 subaudis
3422 4879 3786 4945 muneribus,

489 4963 644 5028 bere,
663 4962 919 5034 quiascio
932 4958 1300 5032 indigentiam
1323 4958 1603 5030 patienter
1626 4959 1794 5029 ferre,
1825 4963 1882 5013 et
1908 4959 2089 5014 abun-
2173 4974 2309 5027 quae,
2345 4956 2612 5012 subaudis
2643 4974 2897 5026 munera,
2934 4964 3165 5015 misistis
3194 4962 3357 5016 mihi.
3390 4963 3675 5019 Miserant
3703 4964 3791 5020 illi

491 5054 741 5109 dentiam
757 5068 886 5107 cum
912 5051 1290 5122 temperantia
1302 5050 1620 5122 disponere.
1648 5050 1812 5104 Multi
1833 5055 1967 5105 sunt
1990 5053 2086 5123 qui
2170 5046 2560 5117 Philippenses
2589 5051 2688 5101 aut
2717 5063 2939 5114 aurum,
2963 5055 3064 5103 aut
3089 5056 3409 5121 argentum,
3460 5057 3561 5107 aut
3616 5055 3793 5110 vesti-

488 5141 654 5216 positi
682 5142 1121 5226 iri-paupertate,
1154 5138 1413 5193 nesciunt
1440 5153 1565 5192 eam
1595 5136 1872 5217 patienter
1894 5137 2077 5194 ferre:
2169 5140 2377 5202 menta,
2409 5152 2509 5206 per
2539 5136 3003 5207 Epaphroditum,
3038 5137 3098 5193 in
3147 5138 3350 5210 quibus
3388 5141 3485 5195 ille
3524 5143 3793 5198 multum

485 5236 545 5288 et
561 5234 696 5287 sunt
713 5223 877 5283 multi
892 5227 988 5299 qui
1006 5226 1174 5298 positi
1192 5226 1252 5281 in
1268 5225 1633 5292 abundantia,
1656 5224 1912 5280 nesciunt
1932 5230 2082 5281 tem-
2165 5223 2387 5279 lmtatus
2418 5228 2474 5278 et
2488 5224 2807 5296 gratulatus
2837 5231 2942 5290 est,
2963 5243 3075 5281 non
3091 5231 3206 5282 tam
3224 5244 3325 5299 pro
3346 5244 3451 5284 sua
3469 5244 3655 5300 quam
3682 5247 3791 5303 pro

480 5318 797 5397 perantiam
815 5314 1040 5378 habere,
1054 5314 1151 5369 sed
1161 5315 1464 5370 comedunt
1487 5320 1546 5370 et
1563 5313 1765 5369 bibunt
1786 5315 1941 5370 ultra.
1955 5332 2078 5372 mo-
2163 5312 2399 5367 aliorum
2420 5313 2769 5369 necessitate.
2798 5316 2867 5370 In
2888 5316 3108 5370 odorem
3125 5319 3440 5372 suavitatis.
3472 5317 3641 5373 Odor
3660 5336 3795 5375 sua-

478 5412 635 5476 dum,
658 5413 716 5464 et
729 5410 967 5463 utuntur
996 5403 1085 5459 his
1105 5403 1307 5475 quibus
1336 5403 1627 5459 abundant
1651 5404 2024 5476 intemperata
2057 5425 2070 5463 :
2159 5401 2349 5458 vitatis
2384 5408 2472 5458 est
2507 5404 2657 5475 apud
2695 5405 2895 5470 Deum,
2936 5404 3177 5460 intentio
3227 5406 3377 5461 bona
3413 5411 3470 5462 et
3505 5409 3791 5467 voluntas

474 5515 715 5577 quorum
746 5510 981 5554 numero
1010 5498 1134 5550 erat
1159 5492 1464 5567 Apostolus
1493 5493 1730 5551 alienus.
2157 5492 2577 5565 promptissima
2607 5493 2913 5562 offerentis,
2936 5494 3007 5550 de
3035 5511 3149 5567 qua
3178 5494 3418 5567 legimus
3446 5496 3505 5551 in
3531 5495 3787 5571 Genesi,

539 5589 665 5650 Scio
688 5592 737 5647 et
766 5586 1087 5656 humiliari,
1116 5581 1174 5641 id
1204 5588 1292 5641 est
1318 5581 1435 5640 scio
1463 5584 1763 5659 penuriam
1790 5583 2073 5660 patienter
2156 5582 2290 5658 quia
2353 5583 2619 5642 odoratus
2682 5588 2769 5641 est
2822 5583 3053 5643 odorem
3107 5584 3402 5644 suavitatis
3463 5582 3787 5663 Dominus,
