3852 6154
208 244 318 304 753

913 250 1294 308 EXPOSITIO
1332 254 1412 311 IN
1449 254 1603 314 EPP.
1645 257 1702 313 S.
1742 256 1979 316 PAULI.
2012 286 2080 301 —
2118 259 2198 315 IN
2233 260 2457 320 EPIST.
2496 261 2594 320 AD
2631 260 2789 320 COL.

3380 263 3488 325 754

207 371 442 444 quando
487 371 606 429 Noe
645 372 847 429 obtulit
882 375 1220 432 sacriﬁcium
1259 380 1394 448 Deo,
1446 398 1705 454 egressus
1742 383 1880 444 deA
1965 383 2215 441 Salutate
2243 403 2460 452 omnem
2478 391 2755 457 sanctum,
2781 385 2839 447 id
2872 392 2959 445 est
2985 404 3212 445 omnem
3244 391 3489 448 sanctiﬁ-

203 475 359 515 arca.
393 461 521 516 Non
551 462 703 517 enim
732 467 816 517 est
843 466 1157 535 putandum
1177 469 1325 539 quod
1344 470 1616 527 Dominus
1635 472 1812 527 omni-

201 555 408 620 potens
438 551 710 606 sacriﬁcio
726 552 1081 609 victimarum
1105 561 1162 610 et
1189 557 1344 613 fumo
1361 561 1619 616 carnium
1639 566 1808 634 atque

199 639 404 694 nidore
422 640 779 712 pinguedinis
789 642 1115 711 delectetur,
1141 646 1238 700 sed
1258 647 1569 705 intentione
1587 649 1735 705 bona
1751 655 1809 705 et

200 728 495 784 voluntate
525 731 946 802 promptissima
966 734 1270 790 offerentis.
1305 737 1362 791 Si
1388 738 1538 792 enim
1568 739 1722 794 fumo
1751 744 1811 794 et

200 815 405 872 nidore
441 818 696 874 carnium
742 820 1135 889 delectaretur,
1188 841 1542 898 nequaquam
1598 828 1810 884 diceret

198 922 307 979 per
355 908 690 978 prophetam
757 928 769 962 :
837 911 1124 967 Sacriﬁcia
1173 919 1361 970 vestra
1403 916 1578 971 odivit
1617 918 1809 973 anima

198 1010 351 1052 mea.

233 1084 381 1141 Deus
400 1090 588 1139 autem
604 1103 755 1141 meus
768 1091 995 1157 impleat
1010 1108 1167 1146 omne
1186 1094 1519 1148 desiderium
1536 1101 1800 1152 vestrum.

1893 478 2078 528 catum
2109 476 2168 530 in
2196 475 2552 549 baptismate,
2590 479 2678 534 vel
2710 477 2805 550 qui
2844 478 2963 533 sine
2991 479 3245 548 crimine,
3278 485 3337 536 et
3362 481 3484 537 sine

1888 562 2130 633 graviori
2160 571 2385 636 peccato
2415 568 2637 620 florent.
2669 569 2906 621 Maxime
2928 572 3114 622 autem
3152 571 3251 638 qui
3283 570 3348 623 de
3381 570 3486 625 οω-

1888 656 2032 706 saris
2060 654 2217 707 domo
2236 656 2577 719 sunt.Quare
2602 655 2819 710 addidit
2850 674 2861 708 :
2886 656 3126 711 Maxime
3144 662 3331 713 autem
3352 653 3484 714 illos

1890 741 1987 811 qui
2020 741 2089 795 de
2140 743 2373 798 Caesaris
2418 745 2585 798 domo
2616 744 2791 801 suit?
2836 749 2897 799 ut
2933 745 3055 799 illos
3093 746 3482 819 Philippenses

1888 835 2117 885 acueret
2144 836 2203 885 et
2243 832 2541 902 instigaret
2569 833 2640 887 ad
2670 833 2838 887 ﬁdem
2862 834 3216 901 servandam,
3246 841 3303 890 et
3324 835 3482 892 bonis

1888 918 2148 989 operibus
2184 920 2572 988 laborandum,
2606 921 2767 994 quasi
2792 921 3003 977 diceret
3033 940 3045 976 :
3077 921 3124 978 Ο
3154 923 3483 995 Philippen—
3586 963 3597 973 .

1887 1022 1996 1072 ses,
2026 1008 2300 1062 attendite
2334 1027 2346 1063 :
2380 1010 2426 1063 si
2456 1009 2539 1063 illi
2570 1010 2667 1080 qui
2695 1011 3047 1082 apparitores
3072 1016 3206 1066 sunt
3228 1012 3478 1083 impera-

1884 1094 2039 1159 toris,
2064 1100 2121 1150 et
2141 1096 2191 1150 ei
2219 1114 2443 1168 semper
2472 1098 2736 1153 assistere
2759 1098 2966 1154 debent
2984 1100 3044 1155 in
3067 1100 3278 1172 palatio
3292 1101 3465 1170 illius,

195 1171 335 1226 Tale
363 1172 707 1230 desiderium
733 1176 1014 1233 habebant
1044 1180 1449 1253 Philippenses,
1482 1189 1548 1238 ut
1575 1184 1709 1238 socii
1747 1190 1804 1240 et
1884 1184 2117 1239 veniunt
2136 1185 2206 1239 ad
2227 1186 2394 1239 ﬁdem
2414 1202 2515 1257 pro
2529 1186 2705 1241 nihilo
2725 1187 3059 1259 deputantes
3076 1171 3220 1244 iram
3240 1189 3481 1262 impera-

194 1263 634 1334 comparticipes
671 1273 961 1321 merentur
985 1268 1108 1323 ﬁeri
1133 1268 1279 1324 beati
1318 1272 1590 1342 Apostoli,
1616 1266 1674 1327 id
1713 1280 1801 1329 est
1881 1274 2036 1339 toris,
2059 1278 2115 1327 et
2134 1274 2372 1328 viriliter
2390 1274 2449 1328 in
2466 1275 2575 1328 ﬁde
2596 1284 2653 1330 et
2679 1275 2934 1330 doctrina
2959 1276 3234 1345 laborant,
3261 1284 3474 1349 quanto

192 1365 434 1405 sensus:
459 1352 760 1419 Concedat,
792 1361 1131 1428 praestetque
1169 1359 1318 1413 Deus
1356 1377 1534 1428 meus,
1560 1366 1622 1416 ut
1652 1362 1798 1418 sicut
1878 1362 2061 1431 magis
2103 1379 2199 1416 vos
2247 1362 2463 1416 debetis
2509 1362 2744 1417 ferventi
2781 1362 2969 1417 animo
3016 1364 3187 1418 ﬁdem
3225 1380 3466 1433 servare,

188 1439 501 1511 participes
527 1442 661 1495 estis
680 1443 955 1514 passionis
977 1462 1114 1500 meae
1143 1451 1201 1500 et
1218 1447 1526 1503 condoletis
1553 1450 1792 1505 tribula-
1877 1448 2037 1504 bonis
2066 1450 2328 1523 operibus
2364 1451 2644 1518 insistere,
2682 1450 2779 1523 qui
2815 1451 2980 1523 longe
3008 1451 3078 1506 ab
3113 1452 3245 1507 aula
3290 1454 3469 1524 regali

185 1527 442 1584 tionibus
468 1530 629 1596 meis,
655 1530 737 1585 ita
760 1532 883 1588 sitis
911 1534 1209 1606 participes
1247 1536 1604 1607 praemiorum
1634 1556 1790 1594 meo-
1870 1542 2071 1594 remoti
2121 1539 2273 1605 estis,
2328 1556 2511 1611 neque
2543 1540 2836 1595 terremini
2867 1542 3031 1610 jussu
3084 1540 3468 1613 malignorum

180 1633 336 1683 rum,
376 1623 435 1673 et
463 1620 862 1691 congaudeatis
889 1623 1095 1678 laetitiae
1135 1640 1290 1679 meae.
1322 1626 1391 1680 Et
1419 1627 1660 1697 qualiter
1690 1628 1787 1684 ﬁet
1865 1628 2200 1699 principum.
2223 1628 2367 1681 Nam
2388 1633 2651 1682 manente
2668 1627 2938 1699 Apostolo
2956 1628 3015 1682 in
3035 1644 3259 1684 carcere
3286 1631 3345 1685 in
3365 1631 3464 1687 do-

178 1706 377 1761 istud?
404 1707 718 1764 Secundum
739 1712 965 1765 divitias
978 1729 1108 1765 suas
1127 1715 1190 1766 in
1209 1716 1391 1781 gloria
1412 1717 1782 1781 aeternaQuae
1800 1737 1847 1796 Β
1871 1732 1962 1770 mo
1983 1716 2358 1787 imperatoris,
2393 1715 2557 1770 multi
2604 1732 2669 1770 ex
2713 1716 2878 1771 domo
2906 1715 3139 1771 Caesaris
3163 1718 3465 1776 veniebant

175 1801 314 1851 sunt
331 1796 447 1852 illa;
464 1796 671 1853 divitiae
689 1797 719 1852 Ἰ
749 1800 899 1864 Quas
929 1802 1123 1856 oculus
1151 1818 1265 1857 non
1309 1803 1466 1868 vidit,
1499 1821 1601 1860 nec
1629 1806 1782 1861 auris
1867 1805 1938 1859 ad
1964 1821 2093 1859 eum
2125 1823 2137 1858 :
2180 1810 2238 1859 et
2264 1805 2412 1859 docti
2442 1804 2512 1859 ab
2543 1804 2659 1871 illo,
2693 1803 3124 1876 baptizabantur
3149 1806 3209 1860 in
3236 1811 3462 1863 tantum

176 1885 419 1952 audivit,
450 1902 555 1941 nec
605 1887 664 1941 in
712 1905 808 1942 cor
849 1889 1093 1943 hominis
1142 1891 1534 1959 ascenderunt,
1575 1893 1633 1946 id
1673 1897 1777 1957 est,
1863 1898 1925 1948 ut
1950 1894 2090 1963 (jam
2111 1893 2376 1962 diximus)
2404 1893 2635 1948 domum
2662 1893 3038 1964 persecutoris
3075 1893 3324 1951 facerent
3349 1895 3459 1952 Ec-

172 1975 394 2044 gaudia
417 1982 629 2031 aeterna
654 1983 712 2031 et
729 1978 962 2049 praemia
990 1978 1111 2033 sine
1131 1979 1243 2033 ﬁne
1274 1995 1561 2037 mansura.
1585 1982 1654 2036 Et
1676 1982 1781 2036 hoc

170 2064 233 2119 in
262 2064 492 2120 Christo
519 2064 556 2122 J
559 2082 677 2129 esu,
710 2067 817 2121 hoc
846 2071 948 2134 est,
984 2085 1086 2139 per
1112 2068 1397 2123 Christum
1418 2070 1632 2124 Jesum.

241 2155 349 2208 Deo
378 2161 568 2210 autem
596 2161 647 2209 et
671 2158 832 2211 Patri
851 2163 1054 2223 nostra,
1086 2158 1145 2212 id
1170 2163 1256 2213 est
1282 2164 1489 2214 sanctae
1515 2159 1779 2215 Trinitati

169 2258 298 2315 qum
324 2259 479 2299 unus
507 2245 658 2300 Deus
679 2249 784 2312 est,
799 2250 1025 2301 maneat
1045 2248 1227 2302 honor
1242 2248 1301 2302 in
1321 2250 1522 2305 saecula
1541 2249 1777 2305 saeculo-

167 2348 323 2399 rum,
365 2333 427 2388 id
451 2338 535 2389 est
558 2350 661 2406 per
687 2337 876 2390 omnia
899 2337 1091 2392 futura
1129 2338 1349 2394 saecula.

1862 1982 2089 2037 clesiam
2115 1982 2527 2053 Redemptoris.
2560 1984 2561 1987 “

1933 2072 2126 2126 Gratia
2150 2073 2396 2137 Domini,
2417 2071 2475 2125 id
2491 2075 2577 2126 est
2587 2070 2726 2126 ﬁdes
2752 2071 2841 2127 vel
2862 2071 3034 2138 salus,
3055 2076 3113 2126 et
3139 2069 3456 2146 redemptio

1860 2166 2030 2231 atque
2063 2159 2320 2214 remissio
2350 2164 2705 2230 peccatorum
2726 2164 2954 2214 maneat
2980 2176 3108 2215 cum
3140 2164 3345 2230 spiritu
3372 2176 3456 2216 ve-

1859 2255 1993 2316 stro,
2024 2248 2081 2303 id
2111 2252 2197 2303 est
2224 2249 2284 2302 in
2310 2248 2479 2302 corde
2497 2252 2680 2303 vestro
2711 2251 2769 2302 et
2789 2252 2980 2303 mente
3012 2264 3024 2301 :
3059 2247 3195 2319 quia
3214 2248 3263 2303 si
3285 2264 3454 2305 man-

1860 2338 1997 2394 serit
2024 2337 2084 2392 in
2112 2340 2321 2402 mente,
2351 2335 2602 2392 manebit
2627 2340 2685 2391 et
2701 2337 2763 2391 in
2789 2336 2974 2403 corde,
3001 2340 3112 2392 etc.

834 2603 973 2681 IN
1021 2605 1710 2686 EPISTOLAM
1756 2604 1932 2683 ΑΙ)
1980 2603 2793 2686 COLOSSENSES.

1324 2780 1361 2805 οἴ

684 2849 918 2905 CAPUT
956 2848 1269 2907 PRIMUM.
1287 2908 1297 2916 ,

1849 2866 2000 2918 nem,
2041 2851 2282 2906 alterum
2307 2849 2380 2904 ad
2412 2847 2734 2905 conﬂictum
2774 2844 3042 2903 hostium.
3075 2843 3314 2913 Laboro,
3353 2845 3445 2902 in-

232 2938 571 3006 Illysterium
597 2940 742 3007 quod
764 2940 1143 2993 absconditum
1176 2942 1290 3007 fuit
1315 2956 1351 2994 a
1378 2944 1589 2996 saeculis
1608 2946 1657 2995 et
1675 2958 1766 3010 ge-
1786 2933 1828 2993 C
1851 2940 1990 3011 quit,
2015 2940 2085 2994 ad
2106 2938 2576 3011 praedicationem,
2593 2935 2859 2991 certando
2873 2942 3069 2990 contra
3080 2935 3272 2991 hostes
3286 2934 3444 2991 Chri-

158 3027 574 3080 nerationibus.
593 3026 924 3097 Mysterium
951 3027 1356 3082 incarnationis
1376 3028 1764 3101 passionisque

313 3114 419 3170 Dei
450 3118 508 3169 et
526 3115 930 3187 redemptionis
964 3116 1188 3187 generis
1203 3117 1437 3172 humani
1465 3117 1763 3173 abscondi-

152 3208 286 3258 tum
324 3203 437 3258 fuit
471 3203 542 3258 ab
570 3202 733 3258 initio
763 3204 958 3260 mundi
986 3205 1334 3276 sapientibus
1360 3206 1525 3277 hujus
1553 3209 1758 3275 saeculi,

153 3292 504 3363 patriarchis
523 3299 715 3347 autem
740 3298 797 3347 et
826 3294 1117 3365 prophetis
1146 3294 1382 3366 aliisque
1410 3296 1761 3367 quampluri-

151 3381 269 3435 mis
288 3380 468 3452 justis
496 3381 835 3452 patefactum
866 3389 953 3437 est
965 3427 977 3440 .

218 3474 387 3541 Quod
414 3479 493 3527 est
513 3472 785 3538 Christus,
816 3476 879 3526 in
908 3475 1054 3528 vobis
1093 3489 1207 3543 spes
1250 3477 1455 3542 gloria.
1500 3475 1757 3530 Christus

149 3567 234 3616 est
262 3577 403 3633 spes
429 3561 624 3631 gloriae
644 3561 971 3627 electorum,
1005 3562 1137 3633 quia
1176 3562 1493 3634 quicunque
1519 3565 1757 3619 ﬁrmiter

148 3650 204 3705 in
227 3667 371 3705 eum
390 3650 649 3717 credunt,
680 3654 912 3721 sperant
936 3666 996 3705 se
1034 3655 1362 3720 accepturos
1382 3649 1552 3705 vitam
1589 3657 1752 3707 aeter-

146 3756 302 3806 nam,
330 3744 391 3794 et
416 3739 658 3810 gloriam
690 3754 859 3810 quam
879 3739 998 3811 ipse
1029 3739 1307 3811 promisit.

214 3832 594 3897 Corripientes
623 3844 840 3882 omnem
870 3828 1166 3884 hominem.
1198 3829 1434 3885 Omnem
1466 3829 1751 3883 hominem

144 3918 423 3974 debemus
451 3919 543 3972 hic
567 3917 883 3988 intelligere
912 3918 1167 3973 Judaeum
1197 3923 1255 3973 et
1279 3918 1750 3990 gentilem,domi-

143 4024 277 4063 num
297 4007 792 4073 etservum,ditem
806 4012 863 4061 et
876 4024 1429 4078 pauperem,omnem
1437 4024 1543 4079 que
1554 4024 1747 4062 sexum

142 4104 196 4151 et
213 4096 627 4162 conditionem,
647 4095 850 4166 quibus
871 4102 1208 4167 praeceptum
1224 4102 1311 4151 est
1330 4096 1597 4167 apostolis
1612 4112 1749 4166 prse-

140 4184 473 4240 dicare.Sed
495 4184 644 4256 quod
660 4184 821 4239 dicit:
841 4185 1204 4252 Corripientes
1214 4201 1429 4239 omnem
1446 4186 1743 4250 hominem,

1845 3028 1939 3097 sti,
1970 3034 2028 3083 et
2052 3030 2158 3084 hoc
2184 3044 2294 3082 non
2321 3027 2463 3081 meis
2489 3025 2717 3093 viribus,
2742 3040 2925 3096 neque
2953 3040 3083 3080 mea
3110 3024 3443 3093 virtute,sed

1844 3117 2149 3173 secundum
2174 3116 2323 3188 quod
2359 3116 2480 3187 ipse
2506 3114 2647 3169 mihi
2674 3130 2839 3185 opem
2863 3112 3083 3169 tribuit.

2475 3257 2709 3313 CAPUT
2731 3254 2808 3312 II.

1920 3386 2039 3439 Volo
2061 3386 2214 3438 enim
2243 3399 2333 3438 vos
2365 3386 2522 3450 scire,
2556 3399 2589 3437 ο
2619 3382 2998 3442 Colossenses.
3031 3383 3254 3451 qualem
3288 3385 3441 3439 solli-

1837 3475 2141 3528 citudinem
2162 3475 2390 3529 habeam
2405 3489 2510 3541 pro
2536 3474 2706 3527 vobis.
2726 3471 3052 3527 Sollicitudo
3081 3475 3166 3526 est
3188 3472 3436 3527 maxima

1836 3577 1990 3616 cura.
2014 3563 2220 3616 Beatus
2241 3577 2374 3632 ergo
2391 3560 2692 3632 Apostolus
2711 3560 2967 3615 eamdem
2995 3559 3435 3615 sollicitudinem

1837 3656 1895 3705 et
1917 3650 2167 3704 studium
2193 3649 2427 3720 gerebat
2463 3649 2533 3703 de
2560 3648 2672 3702 illis
2715 3648 2812 3719 qui
2833 3647 3182 3702 docebantur
3208 3647 3279 3702 ab
3307 3649 3432 3718 ejus

1834 3738 2146 3809 discipulis,
2176 3743 2234 3791 et
2261 3736 2333 3791 ad
2359 3752 2503 3807 quos
2529 3736 2652 3808 ipse
2694 3734 2957 3790 mittebat
2981 3735 3269 3806 epistolas,
3299 3735 3433 3793 licet

1832 3826 1951 3899 ipse
1970 3843 2065 3881 eos
2092 3841 2326 3896 corpore
2346 3840 2462 3879 non
2494 3823 2740 3888 vidisset,
2782 3839 2953 3894 quam
2993 3821 3236 3877 habebat
3254 3839 3322 3878 ex
3340 3823 3430 3879 his

1831 3932 1971 3987 quos
2001 3915 2226 3986 proprio
2255 3929 2353 3968 ore
2372 3911 2625 3967 docebat.
2673 3913 2805 3967 Ideo
2848 3915 3039 3967 autem
3074 3911 3211 3965 talia
3238 3912 3430 3983 loque-

1829 4003 1997 4058 batur
2027 4001 2378 4067 blandiendo,
2404 4006 2469 4054 ut
2514 3999 2741 4055 illorum
2782 3999 3002 4055 animos
3040 3998 3334 4064 mulceret,
3369 4003 3428 4056 et

1830 4093 2136 4163 Epistolam
2165 4092 2289 4162 ejus
2318 4089 2650 4160 reciperent.
2683 4090 2751 4143 Et
2763 4103 2868 4157 pro
2905 4089 2993 4143 his
3017 4090 3117 4156 qui
3134 4093 3268 4142 sunt
3297 4089 3425 4143 Lao-

1828 4182 2001 4236 dicia.
2025 4180 2287 4235 Laodicia
2314 4184 2400 4233 est
2419 4176 2614 4232 civitas
2644 4177 2889 4233 Graeciaa.
2931 4178 3219 4231 Instructi.
3250 4177 3316 4233 1d
3339 4182 3426 4233 est

138 4274 390 4343 pertinet
415 4272 488 4326 ad
518 4272 770 4343 ingratos
789 4278 846 4327 et
875 4271 1146 4343 superbos
1178 4291 1190 4339 ;
1214 4279 1272 4326 et
1292 4273 1440 4344 quod
1470 4273 1625 4341 dicit,
1646 4274 1743 4327 do-
1760 4258 1810 4317 D
1826 4269 2035 4324 ﬁrmati
2059 4274 2117 4323 et
2143 4268 2312 4323 docti.
2333 4269 2399 4322 In
2417 4268 2704 4322 charitate.
2722 4265 2787 4320 1d
2806 4269 2893 4320 est
2906 4264 2969 4320 in
2995 4264 3296 4333 dilectione
3311 4264 3418 4320 Dei

138 4369 335 4427 centes,
366 4361 614 4433 pertinet
649 4362 719 4415 ad
759 4362 1003 4416 humiles
1047 4366 1106 4416 et
1139 4362 1434 4432 subjectos.
1482 4364 1550 4416 In
1590 4364 1745 4416 omni

136 4454 436 4519 sapientia.
473 4449 540 4505 Id
570 4455 654 4505 est
685 4451 745 4504 in
783 4451 894 4504 ﬁde
941 4456 1149 4505 sanctae
1190 4450 1502 4516 Trinitatis,
1542 4450 1602 4504 in
1632 4467 1744 4521 qua

138 4547 219 4594 est
247 4539 446 4595 omnis
475 4539 772 4611 sapientia.
801 4541 1108 4607 Perfectum
1130 4543 1192 4594 in
1211 4541 1423 4594 Christo
1446 4540 1593 4594 Jesu.
1619 4538 1743 4594 Hoc

135 4633 216 4682 est
240 4628 307 4683 in
337 4628 450 4683 ﬁde
478 4629 615 4683 Jesu
644 4627 873 4694 Christi,
898 4628 1203 4682 secundum
1223 4627 1370 4699 quod
1402 4627 1459 4680 in
1480 4627 1743 4698 praesenti

134 4718 336 4773 seculo
361 4722 553 4787 potest
579 4715 815 4787 quilibet
835 4716 1044 4770 electus
1058 4716 1338 4787 perfectus
1353 4731 1494 4769 esse.
1518 4715 1583 4770 In
1604 4730 1742 4786 prae-

132 4807 278 4861 senti
311 4805 525 4861 etenim
555 4804 760 4860 saeculo
788 4821 954 4859 nemo
993 4811 1178 4876 potest
1205 4820 1329 4859 esse
1357 4803 1639 4875 perfectus
1665 4805 1738 4859 ad

130 4895 614 4967 comparationem
662 4899 885 4949 aeternae
936 4894 1315 4965 perfectionis.
1374 4893 1534 4948 Unde
1588 4893 1739 4948 idem

131 4986 435 5056 Apostolus
464 4984 635 5039 alibi:
659 4985 949 5055 Quotquot
968 4985 1196 5056 perfecti
1224 5001 1442 5052 sumus,
1465 4985 1569 5038 hoc
1589 4984 1739 5055 sapi-

132 5089 252 5129 mus
286 5076 514 5143 (Phitip.
536 5075 647 5146 nl),
667 5074 800 5145 quia
828 5074 1095 5129 subaudis
1126 5090 1239 5128 non
1266 5090 1461 5129 sumus
1483 5073 1733 5144 perfecti.

135 5161 292 5226 Quod
318 5162 475 5218 enim
508 5178 658 5217 nunc
686 5162 941 5217 videmus
977 5163 1036 5216 in
1068 5163 1369 5233 aenigmate
1399 5169 1455 5217 et
1478 5168 1737 5217 tenemus

134 5249 189 5305 in
208 5269 330 5323 spe,
359 5256 500 5307 tunc
527 5251 934 5323 possidebimus
957 5251 1015 5307 in
1039 5269 1117 5317 re,
1140 5252 1406 5322 quoniam
1428 5250 1737 5307 videbimus

135 5353 263 5394 eum
294 5339 465 5395 sicuti
496 5344 586 5393 est
607 5339 654 5407 (Ι
669 5341 828 5393 Joan.
864 5340 967 5410 ιιι).

206 5430 275 5483 In
304 5443 413 5497 quo
434 5433 485 5481 et
527 5426 729 5489 laboro,
773 5429 1050 5484 certando.
1086 5428 1208 5483 Duo
1246 5427 1379 5482 dicit
1408 5426 1655 5482 laborem
1683 5432 1741 5482 et

138 5520 448 5583 certamen,
474 5530 542 5572 ex
564 5514 771 5588 quibus
795 5531 969 5572 unum
1005 5517 1248 5572 refertur
1284 5516 1353 5571 ad
1387 5517 1736 5587 praedicatio-

1825 4364 1883 4413 et
1909 4356 2236 4430 proximi,in
2256 4358 2604 4424 agnitionem
2629 4356 2886 4422 mysterii
2910 4356 3029 4421 Dei,
3047 4354 3106 4409 id
3134 4358 3221 4408 est
3248 4353 3309 4408 in
3337 4369 3427 4409 co-

1820 4447 2073 4518 gnitione
2102 4449 2307 4500 sanctae
2332 4443 2710 4512 Trinitatis,et
2732 4443 2842 4497 ﬁde
2856 4442 3080 4497 Domini
3100 4442 3417 4511 salvatoris,

1823 4537 2113 4592 credentes
2134 4549 2264 4589 eum
2282 4549 2383 4604 pro
2412 4532 2596 4588 salute
2623 4535 2819 4586 nostra
2836 4530 3055 4586 venisse
3081 4530 3142 4587 in
3168 4546 3416 4586 carnem.

1896 4628 1965 4681 In
1992 4640 2098 4694 quo
2121 4629 2252 4677 sunt
2283 4637 2469 4677 omnes
2502 4622 2751 4676 thesauri
2772 4622 3055 4689 sapientiae
3077 4624 3129 4673 et
3153 4622 3415 4674 scientias.

1824 4714 2113 4786 Sapientia
2140 4712 2382 4767 refertur
2394 4708 2467 4764 ad
2487 4710 2795 4764 humanam
2824 4723 2963 4773 rem,
2996 4706 3234 4761 scientia
3251 4706 3323 4761 ad
3335 4705 3417 4760 di-

1823 4803 2011 4858 vinam
2040 4822 2051 4857 :
2077 4807 2144 4864 ,et
2185 4801 2241 4854 in
2283 4798 2507 4854 Christo
2543 4798 2677 4852 Jesu
2706 4800 2791 4850 est
2835 4794 3129 4867 sapientia,
3172 4793 3416 4866 qualiter

1820 4890 2155 4963 temporalia
2174 4894 2232 4943 et
2259 4888 2510 4943 humana
2529 4885 2831 4958 dispenset,
2849 4888 2908 4939 et
2924 4883 3204 4954 quomodo
3224 4883 3418 4940 divina

1819 4981 2062 5036 ordinet.
2096 4978 2199 5033 Vel
2227 4976 2563 5049 sapientiam
2609 4975 2671 5029 in
2710 4973 2997 5041 humanis,
3031 4978 3088 5027 et
3121 4972 3183 5028 in
3209 4972 3416 5030 divinis

1818 5070 2112 5125 scientiam
2137 5064 2429 5121 abscondit
2457 5062 2589 5134 quia
2615 5078 2728 5117 non
2757 5061 3019 5119 omnibus
3034 5066 3249 5134 patent.
3270 5064 3419 5119 Ante

1818 5159 2042 5215 Domini
2061 5157 2385 5220 adventum,
2404 5168 2611 5207 nomen
2621 5150 2848 5207 Domini
2865 5151 3051 5207 Patris
3068 5152 3420 5224 incognitum

1817 5248 1925 5303 fuit
1953 5246 2169 5302 cunctis
2196 5248 2349 5298 retro
2380 5240 2860 5311 generationibus,
2895 5257 3010 5297 non
3030 5242 3171 5298 illud
3211 5259 3419 5300 nomen

1820 5337 1968 5409 quod
1996 5332 2270 5399 Deus,sed
2292 5329 2441 5402 quod
2466 5330 2637 5386 Pater
2656 5336 2906 5400 vocatur,
2934 5331 3080 5389 sicut
3097 5331 3218 5404 ipse
3240 5331 3415 5388 Filius

1819 5426 1900 5480 ait
1927 5443 1938 5479 :
1971 5428 2152 5489 Pater,
2181 5420 2541 5487 inani/eslavi
2562 5437 2760 5476 nomen
2782 5425 2945 5475 tuum
2977 5423 3153 5491 (Joan.
3184 5419 3341 5489 xvu).

1892 5517 2000 5570 Hoc
2022 5516 2208 5567 autem
2228 5510 2368 5575 dico,
2398 5507 2667 5567 subaudis
2695 5514 2761 5567 ut
2777 5509 2902 5567 sitis
2917 5508 3127 5573 ﬁrmati
3143 5507 3205 5564 in
3228 5504 3412 5562 chari-
