3966 6156
526 306 632 381 755

522 538 809 604 tenuitate
833 554 1176 606 sermonum,
1205 545 1262 595 et
1289 539 1344 597 in
1387 541 1712 609 calliditate,
1744 542 1828 598 vel
1867 542 1926 601 in
1951 543 2122 615 syllo-

606 807 756 863 Nam
780 809 884 860 etsi
909 822 1129 875 corpore
1164 809 1357 862 absens
1394 825 1539 873 sum,
1580 811 1671 865 sed
1702 813 1908 881 spiritu
1952 812 2127 865 vobis-

516 911 670 971 ,cum
698 910 843 969 sum,
865 896 1111 965 gaudens
1131 896 1201 975 de
1222 897 1329 953 ﬁde
1356 901 1546 981 vestra
1580 904 1628 953 et
1668 899 1857 954 videns
1877 900 2127 956 ordinem

539 989 802 1057 pestrum.
820 983 880 1039 id
908 989 1013 1051 est,
1043 985 1327 1043 revelante
1352 985 1573 1059 Spiritu
1602 992 1795 1045 sancto
1825 988 1923 1069 qui
1949 988 2008 1042 in
2042 1004 2132 1043 me

540 1078 645 1141 est,
677 1089 950 1147 cognosco
980 1073 1171 1130 omnia
1189 1091 1312 1149 quae
1338 1075 1487 1131 circa
1506 1092 1604 1133 vos
1640 1082 1888 1149 aguntur
1910 1078 1971 1132 in
2000 1077 2131 1142 fide,

512 1161 818 1238 ahenisque
854 1162 1136 1236 operibus,
1160 1164 1330 1241 quasi
1379 1181 1624 1241 praesens
1654 1166 1763 1246 sim
1791 1167 1851 1222 in
1880 1182 2130 1238 corpore.

516 1251 691 1323 .Dicit
714 1267 963 1325 namque
980 1252 1182 1327 beatus
1204 1253 1580 1326 Hieronymus
1602 1256 1845 1328 quodam
1867 1256 2137 1321 loco,tan-

542 1347 662 1410 tam
691 1340 1014 1410 eigratiam
1043 1340 1233 1415 datam
1263 1358 1386 1399 esse
1426 1348 1492 1398 ut
1526 1349 1727 1399 cuncta
1754 1349 2135 1416 cognosceret,

526 1442 671 1501 :quaa
693 1428 852 1493 circa,
868 1427 996 1486 illos
1031 1428 1327 1505 agebatur,
1344 1432 1597 1506 .quosgvel
1625 1433 1746 1504 ipse
1764 1433 1852 1488 vel
1879 1433 2139 1504 discipuli

945 308 1325 381 naruoi‘us
1365 310 1854 386 HALHERSTAT.
1899 312 2131 384 Briso.
2170 312 2331 382 ‘opp.
2371 320 2556 381 pnas
2593 320 2635 379 ι.
2681 354 2747 366 -
2787 310 3157 382 COMMENT.
3201 323 3384 417 BIB_L.

526 422 664 527 tate,
693 453 760 529 ut.
780 464 940 529 nemo
962 465 1066 509 ,ros
1113 450 1345 521 decipiat
1376 454 1439 507 in
1473 449 1805 522 subtilitate,
1852 453 1907 509 id
1949 458 2035 510 est
2061 454 2121 509 in
2141 458 2189 514 Α
2211 457 2299 510 tis.
2340 451 2656 507 Potestates
2683 456 2874 505 autem
2904 454 3037 504 sunt
3063 466 3163 520 per
3192 464 3332 520 quas
3361 430 3536 503 sancti
3564 447 3758 518 ejiciimt

3664 323 3747 380 756

2208 541 2492 597 daemones
2530 541 2599 596 de
2629 539 2869 594 obsessis
2898 536 3226 610 corporibus
3276 556 3288 591 :
3329 536 3663 610 principatus
3687 538 3761 610 qui

526 627 748 704 gismis.
785 627 1029 703 Quidam.
1054 629 1270 710 codices
1297 628 1577 688 habentin
1606 630 2127 704 sublimitate,quod
2208 631 2597 703 principantur
2628 616 2752 685 aliis
2781 618 3090 683 ordinibus.

534 716 785 793 idipsum
804 722 892 772 est
917 718 973 772 in
1006 718 1323 799 altitudine.

2298 723 2362 776 In
2402 736 2527 790 quo,
2546 719 2617 783 ,id
2646 726 2732 774 est
2760 718 2818 773 in
2849 718 3091 784 Christo,
3116 718 3436 771 circumcisi
3462 718 3605 782 estis,
3633 712 3683 770 id
3706 721 3771 770 est

2211 807 2470 865 mundati
2491 808 2562 863 ab
2588 808 2845 863 omnibus
2866 807 3105 879 peccatis
3132 806 3187 860 in
3209 805 3551 878 baptismate
3576 802 3769 870 Christi,

2213 916 2324 955 non
2354 882 2777 953 circumcisione
2808 898 3133 965 manu/acta
3156 912 3269 967 qua
3306 896 3426 971 ipse
3447 880 3772 949 circumcisus

2213 994 2301 1043 est
2338 993 2531 1043 octava
2583 986 2674 1041 die
2715 985 3022 1040 secundum
3064 1001 3277 1039 morem
3322 984 3659 1039 Iudaeorum.
3695 983 3777 1037 Illa

2214 1082 2374 1150 petra
2402 1075 2591 1143 ﬁebat,
2615 1079 2673 1131 et
2696 1075 2804 1130 ista
2833 1074 3126 1129 mundatio
3146 1090 3246 1145 per
3272 1073 3581 1141 Christum,
3607 1072 3777 1144 quiest

2198 1234 2203 1237 _
2215 1172 2395 1241 petra.

2291 1250 2607 1323 Consepulti
2625 1255 2676 1307 ei
2681 1293 2694 1319 ,
2709 1252 2766 1307 id
2796 1256 2883 1306 est
2907 1250 3111 1324 sepulti
3131 1250 3299 1306 simul
3323 1249 3380 1305 in
3398 1249 3722 1323 baptismate
3736 1250 3775 1304 ei

2221 1347 2285 1399 in
2313 1360 2442 1413 quo,
2463 1341 2521 1396 id
2551 1346 2638 1396 est
2665 1341 2725 1395 in
2765 1341 3008 1400 Christo.
3032 1344 3079 1393 et
3104 1342 3487 1394 resurrexistis
3525 1356 3559 1392 a
3589 1343 3777 1410 peccato

2222 1438 2278 1488 et
2306 1430 2454 1487 vitiis
2479 1446 2578 1500 per
2604 1430 2786 1498 ﬁdem.
2830 1427 3121 1493 Quomodo
3165 1442 3362 1483 sumus
3387 1426 3687 1498 censepulti
3714 1427 3779 1480 ei?

526 1517 669 1589 .q'us
685 1516 1089 1589 docuerunt.Et
1100 1522 1528 1586 ﬁrmamentum
1540 1524 1677 1590 ejus.
1693 1519 2140 1579 Firmamentum

545 1604 917 1675 ﬁdeiChristi
940 1605 1190 1680 appellat
1234 1608 1460 1685 ﬁrmam
1499 1608 1915 1684 perfectamque
1947 1611 2135 1680 fidem,

546 1712 671 1768 gum
699 1695 962 1768 operibus
989 1695 1151 1755 bonis
1170 1695 1483 1754 ordinatur.
2222 1714 2337 1754 non
2367 1696 2626 1752 moritur.
2654 1690 2927 1752 Similiter
2950 1697 3007 1749 et
3034 1710 3136 1749 nos
3170 1693 3396 1765 quando
3424 1693 3781 1763 interrogante

586 1850 591 1855 ,
613 1785 773 1853 Sicut
795 1800 923 1855 ergo
950 1789 1248 1857 accepistis,
1272 1786 1442 1861 idest
1457 1796 1757 1865 acceptum.
1769 1788 2062 1865 habuistis,
2078 1792 2140 1844 in
2161 1804 2209 1871 Β
2225 1774 2513 1845 sacerdote
2527 1785 2689 1856 juxta
2716 1784 2928 1839 fontem
2954 1781 3677 1871 stantes,arbrenuntiam'us
3693 1778 3789 1849 dia-.

520 1875 683 1947 -ἑρδος
716 1873 882 1937 idest
907 1874 967 1931 in
994 1874 1106 1937 ﬁde
1127 1875 1326 1953 ipsius,
1348 1879 1639 1945 ambulate
1672 1881 1932 1935 radicati.
1981 1878 2141 1944 Quod
2182 1870 2185 1871 ⁷
2226 1876 2352 1932 bolo
2382 1882 2440 1931 et
2467 1873 2727 1931 omnibus
2746 1873 2966 1946 pompis
3002 1872 3142 1944 ejus,
3176 1870 3336 1944 quasi
3366 1870 3503 1926 tunc
3523 1871 3779 1937 morimur,

544 1962 685 2018 dicit
721 1962 978 2029 radicati,
997 1963 1055 2018 id
1084 1969 1168 2019 est
1192 1965 1450 2022 aedificati
1473 1967 1535 2025 in
1575 1970 1825 2043 Christo,
1851 1973 1901 2024 et
1940 1970 2142 2036 conﬁr-
2220 1982 2357 2039 Icum
2384 1981 2512 2019 vero
2537 1965 2595 2019 in
2624 1964 2837 2018 fontem
2866 1960 3275 2025 descendimus,
3302 1959 3464 2033 quasi
3480 1964 3630 2043 tunc,
3645 1961 3695 2015 in
3710 1976 3780 2013 se.

522 2055 691 2119 ,ηιαιί
708 2052 771 2110 in
796 2053 902 2120 ﬁde
931 2052 1103 2121 illius,
1131 2068 1307 2113 unum
1339 2061 1396 2113 et
1425 2056 1532 2115 hoc
1548 2062 1661 2123 est,
1683 2062 1749 2114 ut
1774 2040 1943 2115 ﬁdem
1975 2073 2145 2129 quam
2227 2055 2421 2126 pulcro
2446 2048 2750 2135 sepelimur
2767 2071 2777 2105 :
2795 2059 2852 2108 et
2878 2069 3002 2107 cum
3029 2051 3098 2107 de
3126 2052 3280 2105 fonte
3304 2050 3524 2105 eximus
3543 2040 3777 2109 inundati,

522 2139 766 2198 .habetis
794 2139 956 2196 bonis
985 2141 1248 2213 operibus
1269 2145 1570 2201 exornatis.
1592 2146 1749 2203 Sicut
1770 2152 1821 2202 et
1845 2148 2143 2213 didicistis,
2229 2149 2363 2213 tunc
2393 2142 2554 2215 quasi
2582 2141 2950 2214 resurgimus.
2980 2140 3092 2196 Sed
3123 2140 3431 2195 cavendum
3462 2145 3564 2206 est,
3591 2136 3781 2193 utsicut

544 2228 868 2298 subaudias
888 2229 1183 2307 discipulis
1210 2232 1434 2297 nostris,
1456 2234 1947 2305 abundantes,hoc
1976 2241 2062 2289 est
2089 2235 2148 2290 in
2210 2233 2486 2307 Christus
2508 2234 2625 2304 jam
2655 2248 2766 2286 non
2795 2229 3035 2287 moritur
3054 2229 3135 2287 ita
3157 2234 3213 2285 et
3242 2246 3343 2283 nos
3374 2246 3488 2285 non
3520 2227 3780 2307 moriamur

548 2315 661 2370 ﬁde
684 2316 856 2382 illius,
888 2306 950 2372 in
966 2321 1295 2387 gratiarum
1321 2324 1555 2391 actione,
1583 2322 1641 2378 id
1669 2328 1759 2379 est
1784 2340 2008 2396 semper
2026 2324 2149 2379 red-
2230 2310 2299 2376 in
2306 2328 2540 2393 peccato
2603 2323 2705 2377 Per
2726 2320 2889 2390 ﬁdem
2918 2314 3256 2390 operationis
3288 2321 3402 2372 Dei.
3434 2317 3628 2373 Virtus
3660 2306 3780 2372 Divi-

548 2404 748 2463 dentes
776 2404 859 2461 illi
876 2405 1190 2478 gratiarum
1214 2408 1493 2467 actionem
1519 2426 1586 2467 ex
1614 2412 1875 2468 omnibus
1896 2430 2018 2485 quae
2052 2414 2149 2468 ha—
2231 2411 2424 2466 nitatis
2466 2426 2589 2481 quae
2627 2398 2796 2464 tertia
2836 2410 2927 2463 die
2956 2396 3244 2463 Christum
3289 2407 3655 2474 resuscitavit,
3680 2406 3777 2478 ipsa

550 2490 714 2549 be'tis.
2233 2505 2502 2573 operatur
2529 2499 2585 2553 in
2615 2497 2777 2553 nobis
2796 2497 2984 2552 ﬁdem.

631 2584 803 2638 Videte
824 2599 892 2639 ne
910 2588 1034 2654 quis
1046 2602 1136 2642 vos
1408 2588 1964 2681 perphilosophiam,
1977 2591 2049 2673 id‘
2066 2595 2156 2651 est
2279 2591 2371 2675 iEt
2396 2605 2485 2645 vos
2518 2604 2649 2673 cum
2672 2589 2854 2681 essetis
2879 2588 3095 2641 mortui
3124 2590 3187 2640 in
3229 2586 3461 2652 delictis,
3488 2591 3536 2639 et
3558 2585 3783 2655 prsputio

550 2670 852 2728 humanam
880 2658 1216 2745 sapientiam
1236 2658 1287 2733 et
1308 2658 2152 2751 inahemlfal’laciamiper'qua'm
2233 2664 2422 2733 carnis
2455 2658 2657 2733 vestras.
2685 2666 2903 2731 Delicta
2933 2681 2991 2729 et
3012 2675 3351 2746 praeputium
3380 2691 3482 2745 pro
3502 2691 3629 2740 uno,
3652 2673 3700 2726 id
3720 2676 3785 2726 est

549 2761 825 2819 falluntur
846 2763 1122 2819 homines.
1154 2766 1502 2821 Praevidebat
1525 2768 1827 2838 Apostolus
1857 2767 1955 2840 qui
1988 2767 2151 2824 erant
2202 2765 2672 2841 ‘prb'c‘arnalibus
2701 2764 2961 2837 peccatis,
2981 2765 3067 2818 vel
3096 2764 3301 2819 delicta
3330 2764 3401 2818 ad
3429 2762 3786 2834 transgressio-

526 2848 881 2923 ~phi1080phi
897 2850 1183 2923 gemitum,
1200 2854 1892 2926 insupe'cetnludmomm,
1916 2857 2022 2928 .qui
2049 2874 2148 2917 νο·
2229 2871 2358 2911 nem
2382 2860 2509 2927 post
2532 2858 2757 2927 peccata
2784 2857 2969 2925 pacta,
2998 2854 3245 2924 (tonans,
3265 2853 3322 2911 id
3349 2858 3436 2907 est
3466 2853 3753 2923 indulgens.

526 2936 744 3000 labant
766 2938 1135 2998 Colossenses
1164 2959 1275 3015 iper
1314 2943 1724 3000 sublimitatem
1767 2946 2148 3002 humamesa-
2302 2947 2496 3001 Delens
2517 2945 2662 3014 quod
2681 2945 2943 2997 adversus
2974 2958 3085 2997 non
3115 2948 3234 2996 erat
3278 2943 3695 3012 chirographum
3719 2941 3786 2993 de-

544 3030 776 3102 plentim
805 3047 839 3085 a
879 3031 989 3086 ﬁde
1027 3047 1306 3104 sepmre.
1344 3032 1616 3090 Dicebant
1657 3034 1809 3090 enim
1847 3035 1978 3106 quia
2008 3036 2152 3092 sicut
2166 3034 3027 3113 heretiquoderatcontrarium
3051 3032 3674 3104 nobis.Chirographum
3687 3028 3793 3084 dici-

551 3085 693 3174 hihil
722 3124 809 3175 est
829 3085 1330 3193 corporeum
1831 3085 2150 3195 se
2806 3085 2953 3179 Nam
2974 3122 3082 3194 χείρ
3128 3085 3348 3187 manus,
3376 3085 3538 3194 γζαφτξ
3573 3085 3776 3192 scriptu-

553 3208 704 3281 quod
742 3225 944 3281 corpus
980 3210 1101 3264 sine
1137 3210 1527 3289 commistione
1560 3212 1867 3283 corporalis
1907 3213 1990 3267 rei
2028 3229 2151 3284 qua:
2208 3230 2314 3275 _ra.
2346 3215 2644 3275 Decretum
2673 3216 2863 3271 autem
2884 3217 3041 3266 vocat
3061 3212 3242 3282 legem
3287 3216 3347 3266 et
3377 3216 3639 3266 statutum
3660 3207 3777 3282 quod

554 3301 640 3351 est
667 3296 895 3364 femina,
921 3296 1002 3352 ita
1030 3297 1236 3352 femina
1266 3284 1379 3351 non
1409 3304 1593 3368 potest
1609 3300 1845 3370 gignere
1863 3300 1985 3355 sine
2004 3317 2152 3355 com-
2233 3304 2382 3360 Deus
2410 3302 2681 3375 praecepit
2700 3301 2854 3367 Adae,
2887 3301 3078 3355 dicens
3098 3315 3109 3351 :
3128 3302 3376 3355 Eromni
3392 3303 3543 3368 ligno
3562 3300 3777 3369 paradisi

546 3384 819 3443 ’mistione
849 3386 1074 3442 virirEt
1098 3388 1208 3441 hoc
1227 3386 1506 3450 dicebant,
1550 3388 1909 3463 attendentes
1947 3390 2015 3444 ad
2049 3407 2151 3445 na-
2234 3394 2464 3458 comede,
2498 3398 2605 3446 etc.
2641 3392 2832 3462 Usque
2884 3395 3054 3444 morte
3104 3392 3363 3445 morieris
3392 3390 3535 3459 (Gen.
3573 3394 3650 3458 ιι).
3677 3388 3777 3443 Pec-

550 3480 743 3530 turam
766 3475 1192 3539 elementorum,
1218 3492 1340 3532 non
1368 3476 1440 3531 ad
1472 3476 1791 3548 potentiam
1822 3477 2150 3545 divinitatis,
2234 3486 2422 3541 catum
2439 3497 2572 3551 ergo
2593 3479 2741 3550 quod
2763 3478 2980 3550 primus
3001 3494 3205 3550 parens
3223 3482 3414 3533 noster
3446 3474 3777 3541 commisit,in

552 3579 681 3637 qua
708 3568 971 3620 naturam
985 3566 1847 3637 elementorumtpotestmutare.
1874 3568 2152 3624 Naturam
2234 3587 2344 3643 quo
2372 3586 2567 3625 omnes
2584 3567 2958 3641 peccavimus,
2992 3568 3373 3639 mortalesque
3402 3568 3579 3622 eﬂ‘ecti
3600 3580 3776 3625 sumus.

556 3659 748 3711 autem
768 3653 1066 3722 dixi,idest
1084 3656 1358 3711 ordinem.
1383 3656 1528 3710 Nam
1572 3661 1778 3711 natura
1808 3660 1912 3718 est,
1946 3661 2011 3712 ut
2039 3673 2155 3712 om-
2235 3660 2482 3733 appellat
2517 3658 2684 3714 modo
2712 3657 3148 3729 chirographum
3195 3657 3424 3724 decreti,
3469 3656 3593 3729 quia
3619 3656 3668 3711 in
3695 3668 3779 3708 me-

554 3744 650 3799 nis
668 3750 931 3799 creatura
954 3745 1208 3799 Creatori
1226 3761 1330 3799 suo
1357 3744 1731 3817 obtemperet.
1771 3745 1864 3801 Sic
1887 3746 2058 3802 etiam
2075 3746 2157 3803 di-
2236 3748 2419 3803 moria
2430 3745 2835 3817 omnipotentis
2855 3745 2952 3801 Dei
2976 3745 3183 3800 mansit
3200 3745 3662 3818 scriptum,usque
3675 3743 3780 3796 dum

542 3830 764 3887 ‘cebant
808 3832 943 3903 quia
972 3833 1019 3886 si
1048 3832 1212 3889 beata
1241 3834 1416 3888 Maria
1441 3834 1597 3905 virgo
1625 3834 1898 3907 concepit,
1930 3840 1988 3891 et
2002 3836 2158 3906 virgo
2239 3838 2413 3894 Filius
2434 3835 2537 3892 Dei
2556 3835 2771 3890 veniret
2791 3835 2887 3905 qui
2906 3835 3044 3889 illud
3060 3835 3222 3890 daret
3244 3835 3430 3891 :Unde
3445 3835 3676 3889 dicitura
3693 3832 3781 3886 Deo

552 3922 800 3995 peperit,
824 3925 1016 3977 tamen
1036 3927 1164 3994 post
1188 3927 1415 3994 partum
1445 3923 1601 3995 virgo
1620 3940 1734 3980 non
1756 3924 1881 3980 fuit.
1913 3926 2158 3996 Ideoque
2236 3928 2298 3984 in
2318 3925 2549 3998 psalmis
2586 3925 2644 3980 in
2665 3923 2882 3979 cantico
2909 3924 3113 3995 Moysi:
3140 3924 3664 3981 Nonnehzccondita
3679 3924 3781 3975 sunt

536 4012 688 4069 illos
733 4012 1054 4085 alloquitur,
1100 4029 1170 4068 ne
1214 4012 1286 4068 ab
1325 4013 1422 4069 ‘bis
1455 4014 1867 4086 deciperentur.
1918 4017 2059 4083 Quia
2094 4020 2159 4070 in
2239 4018 2390 4086 apud
2418 4032 2503 4069 me
2531 4019 2582 4068 et
2611 4016 2834 4083 signata
2867 4015 2927 4067 in
2959 4013 3233 4067 thesauris
3267 4016 3400 4067 meis
3433 4015 3600 4086 (Deut.
3621 4008 3787 4077 XXIII)?

556 4106 698 4172 ipso,
712 4102 770 4157 id
795 4108 878 4157 est
890 4103 947 4157 in
961 4102 1204 4173 ohristo,
1219 4104 1499 4158 inhabitat
1520 4107 1703 4158 omnis
1712 4106 2002 4173 plenitudo
2018 4106 2162 4158 divi-
2242 4106 2349 4161 Per
2371 4120 2601 4161 manum
2623 4102 2774 4169 enim
2792 4101 3131 4172 intelligitur
3145 4102 3483 4174 operatio,et
3500 4101 3703 4174 quando
3720 4114 3789 4153 ex-

558 4192 761 4245 nitatis
789 4190 1300 4258 corporaliter.Non
1321 4189 1447 4243 ideo
1457 4190 1598 4244 dicit
1612 4191 2157 4262 corporaliter,quod
2210 4246 2217 4253 ,
2242 4195 2425 4250 tendit
2451 4208 2701 4258 manum,
2725 4196 2791 4246 ut
2804 4191 3154 4261 contingeret
3172 4192 3388 4262 lignum
3408 4185 3789 4261 vetitum,quasi

538 4279 690 4350 ipsa
717 4274 985 4331 divinitas
1022 4276 1099 4330 sit
1125 4290 1348 4347 corpus,
1386 4277 1516 4332 licet
1553 4279 1809 4349 quaedam
1846 4279 2163 4335 substantia
2242 4290 2378 4340 tunc
2404 4282 2626 4353 scripsit
2670 4281 3104 4353 chirographum
3153 4281 3383 4346 decreti,
3417 4281 3475 4336 id
3519 4287 3600 4336 est
3625 4293 3791 4334 manu-

565 4366 643 4421 s‘it
667 4366 810 4466 viva,
836 4365 933 4466 sed
951 4365 1318 4466 corporaliter
1347 4366 1539 4437 posuit
1565 4383 1666 4438 pro
1695 4384 1763 4422 eo
1786 4370 1935 4440 quod
1953 4376 2039 4424 est
2066 4386 2158 4424 ve-
2178 4409 2226 4466 D
2243 4372 2601 4444 scriptionem
2625 4370 2772 4441 quod
2802 4376 2936 4424 tunc
2956 4374 3149 4441 ageret
3167 4375 3363 4425 contra
3385 4370 3487 4431 Dei
3504 4371 3788 4424 decretum:

556 4454 790 4521 ‘rdciter,
811 4452 1545 4524 substantialiter,pleniter.
1573 4456 1753 4511 Aliter
1771 4457 1919 4514 enim
1943 4458 2160 4513 habitat
2183 4452 2225 4466 ν
2244 4462 2405 4527 Quod
2414 4461 2666 4531 chirogra
2675 4460 2845 4530 phum
2865 4465 3061 4514 contra
3090 4476 3193 4514 nos
3205 4465 3343 4525 orat,
3367 4459 3501 4530 quia
3513 4474 3692 4513 omnes
3705 4462 3793 4508 tra-

536 4546 627 4602 an
650 4542 892 4615 singulis
916 4543 1247 4608 electorum,
1290 4543 1455 4596 aliter
1482 4543 1549 4600 in
1584 4545 1826 4616 Christo,
1871 4547 2004 4619 quia
2049 4547 2161 4603 illis
2243 4552 2413 4607 hebat
2436 4551 2506 4606 ad
2527 4555 2765 4605 mortem
2787 4556 2845 4604 et
2862 4566 3026 4603 nemo
3056 4548 3588 4620 poteratjustiticari
3616 4542 3795 4619 quoad-

565 4637 736 4693 datur
754 4633 988 4706 spiritus
1015 4633 1083 4688 ad
1109 4646 1455 4698 mensuram,
1477 4633 1538 4693 in
1564 4633 1661 4689 illo
1688 4640 1878 4690 autem
1900 4636 2155 4707 pleniter.
2244 4658 2422 4713 usque
2449 4656 2549 4713 per
2569 4639 2869 4695 Dominum
2888 4638 3135 4694 deletum
3155 4645 3260 4692 est.
3281 4637 3570 4705 Quomodo
3587 4652 3709 4708 ergo
3724 4633 3798 4688 de-

554 4723 855 4782 ‘Habitavit
878 4723 1034 4778 enim
1063 4723 1119 4776 in
1150 4722 1450 4777 Salomone
1478 4739 1583 4794 per
1596 4722 1951 4795 sapientiam,
1976 4725 2036 4779 in
2058 4726 2165 4779 Da-
2244 4728 2379 4784 levit
2406 4728 2584 4784 illud?
2609 4728 2943 4783 Innocenter
2974 4732 3033 4780 et
3072 4726 3195 4781 sine
3240 4731 3473 4797 peccato
3520 4723 3731 4781 vivendo
3754 4722 3799 4774 in

566 4815 718 4870 n‘iele
745 4824 850 4885 per
876 4811 1211 4872 castitatem,
1244 4810 1302 4867 in
1332 4811 1622 4883 prophetis
1648 4829 1750 4885 per
1779 4815 2162 4882 sanctitatem,
2247 4818 2476 4880 mundo,
2510 4816 2616 4884 vel,
2646 4817 2972 4872 innocenter
2990 4815 3051 4869 in
3068 4831 3232 4871 cruce
3259 4815 3508 4871 moriens
3524 4832 3622 4887 pro
3641 4825 3801 4886 pecca-

532 4926 539 4935 ’
567 4904 628 4959 in
658 4904 850 4975 Moyse
874 4916 975 4972 per
1010 4900 1523 4967 mansuetudinem,
1564 4901 1623 4956 in
1648 4901 1873 4957 Christo
1904 4919 2033 4957 vero
2064 4919 2165 4974 per
2246 4905 2481 4961 toribus.
2507 4907 2820 4973 Ipsumque,
2855 4902 3124 4958 subaudis
3150 4901 3584 4975 chirographum
3607 4902 3684 4957 vel
3695 4915 3803 4972 pec-

568 5005 793 5045 omnem
820 4989 1084 5044 virtutem
1113 4996 1171 5044 et
1194 4990 1595 5046 innocentiam.
1639 4991 1853 5045 Aliter:
1885 4992 2162 5063 Corpora-
2244 4998 2456 5062 catum,
2477 4994 2606 5046 tulit
2632 4990 2911 5058 demedio,
2931 4993 3163 5060 afﬁgcns
3194 4992 3336 5049 illud
3365 4991 3670 5064 cruci,quia
3683 4988 3806 5044 sicut

568 5077 720 5144 liter,
743 5077 800 5131 id
822 5082 910 5131 est
932 5077 1157 5132 sicutiu
1170 5079 1379 5150 templo
1407 5095 1529 5145 suo,
1564 5079 1659 5150 qui
1687 5078 1961 5136 habitatio
1992 5081 2164 5135 totius
2247 5082 2652 5152 diximus,tunc
2670 5080 2945 5139 crucifixit
2960 5079 3119 5147 illud,
3147 5080 3203 5135 id
3216 5085 3303 5135 est
3328 5082 3534 5136 occidit
3550 5082 3606 5136 in
3632 5081 3806 5134 semet-

571 5164 876 5221 divinitatis
906 5178 1108 5235 corpus
1137 5166 1346 5221 Christi
1374 5168 1502 5222 fuit.
1538 5169 1672 5224 Plus
1713 5170 1863 5224 enim
1896 5169 2169 5225 habitavit
2246 5172 2387 5242 ipso,
2417 5171 2641 5242 quando
2691 5170 2815 5225 sine
2851 5174 3076 5241 peccato
3119 5169 3274 5236 vixit,
3310 5170 3394 5226 vel
3423 5170 3642 5241 quando
3666 5168 3806 5222 inno—

572 5253 632 5308 in
658 5253 776 5317 illo,
804 5262 971 5324 quam
993 5253 1051 5307 in
1081 5255 1292 5324 templo
1320 5255 1663 5311 Judzeorum.
2247 5277 2378 5316 cens
2399 5276 2500 5332 pro
2531 5258 2915 5330 peccatoribus
2945 5264 3201 5314 mortuus
3230 5264 3340 5315 est.
3383 5259 3511 5313 Alia
3544 5252 3806 5314 translatio

646 5342 713 5396 Et
741 5344 866 5396 estis
883 5343 947 5395 in
968 5344 1086 5409 illo,
1113 5340 1170 5395 id
1188 5346 1273 5396 est
1294 5343 1538 5411 Christo,
1562 5347 1755 5414 repleti
1787 5345 1874 5401 vel
1888 5361 1989 5417 per
2007 5345 2165 5400 illum
2248 5349 2419 5405 habet
2451 5367 2462 5401 :
2498 5348 2823 5420 Exspolians
2847 5364 2905 5402 se
2949 5363 3117 5402 carne
3146 5347 3437 5403 moriendo
3480 5348 3538 5403 in
3566 5360 3734 5410 crure,
3760 5345 3803 5395 et

575 5439 663 5491 est
689 5434 889 5507 repleti
918 5434 1047 5500 ﬁde,
1078 5438 1269 5505 quiest
1307 5442 1489 5505 caput,
1522 5437 1580 5492 id
1611 5443 1698 5493 est
1734 5437 2070 5510 principium
2110 5443 2169 5494 et
2249 5436 2599 5509 exemplavit,
2642 5436 2697 5491 id
2731 5440 2815 5492 est
2844 5436 3162 5509 exemplum
3200 5435 3357 5491 dedit
3400 5436 3716 5491 innocenter
3738 5427 3800 5481 νὶε

556 5524 800 5582 initium
832 5542 845 5579 :
879 5523 1011 5596 quia
1038 5523 1155 5596 ipse
1186 5528 1340 5579 tenet
1366 5525 1745 5600 principatum
1787 5543 1958 5599 super
1979 5528 2168 5584 omnia
2247 5527 2447 5593 vendo,
2484 5525 2843 5597 triumphans
2860 5524 2930 5580 de
2955 5523 3362 5597 principatibus
3383 5541 3450 5580 ac
3469 5518 3802 5596 potestatibus

574 5613 823 5675 culcitis
849 5618 908 5672 et
934 5612 1244 5673 terrestria.
1264 5614 1454 5672 Omnis
1477 5618 1833 5691 principatus
1861 5621 1910 5673 et
1934 5622 2167 5690 potesta-
2246 5614 2629 5673 tenebrarum.
2651 5615 2717 5671 Et
2748 5617 2933 5685 ipsum
2961 5618 3091 5670 tulit
3120 5615 3184 5670 de
3217 5615 3414 5682 medio,
3447 5610 3701 5671 subaudis
3723 5620 3800 5661 no-

2204 1520 2392 1594 .Verbi
2415 1518 2626 1592 gratia:
2648 1518 2903 1573 Mortuus
2926 1522 3011 1571 est
3033 1517 3090 1570 in
3113 1533 3277 1571 cruce
3294 1516 3572 1593 Christus,
3596 1514 3777 1589 positus

2222 1614 2310 1665 est
2330 1608 2389 1663 in
2418 1600 2758 1679 sepulcrum,
2781 1605 2850 1660 de
2878 1604 3136 1677 sepulcro
3160 1604 3314 1659 vivus
3342 1602 3603 1672 surrexit,
3622 1604 3779 1673 etjam
