3852 6154
190 277 273 336 757

816 269 1197 328 EXPOSITIO
1234 270 1317 328 IN
1356 272 1511 329 EPP.
1554 275 1609 331 Β.
1653 275 1889 333 PAULI.
1934 302 1997 317 —
2036 273 2117 330 IN
2153 272 2375 329 EPIST.
2415 272 2513 329 AD
2551 272 2710 329 COL.

3297 271 3406 330 758

185 407 406 463 morum,
422 393 545 466 quia
556 394 736 450 tactus
749 394 1027 449 mediator
1045 400 1238 451 noster
1251 396 1483 454 abstulit
1495 406 1724 472 peccata
1737 404 1788 463 A
1806 418 1912 471 quo
1942 406 2116 456 totum
2151 416 2346 469 corpus
2374 400 2860 467 subministratur,
2893 400 2953 459 id
2981 404 3070 458 est
3096 399 3399 458 multitudo

185 493 343 547 nostra
366 499 474 556 quae
507 483 668 553 quasi
692 482 751 538 in
787 484 971 538 medio
997 492 1159 540 erant
1195 488 1417 558 quando
1441 506 1541 543 nos
1567 507 1724 562 sepa-

181 576 347 632 rabant
365 589 398 627 a
422 571 549 626 Deo.

237 663 520 730 Esspolians
529 662 903 728 principatus,
922 660 979 715 id
996 666 1080 715 est
1094 662 1461 719 daemoniacas
1479 670 1723 736 potesta-

177 762 247 811 tes
271 749 568 822 exspoliavit
599 748 893 805 animabus
939 751 1229 806 hominum
1259 759 1632 821 mortuorum,
1665 759 1721 809 et

176 845 462 917 potestatem
503 838 573 891 de
602 838 709 892 hoc
747 839 957 893 mundo
999 840 1322 908 auferendo,
1356 849 1405 896 et
1434 849 1719 912 potestates

178 930 408 993 traduxit,
429 926 484 982 id
505 931 590 980 est
609 928 893 998 superavit
912 946 1040 983 cum
1060 929 1284 993 ﬁducia,
1302 934 1496 999 palam
1521 936 1719 987 trium-

170 1021 318 1091 phans
343 1018 454 1070 illos
482 1018 543 1069 in
572 1019 871 1085 semetipso,
904 1017 1035 1088 quia
1064 1035 1163 1089 per
1191 1036 1249 1073 se
1280 1020 1414 1073 vixit
1449 1020 1717 1076 innocen-

174 1112 253 1173 ter,
276 1109 322 1160 et
342 1104 515 1176 palam
540 1109 625 1158 est
642 1105 959 1160 cruciﬁxus.
980 1106 1374 1179 Triumphans,
1399 1110 1714 1176 devincens,

170 1209 398 1267 superans
416 1192 471 1246 in
491 1192 792 1263 semetipso
813 1194 1014 1249 iisdem
1035 1196 1216 1251 modis
1237 1198 1437 1268 quibus
1453 1199 1715 1254 diximus.

222 1284 366 1347 Nemo
390 1296 515 1349 ergo
538 1298 627 1335 vos
643 1285 875 1352 judicet,
903 1283 961 1337 id
990 1290 1077 1339 est
1100 1286 1309 1340 nullius
1332 1286 1605 1357 judicium
1628 1294 1715 1343 at-

165 1370 368 1428 tendatis
405 1369 462 1423 in
506 1369 610 1425 hac
651 1376 812 1442 parte
843 1389 854 1424 z
889 1378 953 1426 ut
998 1372 1329 1428 abstineatis
1371 1374 1441 1429 ab
1475 1376 1563 1430 his
1593 1393 1715 1448 quae

164 1463 291 1517 Deus
301 1458 648 1514 mandavit.N
650 1476 739 1514 am
758 1477 868 1514 non
884 1463 1028 1528 quod
1037 1465 1216 1517 intrat
1230 1466 1291 1518 in
1303 1481 1376 1530 os,
1390 1468 1713 1533 coinquinat

162 1552 396 1605 hominem
422 1550 642 1617 (Matth.
677 1550 789 1618 xv).
832 1553 898 1605 In
928 1552 1046 1604 cibo
1088 1557 1187 1605 aut
1224 1556 1288 1606 in
1321 1558 1476 1621 potu,
1508 1560 1607 1608 aut
1652 1558 1714 1608 in

160 1643 285 1708 parte
310 1637 413 1689 diei
437 1637 582 1704 festi,
617 1636 867 1691 dicentes
895 1638 1036 1692 alios
1065 1638 1185 1693 dies
1214 1640 1386 1694 festos
1412 1657 1552 1695 esse.
1585 1641 1716 1697 Dies

1803 495 2124 545 sanctorum
2169 491 2499 560 angelorum
2540 495 2598 545 et
2640 488 2944 545 multitudo
2970 489 3265 544 hominum
3293 505 3400 545 au-

1800 583 2145 649 gmentatur.
2173 580 2241 633 Et
2268 579 2615 635 construitur
2629 594 2733 648 per
2751 595 2943 646 nexus,
2974 578 3035 633 id
3062 584 3149 634 est
3174 577 3401 649 copula-

1801 668 1983 723 tiones
2016 674 2073 723 et
2114 668 2486 723 connexiones
2527 674 2587 724 et
2629 668 3071 739 conjunctiones,
3102 670 3400 736 crescitque

1801 758 1914 811 sive
1942 761 2184 828 augetur
2206 760 2269 812 in
2304 762 2667 826 augmentum
2703 758 2819 812 Dei.
2850 757 3006 811 Sicut
3031 772 3167 828 ergo
3194 772 3399 830 corpus

1800 847 2144 901 construitur
2170 863 2234 900 ex
2264 846 2457 901 multis
2483 845 2752 901 membris
2780 846 3084 917 multisque
3107 848 3398 919 compagi-

1799 934 1922 1001 bus,
1950 936 2032 989 ita
2055 952 2121 989 ex
2151 936 2342 991 multis
2367 934 2653 1007 gentibus,
2682 934 2987 1007 multisque
3004 934 3303 1007 provinciis
3327 952 3395 991 ac

1802 1023 1993 1078 multis
2020 1024 2321 1094 generibus
2346 1023 2637 1078 hominum
2668 1028 3067 1094 augmentatur
3088 1030 3147 1080 et
3172 1024 3390 1093 crescit,

1801 1111 2021 1181 quando
2046 1112 2296 1182 quotidie
2325 1127 2595 1167 numerus
2623 1110 2874 1167 ﬁdelium
2902 1112 3119 1167 crescit.

1870 1198 1935 1252 Si
1952 1201 2165 1251 mortui
2186 1202 2310 1252 estis
2330 1215 2455 1252 cum
2475 1198 2710 1264 Christo,
2724 1197 2992 1253 subaudis
3001 1202 3254 1270 tempore
3263 1198 3397 1271 bap-

1797 1284 2057 1350 tismatis,
2081 1288 2152 1340 ab
2169 1288 2446 1341 elementis
2476 1286 2646 1356 hujus
2679 1287 2898 1354 mundi,
2924 1287 2981 1341 id
3001 1292 3088 1341 est
3104 1286 3389 1344 erroribus

1798 1374 2147 1445 pompisque,
2164 1376 2300 1444 quid
2318 1374 2501 1428 adhuc
2514 1379 2781 1443 tanquam
2809 1378 3043 1429 viventes
3066 1379 3130 1429 in
3158 1377 3391 1446 mundo,

1797 1462 2065 1518 subaudis
2094 1463 2152 1517 in
2177 1463 2405 1525 mundo,
2440 1464 2752 1531 decernitis,
2780 1463 2839 1518 id
2866 1468 2953 1518 est
2980 1479 3080 1518 cur
3099 1463 3395 1520 discretio-

1797 1568 1926 1605 nem
1968 1551 2150 1606 facitis
2191 1552 2340 1606 inter
2376 1550 2545 1607 cibos.
2578 1550 2758 1606 Aliter
2787 1569 2800 1606 :
2832 1551 2891 1606 Si
2920 1551 3130 1606 mortui
3158 1551 3294 1607 estis
3321 1550 3394 1607 ab

1798 1641 2090 1695 elementis
2110 1642 2279 1712 hujus
2298 1640 2519 1695 mundi:
2546 1640 2828 1694 elementa
2842 1640 3039 1695 mundi
3057 1645 3192 1695 sunt
3205 1641 3396 1699 omnia

156 1728 334 1783 ducunt
355 1731 407 1780 et
432 1724 667 1780 sabbata
696 1725 994 1782 observant
1018 1729 1358 1798 quiescendo
1389 1747 1423 1784 a
1464 1730 1631 1797 vitiis,
1660 1736 1778 1810 etB
1798 1730 2111 1800 corporalia
2143 1735 2201 1784 et
2239 1727 2483 1784 visibilia
2511 1733 2569 1783 et
2614 1729 2961 1784 transitoria.
2995 1729 3231 1793 Quando
3258 1746 3393 1786 vero

156 1814 453 1872 transeundo
482 1814 555 1869 de
584 1814 731 1869 vitiis
760 1815 832 1869 ad
859 1814 1115 1871 virtutes.

208 1907 316 1973 Qua
339 1910 464 1960 sunt
496 1908 702 1960 umbra
734 1908 1084 1973 futurorum,
1108 1906 1377 1963 subaudis
1404 1909 1597 1964 omnia
1624 1927 1715 1965 su-

152 1994 309 2065 perius
333 1994 477 2049 dicta
503 1994 577 2049 de
606 1994 728 2050 cibo
756 2000 813 2050 et
836 2000 993 2067 potu,
1028 2013 1149 2068 quae
1179 1997 1237 2051 in
1261 1997 1385 2068 lege
1412 1997 1711 2065 habentur,

150 2082 339 2151 umbra,
362 2088 493 2139 sunt
537 2083 779 2138 aliarum
823 2100 1013 2139 rerum
1046 2102 1167 2157 quae
1214 2086 1274 2140 in
1317 2087 1539 2142 Christo
1573 2093 1630 2142 et
1656 2088 1714 2142 in

150 2171 354 2227 Ecclesia
370 2172 650 2244 completa
668 2180 818 2239 sunt,
839 2179 896 2228 et
914 2174 1285 2245 complentur.
1301 2176 1509 2244 Corpus
1526 2182 1713 2231 autem

148 2259 339 2326 Christi,
371 2260 427 2315 id
466 2266 558 2316 est
583 2262 788 2317 veritas
823 2266 879 2317 et
909 2279 1111 2334 corpus
1146 2263 1371 2318 illarum
1410 2280 1599 2319 rerum
1632 2267 1713 2320 vel

146 2348 453 2417 umbrarum,
479 2351 744 2406 Christus
772 2356 859 2406 est
886 2357 943 2406 et
961 2351 1225 2407 Ecclesia.
1251 2353 1424 2407 Erant
1447 2354 1596 2408 enim
1621 2355 1715 2409 Ju-

146 2436 228 2494 daei
253 2438 339 2510 qui
361 2439 657 2495 voluerunt
677 2441 845 2495 simul
870 2440 1165 2496 observare
1185 2441 1366 2513 legem
1389 2446 1447 2497 et
1469 2443 1714 2514 Evange-

144 2526 274 2594 lium,
291 2533 344 2583 et
368 2529 471 2600 ipsi
496 2528 817 2583 suadebant
844 2528 1266 2584 Colossensibus
1286 2529 1493 2585 similia
1520 2546 1706 2602 agere,

141 2615 229 2671 hoc
252 2624 346 2687 est,
374 2618 432 2673 in
468 2618 915 2685 circumcisione,
948 2618 1006 2673 in
1035 2618 1409 2674 celebratione
1437 2619 1711 2675 festivita-

141 2709 240 2760 tum
260 2706 537 2778 legalium.
586 2706 858 2764 Dicebant
886 2707 1037 2763 enim
1066 2726 1079 2764 :
1122 2708 1270 2762 Estis
1299 2707 1583 2780 baptizati,
1617 2709 1710 2763 de-

139 2791 258 2850 betis
279 2796 621 2865 circumcidi,
646 2796 1101 2853 communicastis
1113 2798 1234 2869 jam
1256 2798 1475 2869 corpori
1504 2803 1561 2853 et
1583 2814 1709 2853 san-

134 2883 266 2954 guini
283 2885 520 2955 Domini,
541 2885 757 2942 debetis
777 2886 1047 2941 sacriﬁcia
1065 2886 1270 2957 legalia
1288 2887 1507 2955 offerre,
1526 2904 1707 2943 come-

136 2970 245 3028 dere
270 2974 477 3031 debetis
507 2992 638 3047 quaa
684 2976 769 3030 lex
801 2975 1071 3047 praecipit,
1119 2981 1177 3030 et
1205 2975 1487 3031 abstinere
1515 2976 1585 3031 ab
1618 2978 1704 3032 his

134 3077 236 3132 qua:
259 3064 514 3135 prohibet
542 3084 556 3120 :
589 3071 645 3120 et
673 3066 721 3119 si
762 3065 1026 3119 ceciderit
1053 3082 1179 3119 mus
1208 3064 1265 3119 in
1295 3070 1548 3137 puteum,
1590 3083 1705 3123 non

132 3147 315 3205 debetis
332 3151 547 3208 bibere.
569 3153 676 3207 Sed
694 3158 758 3207 ut
775 3151 845 3206 ab
866 3151 975 3205 illis
996 3169 1108 3207 non
1128 3153 1546 3216 seducerentur,
1571 3154 1703 3209 scri-

129 3234 268 3294 bebat
293 3242 601 3313 Apostolus
629 3241 711 3297 eis
751 3241 904 3305 talia,
940 3240 1071 3313 quia
1116 3242 1174 3295 in
1205 3242 1427 3296 Domini
1458 3243 1700 3298 adventu

128 3328 287 3383 omnia
315 3331 594 3386 mundata
634 3337 784 3396 sunt,
816 3337 873 3386 et
914 3331 1150 3386 cessavit
1176 3332 1264 3386 lex
1295 3332 1353 3385 in
1392 3333 1696 3403 mysteriis.

181 3417 331 3472 Nemo
356 3436 443 3474 vos
467 3422 714 3484 seducat,
748 3420 832 3474 vel
868 3426 1091 3492 separet
1116 3438 1151 3475 a
1179 3421 1306 3488 ﬁde,
1335 3424 1534 3488 volens,
1565 3420 1700 3477 sub-

122 3505 259 3560 audis
290 3524 398 3576 vos,
420 3513 486 3563 in
514 3510 857 3575 humilitate,
890 3510 1157 3564 subaudis
1185 3527 1381 3565 sensus
1405 3510 1686 3583 decipere.

118 3593 332 3653 Humilis
360 3598 580 3653 dicitur
607 3598 766 3652 humi
793 3599 1051 3653 acclivus.
1083 3599 1290 3653 Volens
1319 3616 1414 3654 vos
1442 3600 1697 3672 decipere

117 3681 166 3736 in
188 3684 518 3757 humilitate,
543 3686 601 3741 id
622 3692 711 3741 est
731 3688 931 3742 humili
951 3704 1118 3742 sensu
1145 3694 1203 3743 et
1220 3689 1417 3743 humili
1437 3689 1694 3744 doctrina

119 3788 224 3844 qua
250 3776 550 3832 utilitatem
580 3792 696 3831 non
723 3776 909 3842 habet,
933 3778 1074 3832 sicut
1094 3783 1180 3832 est
1208 3778 1267 3832 in
1286 3778 1602 3833 diﬁ‘erentia
1620 3779 1695 3833 ci-

119 3857 290 3919 borum
318 3871 376 3919 et
404 3866 475 3920 de
502 3865 914 3920 observatione.
948 3867 1013 3920 Et
1046 3870 1309 3934 religione
1340 3870 1689 3934 angelorum,

115 3946 161 4003 id
188 3957 264 4007 est
285 3953 342 4008 in
367 3955 599 4010 cultura
629 3956 975 4025 angelorum.
1008 3956 1182 4010 Erant
1207 3955 1525 4027 philosophi
1550 3971 1690 4027 gen-

114 4038 234 4095 tium
261 4048 317 4097 et
341 4044 522 4116 aliqui
551 4044 875 4099 Iudaeorum
916 4044 1011 4116 qui
1041 4044 1301 4099 dicebant
1328 4059 1340 4094 :
1378 4045 1534 4100 Sicut
1559 4051 1692 4100 sunt

114 4136 330 4199 quatuor
347 4134 661 4203 elementa,
685 4134 766 4188 ita
784 4142 918 4188 sunt
944 4139 1183 4205 quatuor
1204 4134 1409 4204 angeli,
1430 4134 1524 4206 qui
1554 4151 1692 4206 prae-

109 4224 224 4273 sunt
246 4222 485 4293 singulis
511 4223 828 4279 elementis.
846 4224 914 4277 Hi
935 4240 1067 4294 ergo
1084 4222 1343 4278 dicebant
1362 4223 1431 4277 ad
1450 4224 1572 4277 illos
1593 4224 1688 4295 qui

109 4308 439 4367 crediderant
461 4314 717 4368 volentes
728 4329 1000 4384 apparere
1020 4312 1295 4383 religiosi:
1323 4312 1454 4383 quia
1476 4329 1541 4366 ex
1555 4329 1690 4383 qua-

1794 1819 2032 1889 gentiles
2063 1819 2241 1873 Deum
2267 1819 2686 1889 ignoraverunt.
2723 1818 3018 1873 elementis
3045 1818 3243 1873 mundi
3270 1834 3391 1874 ser-

1794 1907 2017 1962 vierunt
2035 1907 2169 1979 quia
2188 1906 2298 1961 illis
2318 1905 2638 1960 serviebant
2657 1911 2714 1960 et
2731 1922 2798 1961 ea
2812 1905 3142 1961 adorabant.
3155 1906 3397 1963 Venien-

1794 2001 1878 2050 tes
1923 2001 2111 2051 autem
2154 1996 2225 2049 ad
2273 1995 2442 2049 ﬁdem
2483 1994 2693 2050 mortui
2726 1999 2861 2061 sunt
2904 1996 3198 2050 elementis
3225 1995 3393 2066 hujus

1795 2084 2011 2153 mundi,
2034 2086 2092 2139 id
2123 2090 2208 2139 est
2232 2082 2517 2139 erroribus
2536 2088 2594 2140 et
2613 2083 3126 2156 superstitionibus,
3159 2084 3276 2139 sive
3302 2101 3393 2140 va-

1796 2175 1896 2229 riis
1943 2180 2002 2229 et
2052 2174 2207 2228 vanis
2255 2173 2511 2235 culturis.
2560 2172 3024 2229 abrenuntiantes
3065 2172 3287 2228 diabolo
3334 2177 3392 2229 et

1797 2264 2056 2319 omnibus
2075 2263 2292 2335 pompis
2312 2264 2431 2333 ejus
2447 2267 2616 2334 atque
2631 2261 2916 2317 erroribus
2930 2263 3073 2333 ejus.
3086 2262 3393 2317 Possumus

1795 2358 1985 2407 autem
2008 2358 2066 2407 et
2088 2368 2190 2424 per
2215 2352 2495 2406 elementa
2513 2351 2709 2406 mundi
2728 2350 3045 2423 intelligere
3065 2350 3248 2422 legem
3268 2366 3394 2423 qum

1794 2441 2152 2514 prmcipiebat
2180 2440 2577 2495 discretionem
2605 2440 2788 2495 facere
2816 2440 2966 2495 inter
2996 2455 3166 2511 pecus
3198 2445 3255 2494 et
3289 2455 3392 2512 pe-

1793 2548 1909 2598 cus,
1938 2535 1995 2585 et
2019 2531 2168 2585 inter
2194 2529 2347 2584 cibos
2376 2534 2433 2584 et
2460 2529 2628 2584 cibos.
2655 2529 2764 2584 Sed
2789 2533 3087 2601 postquam
3118 2528 3391 2585 Dominus

1791 2620 1931 2675 dixit
1954 2635 1967 2677 :
2006 2621 2133 2675 Non
2160 2619 2304 2687 quod
2331 2621 2514 2673 intrat
2537 2621 2601 2672 in
2638 2633 2714 2685 os,
2752 2620 3079 2686 coinquinat
3107 2618 3388 2673 hominem

1794 2710 2006 2781 (Matth.
2058 2711 2173 2777 xv),
2213 2707 2407 2762 statim
2444 2706 2627 2762 omnis
2663 2706 2762 2761 illa
2812 2705 3076 2761 discretio
3113 2705 3371 2764 cessavit.

1787 2797 1949 2853 Unde
1971 2796 2105 2851 dicit
2122 2795 2425 2868 Apostolus
2442 2799 2563 2849 tam
2580 2793 2787 2849 Iudaeis
2808 2809 2979 2865 quam
3000 2792 3263 2865 gentibus
3284 2810 3298 2848 :
3324 2793 3385 2849 Si

1785 2885 1996 2941 mortui
2025 2885 2159 2940 estis
2187 2901 2315 2940 cum
2344 2883 2566 2939 Christo
2595 2882 2667 2937 ab
2695 2883 3005 2949 elementis,
3035 2882 3092 2938 id
3121 2885 3208 2938 est
3234 2898 3387 2938 erro-

1788 2976 1943 3031 ribus
1971 2980 2140 3047 atque
2187 2974 2405 3046 pompis
2432 2979 2504 3029 ’et
2530 2973 2690 3028 vanis
2733 2972 3101 3044 religionibus
3127 2979 3383 3046 tempore

1786 3065 2164 3137 baptismatis,
2195 3064 2330 3135 quid
2360 3063 2543 3119 adhuc
2570 3062 2967 3118 discretionem
3004 3063 3188 3119 facitis
3225 3062 3381 3120 cibo-

1783 3171 1929 3217 rum,
1952 3169 2079 3209 cum
2101 3154 2250 3208 Deus
2270 3152 2461 3207 omnia
2482 3152 2697 3207 munda
2719 3167 2841 3207 esse
2870 3152 3106 3207 dixerit?

1851 3245 1931 3298 Ne
1964 3245 2266 3311 tetigeritis,
2291 3257 2462 3310 neque
2488 3243 2860 3310 gustaveritis,
2886 3257 3060 3312 neque
3077 3247 3382 3299 contracta-

1780 3336 1990 3387 veritis.
2024 3333 2154 3387 Haec
2178 3348 2280 3386 vox
2308 3330 2537 3385 illorum
2565 3335 2651 3385 est
2678 3329 2774 3402 qui
2803 3330 3067 3386 dicebant
3097 3348 3109 3383 :
3141 3332 3225 3388 Ne
3244 3333 3381 3389 teti-

1778 3422 1996 3493 geritis,
2020 3437 2091 3476 ne
2112 3419 2595 3476 contrectaveritis
2620 3424 2926 3487 mortuum,
2951 3436 3134 3492 neque
3161 3422 3379 3477 scabel-

1778 3509 1896 3565 lum
1916 3509 2013 3565 ubi
2033 3510 2179 3565 sedit
2198 3509 2404 3564 mulier
2424 3513 2792 3574 menstruata,
2815 3508 2947 3580 quia
2967 3509 3244 3565 immundi
3265 3511 3378 3565 eri-

1775 3600 1869 3666 tis,
1901 3616 2084 3671 neque
2118 3598 2478 3670 gustaveritis
2502 3614 2728 3652 carnem
2751 3597 2975 3652 suillam
3004 3614 3186 3669 neque
3215 3598 3379 3671 lepo-

1776 3689 1979 3756 rinam,
2010 3688 2141 3759 quia
2164 3687 2460 3743 immunda
2488 3690 2591 3753 est,
2620 3691 2679 3741 et
2704 3690 2904 3740 catera
2929 3687 3085 3741 talia.

1850 3778 1974 3844 Quae
2003 3780 2212 3840 omnia,
2236 3775 2502 3831 subaudis
2522 3792 2646 3848 quae
2671 3775 2759 3829 lex
2786 3775 3041 3829 concedit
3061 3791 3159 3830 seu
3180 3776 3374 3848 prohi-

1773 3863 1889 3934 bet,
1906 3869 2038 3918 sunt
2058 3867 2120 3917 in
2142 3867 2435 3918 interitum
2452 3866 2568 3932 ipso
2588 3878 2715 3930 usu,
2741 3862 2801 3917 id
2820 3868 2906 3917 est
2927 3863 3052 3935 ipsa
3071 3870 3375 3922 consuetu-

1773 3953 1905 4008 dine
1933 3952 2133 4007 edendi
2154 3952 2213 4007 in
2234 3952 2527 4006 interitum
2550 3952 2638 4006 sui
2666 3952 2895 4018 vadunt,
2919 3953 3051 4023 quia
3072 3954 3132 4007 in
3153 3960 3370 4011 stercus

1772 4042 2107 4113 rediguntur
2134 4040 2323 4094 omnia
2363 4040 2555 4095 statim
2602 4046 2669 4095 ut
2693 4046 2941 4095 comesta
2967 4041 3196 4098 fuerint.
3244 4044 3373 4112 Qua:

1771 4136 1901 4186 sunt
1928 4132 2147 4200 quidem
2176 4132 2451 4185 rationem
2481 4129 2741 4183 habentia
2769 4132 3068 4198 sapientia,
3101 4130 3371 4189 subaudis

1772 4220 2088 4287 mundanae,
2108 4219 2407 4273 secundum
2421 4224 2689 4288 praecepta
2708 4223 2758 4273 et
2775 4219 3030 4275 doctrina
3051 4221 3365 4293 hominum,

1771 4309 1829 4363 id
1871 4313 1955 4363 est
1984 4307 2290 4363 secundum
2336 4306 2699 4363 traditionem
2729 4306 3049 4364 Scribarum
3070 4314 3127 4364 et
3165 4311 3369 4367 Phari-

105 4398 526 4457 tuorelementis
547 4401 1065 4469 constatis,debetis
1081 4401 1295 4472 angelis
1315 4401 1423 4454 illis
1439 4402 1535 4473 qui
1550 4390 2029 4472 prae-Deiectum.
2070 4402 2128 4451 et
2170 4397 2477 4452 secundum
2522 4396 2650 4452 illos
2691 4396 2789 4469 qui
2829 4413 2998 4454 causa
3024 4398 3367 4457 inﬁrmitatis

102 4491 217 4540 sunt
228 4488 526 4546 elementis
536 4492 787 4562 aliquam
805 4492 1084 4545 culturam
1096 4495 1151 4545 et
1171 4490 1444 4545 sacriﬁcia
1464 4491 1684 4550 offerre.

101 4571 192 4628 Sed
221 4578 350 4649 quia
380 4581 533 4634 nihil
563 4585 705 4645 erat,
738 4580 886 4650 quod
916 4578 1192 4645 dicebant,
1228 4578 1517 4650 subjunxit
1542 4583 1686 4651 Apo-

99 4662 289 4720 stolus:
323 4669 453 4736 Quae
486 4685 606 4723 non
631 4669 788 4730 cidit,
820 4666 1088 4723 subaudis
1116 4667 1340 4734 docens,
1367 4669 1682 4736 ambulans,

94 4748 312 4821 frustra,
334 4759 581 4826 inﬂatus
602 4773 763 4811 sensu
784 4759 972 4811 carnis
1000 4772 1131 4821 suae,
1156 4756 1345 4830 idjest,
1368 4757 1438 4811 de
1466 4773 1567 4812 suo
1592 4775 1684 4812 er-

97 4852 207 4895 rore
232 4849 288 4899 et
314 4846 620 4901 mendacio
648 4845 943 4901 ambulans
993 4844 1242 4902 inﬂatus.
1294 4846 1371 4900 Ex
1402 4846 1508 4901 hoc
1537 4847 1686 4901 enim

93 4930 224 4997 quod
243 4931 590 4991 videbantur
606 4935 819 5008 aliquid
838 4935 1001 5003 scire,
1020 4934 1379 5007 superbiebat
1398 4936 1456 4990 in
1475 4941 1682 5003 mente,

93 5019 377 5113 preferens
400 5024 793 5113 Humilitatem
815 5025 875 5080 in
888 5027 1063 5080 vultu.
1085 5026 1206 5093 Vel,
1223 5026 1369 5081 sicut
1388 5025 1498 5080 alia
1514 5025 1684 5080 editio

93 5103 263 5179 habet,
287 5103 561 5184 (ιιιωήοη
587 5116 723 5170 vidit
748 5116 1054 5183 inculcans,
1088 5115 1145 5169 id
1170 5120 1254 5169 est
1279 5114 1553 5186 replicans
1575 5114 1686 5169 fru-

94 5200 215 5251 stra.
240 5200 397 5257 Licet
421 5203 584 5259 enim
610 5205 763 5261 illam
784 5204 1117 5275 religionem
1148 5204 1346 5259 falsam
1366 5204 1635 5259 vidissent
1653 5221 1688 5259 a

93 5284 415 5355 quibusdam
435 5294 737 5360 celebrari,
758 5300 951 5350 tamen
981 5294 1130 5366 ipsos
1154 5294 1381 5364 angelos
1406 5310 1518 5348 non
1539 5294 1684 5348 vide-

94 5384 233 5447 runt,
260 5396 448 5454 neque
476 5400 554 5438 ea
580 5400 700 5454 quas
728 5384 1023 5439 docebant.

156 5468 218 5522 Et
246 5485 359 5527 non
388 5476 587 5526 tenens
615 5479 794 5541 caput,
824 5474 880 5529 id
909 5479 995 5528 est
1020 5490 1132 5529 non
1164 5473 1452 5529 adhaerens
1493 5470 1682 5543 capiti,

97 5551 147 5606 id
173 5562 254 5611 est.
272 5559 526 5626 Christo,
557 5559 651 5633 qui
671 5565 755 5616 est
775 5565 944 5632 caput
962 5561 1213 5617 omnium
1234 5566 1576 5616 sanctorum.
1603 5559 1686 5613 Ea:

1768 4488 1969 4542 nolunt
1992 4503 2060 4541 ea
2086 4486 2397 4553 comedere,
2434 4486 2686 4542 dicentes
2713 4501 2723 4534 :
2753 4487 2898 4543 Nolo
2923 4489 3215 4546 comedere
3241 4507 3367 4547 car-

1769 4593 1901 4632 nem
1920 4575 2143 4631 suillam
2166 4576 2298 4647 quia
2321 4574 2759 4631 melancholicus
2778 4592 2923 4645 sum,
2947 4593 3128 4648 neque
3148 4580 3367 4651 anguil-

1768 4663 1903 4722 lam.
1936 4665 2045 4720 Sed
2075 4665 2186 4720 ista
2212 4665 2487 4736 sapientia
2510 4681 2624 4721 non
2651 4658 2957 4720 secundum
2987 4664 3187 4734 Deum,
3228 4669 3364 4738 quia

1766 4769 1880 4808 non
1900 4753 2144 4825 pertinet
2161 4753 2230 4807 ad
2255 4753 2583 4824 religionem
2606 4757 2671 4808 in
2697 4755 3079 4822 superstitione
3104 4758 3154 4807 et
3178 4754 3363 4809 humi-

1771 4846 1941 4910 litate,
1974 4842 2241 4898 subaudis
2282 4858 2404 4914 quze
2434 4846 2521 4896 est
2560 4841 2730 4896 etiam
2763 4840 2824 4895 in
2851 4840 3268 4913 superstitione,
3302 4843 3361 4901 id

1767 4938 1853 4987 est
1876 4948 2018 4987 vana
2045 4932 2313 5003 religione
2333 4936 2390 4986 et
2411 4930 2694 5002 superfluo
2712 4928 2916 4985 timore
2937 4947 2949 4983 :
2979 4929 3086 4986 hoc
3104 4935 3191 4986 est
3209 4931 3362 4989 enim

1765 5021 2111 5093 superstitio,
2162 5020 2429 5075 subaudis
2476 5018 2703 5074 humilis
2756 5033 2973 5075 sensus.
3031 5020 3363 5094 Supertluus

1766 5110 1938 5165 timor
1954 5116 2038 5165 est
2058 5124 2198 5163 vana
2219 5107 2416 5179 religio
2437 5111 2606 5179 atque
2632 5107 2862 5164 humilis
2881 5125 3099 5178 sensus,
3118 5127 3187 5167 ea
3212 5114 3365 5173 nolle

1768 5200 2083 5266 comedere,
2108 5202 2163 5252 et
2183 5196 2365 5251 dicere
2394 5196 2707 5265 immunda,
2731 5214 2855 5271 qum
2873 5198 3024 5255 Deus
3042 5202 3360 5260 sanctiﬁca-

1767 5289 1845 5343 vit
1878 5308 1890 5343 :
1924 5288 2031 5344 nisi
2060 5303 2227 5342 causa
2258 5285 2611 5341 abstinentiae
2635 5287 2838 5360 aliquis
2867 5305 2928 5344 se
2953 5289 3024 5345 ab
3055 5291 3143 5347 his
3168 5292 3361 5349 obser-

1766 5384 1873 5443 vet,
1897 5378 2042 5433 sicut
2061 5381 2118 5431 et
2140 5392 2173 5430 a
2200 5376 2344 5430 vino.
2368 5374 2504 5441 Quae
2530 5381 2664 5431 sunt
2691 5377 2862 5433 etiam
2885 5394 2997 5434 non
3028 5382 3099 5435 ad
3119 5397 3357 5451 parcen-

1765 5468 1899 5520 dum
1925 5468 2159 5534 corpori,
2184 5464 2238 5517 id
2264 5468 2349 5519 est
2366 5481 2478 5519 non
2503 5465 2573 5519 ad
2598 5468 3035 5523 conservandam
3060 5470 3357 5524 sanitatem

1765 5554 2012 5628 corporis
2044 5567 2054 5601 :
2087 5552 2217 5625 quia
2247 5553 2382 5609 dum
2411 5571 2523 5611 non
2552 5555 2669 5612 vult
2699 5556 2991 5613 comedere
3034 5572 3156 5628 quae
3192 5554 3361 5613 habet
