3966 6156
500 326 605 387 759
910 327 1288 387 HAYMONIS
1326 329 1813 387 HALBERSTAT.
1855 328 2081 387 EPISO.

2200 327 2281 383 Ῥ.
2324 326 2508 383 PARS
2546 324 2592 382 1.
2636 353 2701 366 --
2739 296 3127 379 οοΜΜΕΝΤξ
3155 321 3339 377 BIBL.
3648 321 3737 381 τω

503 455 563 507 et
590 451 807 523 appetit
833 451 981 523 quod
1010 466 1123 506 non
1150 450 1338 516 habet,
1369 451 1557 507 dicens
1585 470 1597 506 :
1648 453 1778 509 Noli
1807 454 2098 509 comedere
2113 454 2165 513 Α
2184 451 2264 506 ita
2290 457 2349 506 et
2375 452 2470 506 ille
2499 450 2671 505 servit
2694 446 2935 512 diabolo,
2959 445 3056 516 qui
3082 445 3230 501 bona
3256 445 3635 517 omnipotentis
3657 447 3745 504 Dei

503 541 630 605 hoc,
678 540 811 611 quia
841 540 1197 596 immundum
1231 546 1335 604 est,
1370 541 1467 595 sed
1498 541 1546 596 si
1581 541 1847 597 haberem
1878 558 2101 598 carnem
2186 540 2529 605 communia,
2582 554 2708 608 quae
2755 535 3014 590 omnibus
3051 533 3371 589 hominibus
3415 534 3746 589 communiter

505 628 825 694 arietinum,
850 628 1004 683 illam
1030 628 1407 697 comederem,
1434 628 1755 685 inﬁrmatur
1774 635 1831 685 et
1854 629 2106 686 debilita-
2188 629 2319 683 data
2348 634 2499 694 sunt,
2529 628 2588 682 in
2637 625 2892 697 proprios
2939 627 3372 694 usurpat'usus.
3406 623 3569 677 Recte
3603 624 3744 678 etiam

504 722 603 772 tur
630 717 726 788 qui
755 716 962 771 talibus
1000 718 1139 772 escis
1178 722 1546 773 sustentatur.
1576 719 1713 783 Quae
1752 724 1886 774 sunt
1911 719 2102 786 etiam,
2193 718 2433 772 avaritia
2463 716 2793 771 idololatriae
2812 719 3189 785 comparatur,
3216 712 3347 782 quia
3367 711 3497 766 dum
3519 712 3743 776 metallis,

507 821 621 861 non
649 808 713 859 in
743 805 946 860 honore
969 808 1178 876 aliquo,
1205 806 1300 861 sed
1327 808 1403 861 ad
1428 811 1782 862 saturitatem
1812 810 2021 874 carnis,
2048 808 2105 861 id
2189 808 2311 863 auri
2342 813 2399 861 et
2425 805 2665 877 argenti,
2687 805 2757 858 de
2782 802 2983 873 quibus
3010 801 3309 855 simulacra
3339 800 3502 864 ﬁunt,
3529 799 3746 853 homines

506 898 594 949 est
619 893 839 949 nullum
869 895 1141 965 majorem
1170 895 1438 950 honorem
1459 900 1690 967 prestat
1714 897 1860 951 aries
1886 896 2107 967 corpori

507 999 677 1055 quam
705 982 866 1055 lepus
895 988 1207 1054 praestaret,
1246 984 1292 1039 si
1327 1000 1456 1039 eum
1483 985 1819 1052 comederet,
1852 990 2106 1040 tantum-

506 1071 674 1127 modo
695 1077 761 1127 ut
787 1076 984 1127 venter
1006 1073 1307 1144 repleatur.

1133 1161 1367 1216 CAPUT
1395 1160 1496 1216 III.

576 1251 804 1306 Fratres
848 1253 900 1304 si
939 1253 1362 1304 consurrewistis
1400 1266 1527 1304 cum
1556 1250 1792 1318 Christo,
1837 1251 1895 1306 id
1925 1257 2013 1307 est
2038 1252 2107 1306 de

506 1344 689 1394 morte
718 1339 790 1393 ad
828 1338 1000 1392 vitam
1028 1343 1282 1409 tempore
1309 1337 1684 1409 baptismatis,
1728 1356 1847 1408 qua:
1882 1358 2107 1394 sursum

507 1433 642 1481 sunt
679 1429 869 1496 sapite,
899 1426 955 1480 id
985 1431 1070 1481 est
1090 1427 1298 1497 gaudia
1326 1426 1522 1497 patriai
1563 1426 1821 1483 ccelestis.
1851 1429 2108 1484 Christus

510 1518 597 1568 est
613 1530 837 1569 sursum
856 1513 1118 1569 habitans
1136 1514 1193 1569 in
1214 1514 1561 1585 plenitudine
1580 1519 1827 1586 paternae
1848 1506 2107 1587 majesta-

506 1602 602 1670 tis,
630 1607 688 1657 et
709 1601 805 1657 ubi
832 1608 934 1668 est,
958 1603 1092 1657 illuc
1110 1602 1380 1658 debemus
1409 1603 1673 1659 anhelare
1697 1623 1709 1658 :
1742 1611 1799 1659 et
1826 1622 1949 1676 quae
1975 1622 2102 1661 sur-

506 1705 643 1786 sum.
654 1695 789 1786 sunt
816 1706 1031 1761 sapere,
1055 1690 1112 1744 id
1131 1696 1218 1745 est
1238 1690 1583 1762 perpendere
1603 1696 1661 1746 et
1687 1692 2020 1764 intelligere,
2045 1698 2104 1748 ct
2122 1726 2169 1786 Β

506 1777 569 1833 in
590 1777 676 1833 his
699 1778 949 1834 animum
973 1796 1198 1851 ponere,
1224 1796 1336 1834 non
1357 1780 1413 1834 in
1440 1779 1527 1834 his
1552 1796 1670 1850 quas
1687 1797 1860 1850 supra
1895 1788 2105 1836 terram

507 1871 642 1922 sunt
669 1868 1018 1927 transitoria.

579 1957 793 2011 Μονιαὶ
816 1960 969 2011 enim
1013 1960 1157 2012 estis.
1190 1958 1397 2013 Mortui
1427 1958 1561 2013 estis
1597 1962 1824 2029 peccato
1855 1962 2109 2030 tempore

505 2042 880 2116 baptismatis,
896 2045 1041 2100 sicut
1057 2047 1223 2117 paulo
1238 2063 1408 2118 supra
1431 2047 1695 2111 diximus,
1708 2052 1754 2101 et
1771 2049 1884 2100 vita
1904 2052 2102 2112 vestra,

507 2132 567 2188 id
596 2138 683 2188 est
712 2132 1017 2200 beatitudo,
1040 2136 1358 2189 abscondita
1378 2141 1452 2189 est
1475 2151 1605 2189 cum
1635 2136 1847 2192 Christo
1875 2138 1938 2189 in
1966 2137 2098 2192 Deo.

482 2214 485 2216 ’
507 2218 638 2273 Vita
661 2219 808 2275 enim
832 2227 1017 2275 vestra
1037 2226 1094 2276 et
1113 2221 1398 2278 beatitudo
1421 2224 1678 2280 Christus
1697 2228 1801 2290 est,
1819 2223 1963 2279 sicut
1988 2224 2109 2295 ipse

511 2305 686 2363 dixit:
714 2309 844 2364 Haec
866 2315 949 2364 est
970 2311 1082 2365 vita
1105 2315 1334 2369 aeterna.
1359 2317 1419 2365 ut
1439 2318 1761 2379 cognoscant
1787 2318 1852 2373 te.
1880 2317 1931 2365 et
1948 2328 2110 2381 quem

507 2402 719 2455 misisti
731 2400 915 2453 Jesum
938 2400 1219 2455 Christum
1241 2401 1426 2471 (Joan.
1448 2401 1600 2470 xvn).
1618 2400 1749 2455 Ideo
1770 2399 1865 2454 ubi
1886 2400 1980 2454 ille
2002 2406 2105 2468 est,

510 2486 591 2542 ibi
619 2492 705 2543 est
730 2486 846 2541 vita
874 2492 931 2541 et
969 2486 1258 2542 beatitudo
1294 2493 1488 2542 nostra
1533 2487 1877 2554 abscondita,
1908 2504 2020 2542 non
2046 2493 2113 2543 ut

509 2575 671 2631 nobis
708 2575 1018 2645 denegatur
1048 2577 1131 2629 vel
1170 2577 1499 2643 occultetur,
1531 2577 1630 2631 sed
1658 2580 1722 2631 ut
1750 2576 1936 2647 potius
1976 2593 2110 2631 con-

512 2668 769 2719 servetur
795 2663 956 2718 nobis
986 2663 1053 2717 ad
1085 2664 1343 2718 salutem.

585 2753 721 2809 Cum
752 2753 1002 2809 Christus
1026 2756 1353 2822 apparuerit
1384 2757 1499 2807 vita
1533 2759 1730 2819 vestra,
1760 2752 2027 2808 subaudis
2054 2753 2111 2807 in

507 2840 718 2912 judicio
737 2840 1017 2912 gloriosus
1046 2846 1102 2895 et
1127 2840 1393 2912 fulgidus,
1426 2847 1559 2895 tunc
1586 2847 1635 2895 et
1663 2858 1753 2895 vos
1777 2843 2113 2910 apparebitis

514 2945 642 2984 cum
664 2932 781 2999 ipso
801 2933 866 2984 in
888 2932 1091 2997 gloria,
1112 2929 1343 3000 gloriosi
1366 2935 1421 2984 et
1440 2928 1655 3001 fulgidi,
1680 2929 1826 2985 sicut
1852 2930 1970 3002 ipse
1990 2947 2115 3001 pro—

512 3017 686 3075 misit.

2186 897 2557 951 immoderate
2600 893 2868 958 serviunt,
2901 907 3103 945 aurum
3147 906 3249 960 pro
3295 889 3411 943 Deo
3446 892 3749 942 venerantur

2190 987 2380 1053 (Ecod.
2423 987 2513 1051 xx)
2551 1001 2562 1037 :
2600 982 2731 1053 quia
2763 980 2908 1036 servi
2933 986 3065 1034 sunt
3097 978 3441 1033 divitiarum.
3481 975 3578 1030 Vel
3611 976 3747 1029 tertio

2189 1074 2354 1128 modo
2405 1071 2695 1126 avaritiam
2752 1067 3084 1123 idololatriae
3141 1064 3505 1136 comparavit,
3536 1068 3596 1117 ut
3639 1062 3749 1116 nihil

2186 1162 2476 1218 scelestius
2506 1150 2940 1215 demonstraret.
2972 1156 3151 1210 Radix
3194 1155 3346 1209 enim
3391 1153 3658 1206 malorum
3683 1157 3750 1205 est

2189 1250 2444 1317 avaritia,
2468 1249 2707 1325 ideoque
2732 1253 2925 1301 monet
2952 1245 3109 1299 illam
3139 1242 3294 1298 omni
3326 1241 3544 1296 ratione
3570 1238 3750 1308 fugien-

2189 1340 2340 1395 dam.

2263 1431 2488 1497 Propter
2515 1442 2634 1495 quae
2665 1423 2932 1487 tacinora,
2969 1422 3024 1476 id
3054 1426 3139 1477 est
3166 1420 3423 1492 superius
3444 1418 3609 1483 dicta,
3631 1418 3751 1470 venit

2189 1521 2281 1571 ira
2309 1519 2406 1572 Dei
2433 1531 2598 1584 super
2619 1516 2759 1581 ﬁlios
2784 1513 2878 1584 qui
2908 1511 3198 1582 perierunt
3216 1510 3275 1563 in
3295 1507 3503 1563 diluvio
3525 1514 3581 1561 et
3602 1505 3652 1558 in
3669 1505 3752 1558 So-

2184 1607 2350 1661 doma
2370 1604 2607 1675 aliisque
2636 1601 2972 1666 civitatibus,
2993 1606 3049 1654 et
3071 1615 3241 1670 super
3261 1597 3404 1652 ﬁlios
3432 1595 3753 1650 incredulita-

2190 1698 2276 1757 tis,
2310 1694 2367 1748 id
2396 1698 2482 1747 est
2510 1708 2682 1762 super
2708 1691 2804 1744 illa
2833 1694 3095 1744 sexcenta
3127 1687 3303 1742 millia
3336 1702 3459 1757 quae
3486 1685 3545 1738 in
3571 1683 3753 1737 deserto

2188 1788 2413 1837 mortua
2463 1785 2613 1844 sunt,
2661 1778 3112 1833 incredulitatem
3159 1776 3341 1830 cordis
3384 1773 3665 1836 habentes,
3703 1772 3753 1823 in

2190 1873 2409 1940 quibus,
2425 1869 2693 1924 subaudis
2710 1866 2971 1938 peccatis,
2984 1871 3033 1919 et
3047 1882 3136 1919 vos
3148 1866 3478 1919 ambulastis
3487 1859 3752 1930 aliquando

2188 1977 2317 2015 cum
2344 1961 2609 2024 viceritis,
2634 1961 2862 2027 peccato
2892 1960 3024 2009 ante
3054 1953 3242 2016 fidem,
3277 1957 3335 2006 et
3359 1951 3557 2006 essetis
3585 1945 3754 2003 mortui

2189 2049 2325 2115 Deo,
2359 2047 2455 2101 sed
2484 2062 2636 2100 nunc
2659 2046 2777 2115 jam
2808 2060 2920 2098 non
2950 2041 3287 2096 ambulatis:

2262 2138 2422 2191 Nunc
2441 2141 2623 2190 autem
2648 2135 2894 2201 deponite
2919 2136 2968 2185 et
2987 2148 3075 2185 vos
3102 2133 3315 2195 omnia,
3343 2124 3609 2183 subaudis
3625 2138 3756 2193 supeo

2192 2225 2308 2279 rius
2337 2224 2504 2289 dicta,
2537 2224 2622 2276 vel
2663 2238 2730 2277 ea
2770 2238 2893 2292 quae
2939 2225 3254 2290 sequuntur
3283 2232 3293 2265 :
3333 2220 3509 2284 iram,
3540 2214 3659 2286 quia
3688 2212 3755 2265 ira

2193 2314 2314 2379 viri,
2342 2311 2624 2383 justitiam
2646 2311 2748 2364 Dei
2773 2326 2881 2363 non
2914 2315 3213 2380 operatur;
3246 2298 3755 2373 indignationem,id

2194 2408 2281 2457 est
2302 2402 2476 2456 nolite
2497 2400 2779 2470 indignari
2800 2398 3133 2462 minoribus,
3160 2397 3207 2450 si
3229 2391 3684 2467 reprehendimini
3702 2387 3756 2442 ab

2191 2490 2322 2545 illis.
2355 2492 2651 2544 Μαιίιίαιη.
2686 2486 2902 2542 Malitia
2931 2492 3017 2541 est
3050 2486 3199 2539 mala
3228 2486 3505 2538 voluntas.
3540 2480 3757 2548 Btasphc-

2192 2582 2387 2645 miam,
2406 2578 2463 2632 id
2483 2583 2570 2632 est
2587 2576 2922 2631 derisionem
2944 2575 3003 2629 in
3025 2574 3203 2629 Deum
3225 2580 3282 2627 et
3302 2572 3609 2643 proximum
3631 2588 3643 2635 ;
3666 2573 3758 2620 tur-

2187 2683 2312 2737 pem
2342 2683 2667 2733 sermonem,
2699 2666 2757 2720 id
2786 2670 2874 2719 est
2897 2665 3140 2718 otiosum
3168 2661 3399 2717 verbum
3426 2660 3511 2714 vel
3542 2658 3759 2730 joculare

2193 2758 2256 2810 de
2285 2772 2376 2810 ore
2407 2762 2600 2822 vestro,
2633 2753 2900 2809 subaudis
2923 2752 3203 2824 deponite.

2266 2846 2445 2899 Nolite
2476 2847 2708 2898 mentiri
2739 2846 2969 2897 invicem
2993 2861 3008 2895 :
3033 2842 3212 2896 Omne
3234 2838 3582 2893 mendacium
3612 2852 3642 2888 a
3669 2833 3760 2887 dia-

2197 2933 2321 2987 bolo
2350 2944 2437 2988 est
2465 2952 2477 2987 :
2512 2933 2646 3003 quia
2672 2932 2791 3003 ipse
2820 2931 3056 2986 mendax
3081 2936 3185 2995 est,
3210 2935 3267 2983 et
3288 2935 3451 2999 pater
3477 2927 3609 2996 ejus,
3637 2924 3760 2977 ideo-

2196 3039 2306 3093 que
2335 3022 2435 3076 ﬁlii
2456 3021 2705 3076 veritatis
2729 3021 3016 3075 veritatem
3043 3019 3251 3073 debent
3277 3018 3431 3087 loqui
3450 3031 3571 3070 cum
3601 3011 3761 3083 proxi-

582 3108 906 3176 Mortiﬁcate
933 3124 1058 3176 ergo
1084 3110 1329 3163 membra
1358 3115 1556 3175 vestra,
1579 3107 1636 3162 id
1665 3111 1751 3162 est
1770 3106 1950 3161 malos
1976 3122 2113 3161 usus
2130 3075 2172 3137 Ο
2196 3111 2323 3177 mis,
2351 3114 2708 3181 erspoliantes
2736 3128 2821 3164 vos
2844 3116 3073 3164 veterem
3094 3108 3397 3161 hominem.
3416 3105 3663 3159 Veterem
3681 3101 3759 3155 ho-

514 3195 916 3254 membrorum.
932 3198 996 3251 In
1012 3196 1260 3268 Epistola
1278 3196 1347 3250 ad
1361 3196 1679 3251 Corinthios
1692 3195 2113 3251 multitudinem
2194 3200 2403 3254 minem
2432 3199 2678 3270 appellat
2696 3198 2787 3251 hic
2806 3196 3023 3251 Veteris
3049 3194 3294 3249 hominis
3313 3191 3756 3248 conversationem

511 3290 867 3358 peccatorum
889 3285 1138 3356 appellat
1152 3284 1470 3355 Apostolus,
1494 3301 1714 3355 corpus,
1739 3284 1932 3338 dicens
1950 3284 2030 3337 ita
2049 3292 2107 3337 ut

2200 3296 2247 3345 et
2280 3289 2467 3343 vitam.
2501 3289 2637 3353 Quae
2665 3292 2750 3341 est
2779 3284 3125 3340 conversatio
3148 3283 3347 3337 veteris
3367 3279 3638 3337 hominis?
3659 3277 3760 3333 inﬁ-

510 3375 836 3429 dcstruatur
852 3388 1048 3440 corpus
1063 3375 1271 3440 peccati
1283 3373 1450 3442 (Rom.
1468 3373 1563 3439 τι).
1584 3371 1744 3426 Sicut
1762 3372 1912 3425 enim
1934 3372 2107 3426 multa

2200 3379 2413 3442 delitas,
2445 3376 2843 3440 inobedientia,
2892 3372 3339 3444 concupiscentia
3370 3371 3537 3435 mala,
3567 3368 3753 3439 rapina,

513 3462 767 3517 membra
784 3461 998 3516 faciunt
1027 3476 1199 3514 unum
1229 3476 1451 3531 corpus.
1475 3460 1556 3513 ita
1583 3460 1763 3514 multa
1783 3465 2009 3531 peccata
2034 3461 2112 3514 fa—
2192 3466 2556 3531 adulterium,
2585 3465 2966 3526 homicidium,
2994 3469 3051 3516 et
3077 3467 3279 3517 caetera
3304 3460 3463 3514 talia.
3487 3457 3755 3526 Quousque

512 3550 669 3606 ciunt
686 3566 861 3605 unum
880 3548 1170 3619 corpusﬁd
1187 3553 1272 3602 est
1291 3564 1462 3602 unum
1484 3564 1786 3616 summam;
1807 3552 1865 3602 et
1884 3554 1970 3603 est
1987 3565 2113 3603 sen-
2194 3572 2327 3627 ergo
2357 3559 2656 3610 renovetur
2682 3554 2740 3608 in
2769 3553 3105 3625 baptismate
3134 3547 3604 3621 regenerationis:
3630 3560 3753 3598 sem-

514 3654 639 3695 sus:
663 3638 997 3694 Mortiﬁcate
1015 3635 1286 3703 membra,
1305 3636 1360 3691 id
1383 3643 1469 3691 est
1489 3637 1666 3692 malos
1686 3653 1822 3692 usus
1836 3636 2111 3692 membro-
2192 3661 2294 3717 per
2321 3644 2376 3698 in
2410 3648 2688 3702 vetustate
2730 3642 2857 3708 erit,
2909 3641 3040 3712 quia
3068 3638 3435 3711 originalibus
3463 3634 3686 3708 peccatis
3708 3637 3753 3685 et

514 3744 662 3793 rum,
681 3734 739 3782 et
758 3727 960 3780 malam
980 3725 1438 3780 conSuetudinem
1457 3726 1726 3798 peccandi
1737 3742 1838 3798 per
1851 3726 2102 3782 efficien-
2191 3733 2504 3788 actualibus
2534 3737 2759 3786 tenetur
2786 3730 3077 3785 obnoxius.
3108 3728 3215 3785 sed
3245 3727 3413 3782 debet
3436 3721 3684 3796 baptizari
3705 3724 3753 3774 et

513 3820 650 3882 tem,
672 3815 732 3869 id
756 3814 906 3885 «ιιιοά
925 3814 1184 3883 efﬂatur,
1208 3815 1527 3869 ostendens-
1548 3815 1745 3887 Neque
1769 3814 2022 3886 Ρΐεθοίρίῐ
2047 3819 2113 3870 ut
2190 3822 2426 3878 induere
2454 3837 2661 3875 novum
2691 3818 2997 3884 hominem,
3021 3817 3078 3870 id
3102 3821 3190 3871 est
3216 3832 3417 3870 novam
3443 3819 3687 3875 mentem,
3704 3813 3751 3863 et

512 3904 917 3961 mortificemus
957 3905 1147 3976 gladio
1184 3904 1459 3959 materiali
1507 3921 1709 3977 corpus
1750 3910 2005 3959 nostrum
2056 3910 2111 3959 et
2191 3927 2392 3965 novam
2421 3909 2548 3964 novi
2576 3908 2820 3962 hominis
2849 3906 3348 3962 conversationem.
3374 3904 3508 3968 Quae
3532 3905 3613 3955 est
3635 3912 3748 3951 con-

515 3993 994 4061 membranostra,
1012 3994 1109 4049 sed
1126 3994 2110 4065 peccata.'l‘uncenimmortiﬁcamus
2190 3999 2431 4055 versatio
2472 3997 2599 4052 novi
2640 3996 2917 4051 hominis?
2965 3996 3215 4050 Virtutes
3242 3992 3467 4058 sectari,
3500 3996 3555 4044 et
3591 3985 3747 4042 omnia

513 4083 769 4140 membra
780 4089 991 4149 nostra,
1005 4100 1131 4139 cum
1146 4083 1470 4137 desistimus
1484 4098 1741 4154 peccare:
1761 4088 1818 4137 et
1828 4083 1974 4154 quod
1988 4099 2111 4153 pec—
2190 4085 2336 4140 bona
2360 4086 2420 4139 in
2441 4101 2501 4139 se
2529 4083 2755 4138 habere.
2778 4084 2842 4138 Et
2872 4098 2943 4137 ne
2973 4088 3302 4153 putaremus
3324 4078 3477 4151 quod
3498 4074 3744 4131 hominem

514 4179 641 4229 cata
659 4174 719 4227 in
737 4172 900 4228 nobis
920 4172 1342 4237 mortiﬁcamus,
1367 4171 1527 4241 quasi
1541 4176 1629 4225 tot
1644 4170 1895 4226 membra
1912 4171 2111 4225 occidi-
2192 4175 2524 4230 exteriorem
2555 4173 2883 4244 praeciperet
2924 4170 3178 4226 renovari
3206 4169 3275 4222 ad
3313 4168 3548 4238 alicujus
3573 4163 3647 4218 rei
3684 4160 3745 4214 si-

514 4277 660 4328 mus,
682 4277 801 4330 qua
823 4265 953 4313 sunt
974 4274 1137 4326 super
1163 4264 1392 4323 terram,
1421 4259 1475 4311 id
1502 4263 1589 4313 est
1616 4258 1865 4329 quandiu
1894 4258 2026 4313 estis
2052 4259 2109 4314 in
2192 4260 2887 4332 militudinem,subjunxit
2910 4278 2920 4314 :
2949 4261 3087 4314 Eum
3107 4255 3623 4326 hominem,inquit,
3637 4266 3747 4323 pra-

515 4348 748 4404 mundo.
777 4350 1233 4401 Fornioationem.
1263 4347 1569 4400 Fornicarii
1597 4352 1731 4402 sunt
1752 4363 1878 4401 cum
1911 4348 2333 4448 puellisDcipio
2368 4333 2642 4416 renovari,
2664 4353 2763 4419 qui
2791 4354 3093 4403 renovatur
3116 4352 3176 4402 in
3201 4349 3542 4415 agnitionem
3572 4341 3659 4395 Dei
3680 4356 3744 4392 se-

514 4436 725 4502 liberis,
744 4440 844 4489 aut
858 4451 984 4489 cum
997 4436 1273 4505 jumento,
1288 4441 1385 4489 aut
1402 4435 1613 4506 aliquid
1629 4436 1761 4491 tale.
1775 4437 2109 4492 Adulterare
2127 4427 2175 4448 ³³
2190 4442 2437 4496 cundum
2463 4443 2764 4508 imaginem
2782 4443 2896 4507 ejus
2917 4441 3017 4506 qui
3035 4440 3237 4492 creavit
3257 4452 3405 4499 eum,
3430 4434 3484 4488 id
3504 4438 3586 4487 est
3601 4427 3748 4485 homi-

514 4541 647 4580 vero
671 4529 777 4590 est,
796 4522 1028 4577 alterius
1056 4530 1241 4577 torum
1271 4523 1496 4586 violare,
1523 4523 1582 4577 id
1606 4530 1694 4578 est
1720 4541 1849 4579 cum
1879 4525 2109 4579 alterius
2191 4546 2319 4584 nem
2348 4529 2671 4583 interiorem
2704 4545 2715 4578 :
2746 4527 2936 4581 anima
2966 4533 3023 4581 et
3051 4542 3208 4580 mens
3229 4541 3351 4595 quae
3380 4524 3449 4577 ad
3481 4520 3747 4592 imaginem

516 4631 705 4677 uxore,
730 4621 966 4669 autcum
984 4614 1099 4668 Deo
1119 4619 1497 4683 sacrata,quas
1516 4613 1616 4667 Dei
1636 4630 1777 4668 uxor
1792 4620 1891 4668 est.
1912 4616 2107 4669 Libidi-
2190 4618 2291 4674 Dei
2330 4620 2476 4672 tacta
2513 4624 2617 4681 est,
2665 4622 2878 4681 sancta,
2925 4617 3074 4687 iusta
3111 4621 3166 4668 et
3208 4612 3558 4668 rationabilis
3587 4616 3640 4664 et
3665 4608 3751 4661 im-

516 4721 661 4760 nem.
700 4702 897 4758 Omnis
926 4701 1333 4756 incontinentia
1357 4701 1528 4757 libido
1553 4703 1886 4773 appellatur.
1908 4705 2110 4758 Cuncu-
2193 4707 2526 4762 mortalitas.
2570 4707 2749 4760 Homo
2802 4710 2991 4759 autem
3029 4702 3288 4767 exterior,
3327 4702 3385 4756 id
3432 4707 3518 4755 est
3558 4711 3749 4768 corpus,

507 4792 1222 4865 piscentiammatamldeo
1237 4790 1375 4845 dicit
1392 4794 2111 4859 concupiscentiammalam
2191 4813 2303 4850 non
2334 4802 2419 4850 est
2446 4796 2516 4849 ad
2549 4794 2853 4865 imaginem
2874 4793 2976 4848 Dei
3004 4793 3206 4858 factus,
3230 4791 3362 4862 quia
3390 4792 3537 4847 Deus
3554 4787 3752 4861 spiritus

515 4883 649 4954 quia
669 4887 751 4937 est
783 4889 841 4936 et
863 4880 1312 4953 concupiscentia
1333 4879 1481 4933 bona
1498 4880 1567 4934 de
1587 4896 1699 4950 qua
1718 4879 1957 4935 dicitur:
1983 4879 2105 4945 Fili,
2192 4890 2294 4940 est.
2329 4885 2462 4939 Duae
2491 4890 2678 4938 autem
2712 4888 2844 4937 sunt
2872 4883 3278 4944 renovationes,
3322 4897 3436 4935 una
3473 4883 3752 4933 momenta-

516 4970 844 5041 concupiscc
877 4969 1409 5039 sapientiam,serva
1434 4968 1790 5037 mandatum;
1816 4974 1873 5022 et
1898 4986 1908 5020 :
1931 4968 2107 5039 Cupio
2190 4990 2313 5038 nea,
2342 4990 2464 5044 quae
2495 4973 2559 5027 iit
2586 4972 2644 5026 in
2674 4971 3028 5043 baptismate,
3062 4971 3242 5025 altera
3271 4986 3393 5042 quae
3423 4969 3486 5023 fit
3515 4962 3752 5039 quotidie,

517 5057 763 5123 dissolvi,
796 5062 854 5111 et
882 5073 1003 5111 esse
1030 5073 1156 5110 cum
1190 5058 1431 5112 Christo.
1467 5057 1933 5127 Concupiscentia
1961 5058 2109 5110 mala
2192 5063 2415 5134 quando
2444 5078 2545 5133 pro
2584 5062 2833 5116 studium
2884 5060 3106 5131 legendi
3150 5059 3469 5130 Scripturas
3496 5072 3670 5111 sacras
3701 5065 3755 5105 ea

515 5150 620 5211 est,
652 5149 915 5216 appetere
939 5145 1104 5198 mala.
1129 5145 1190 5197 Et
1214 5147 1518 5198 avaritiam
1540 5160 1658 5213 quae
1681 5149 1755 5197 est
1784 5147 2109 5199 simulaero-
2192 5147 2380 5201 studet
2405 5146 2721 5217 intelligere
2749 5146 2818 5199 de
2849 5144 2981 5207 Deo,
3015 5161 3137 5216 quae
3165 5149 3335 5198 antea
3370 5140 3675 5213 ignorabat,
3702 5150 3756 5188 ex

514 5248 647 5287 rum
671 5235 923 5286 servitus.
953 5232 1242 5297 Quomodo
1271 5238 1357 5286 est
1385 5232 1816 5288 simulacrorum
1845 5234 2101 5292 servitus.
2190 5252 2301 5306 quo
2325 5233 2571 5305 quotidie
2592 5251 2752 5288 mens
2775 5238 3093 5288 renovatur.
3117 5233 3309 5286 Potest
3330 5232 3451 5286 ﬁeri
3478 5231 3638 5285 etiam
3656 5231 3755 5279 ter-

513 5319 780 5376 avaritia?
810 5320 961 5387 Ideo,
983 5320 1115 5391 quia
1134 5320 1280 5377 sicut
1309 5320 1401 5376 ille
1419 5321 1591 5376 servit
1614 5320 1854 5384 diabolo,
1876 5321 1970 5393 qui
1989 5339 2111 5376 om-
2188 5324 2268 5378 tia
2289 5323 2573 5378 renovatio
2595 5328 2721 5394 post
2744 5323 2963 5393 lapsum
2985 5338 3086 5393 per
3112 5320 3520 5392 paenitentiam,
3545 5321 3603 5372 in
3621 5312 3755 5382 agni-

508 5407 816 5482 nipotentis
848 5407 951 5464 Dei
984 5409 1261 5463 culturam
1283 5414 1337 5463 et
1368 5408 1715 5479 religionem,
1736 5425 1859 5480 qum
1890 5409 1972 5464 illi
2001 5410 2105 5465 soli
2191 5415 2410 5479 tionem,
2435 5412 2489 5466 id
2522 5417 2608 5467 est
2632 5412 2703 5466 ad
2728 5411 3124 5483 cognitionem,
3152 5411 3457 5464 secundum
3483 5403 3752 5474 imaginem

508 5497 786 5564 convenit,
804 5502 863 5553 et
879 5496 1163 5568 singulare
1182 5513 1388 5553 nomen
1409 5502 1474 5553 ut
1496 5497 1645 5554 Deus
1668 5504 1913 5568 vocetur,
1930 5515 2103 5571 quan-
2184 5504 2302 5569 eius
2340 5504 2439 5571 qui
2471 5504 2676 5556 creavit
2704 5516 2850 5566 eum,
2883 5498 3015 5572 quia
3054 5500 3222 5554 homo
3246 5497 3318 5552 ad
3347 5496 3640 5568 imaginem
3668 5484 3752 5544 Dei

504 5593 630 5649 tum
655 5588 717 5649 in
743 5604 805 5647 se
833 5592 937 5658 est,
969 5585 1053 5645 illi
1089 5586 1293 5655 aufert,
1332 5591 1392 5644 et
1417 5586 1761 5646 dmmonibus
1804 5587 2099 5663 impendit,
2183 5587 2366 5646 factus
2395 5595 2498 5647 est.
