3966 6156
291 250 389 310 761
985 219 1364 323 sxrosrrlo
1403 269 1483 324 IN
1520 271 1676 328 EPP.
1719 271 1777 329 s.
1817 271 1866 326 Ρ.

1954 270 2053 326 lLI.
2098 298 2160 312 —
2200 270 2281 326 IN
2317 267 2540 324 EPIST.
2582 264 2679 320 AD
2718 261 2877 318 COL.
3458 254 3566 314 762

363 379 463 435 Ubi
492 398 605 436 non
644 389 719 437 est
761 388 985 452 gentilis
1024 394 1076 442 et
1113 390 1354 449 Judzus.
1401 393 1528 460 Ubi,
1580 395 1638 450 id
1690 401 1778 452 est
1826 396 2197 457 inAinomni
2224 393 2517 463 sapientia,
2550 389 2610 479 in
2648 389 2801 444 omni
2830 385 3088 442 doctrina
3110 384 3479 479 Evangelii,et
3498 383 3559 438 in

288 474 476 523 mente
510 471 750 526 hominis
768 473 864 527 ubi
884 481 970 530 est
997 476 1184 548 imago
1197 479 1317 544 Dei,
1342 497 1450 536 non
1490 485 1886 554 praejudicatur
1965 483 2076 538 ﬁde
2099 487 2306 538 sanctae
2328 478 2652 572 Trinitatis,
2672 480 2915 572 docentes
2943 479 3427 572 etdconimonentes
3440 476 3558 572 vos:

287 557 436 628 apud
466 558 645 614 Deum
677 578 841 618 sexus
864 565 951 619 vel
978 566 1244 633 conditio,
1277 576 1375 624 aut
1400 588 1600 642 genus,
1632 580 1731 628 aut
1759 591 1885 645 pro-
1965 576 2233 640 metipsos.
2271 568 2380 623 Vos
2410 568 2504 640 qui
2536 566 2908 662 sapientiores
2934 564 3086 662 estis,
3118 563 3314 662 docete
3342 561 3481 616 alios
3499 565 3557 661 et

287 645 486 713 vincia,
526 648 583 703 id
622 657 709 704 est
746 653 903 707 nulla
946 654 1216 727 distantia
1266 665 1353 713 est
1400 661 1687 717 hominum
1734 664 1882 734 apud
1963 665 2331 722 commonete,
2384 662 2555 729 atque
2602 654 2975 710 exhortamini
3029 668 3126 707 vos
3188 650 3445 713 invicem,
3496 650 3555 704 in

287 734 484 800 Deum.
521 738 655 808 quia
679 739 737 794 in
766 742 957 796 anima
994 760 1106 798 non
1136 752 1223 799 est
1240 763 1423 814 sexus,
1477 750 1583 805 nisi
1625 756 1879 806 tantum-
1956 753 2211 819 psalmis,
2245 744 2820 807 subaudisDavidicis,
2843 749 2891 797 et
2907 740 3340 812 hymnis.trium
3356 756 3555 810 puero-

286 823 453 877 modo
478 826 598 879 sola
624 826 771 882 bona
801 833 1146 887 conversatio
1177 850 1304 888 cum
1334 837 1441 891 ﬁde
1465 845 1620 893 recta
1638 841 1881 911 requiri-

287 915 414 965 tur:
450 915 732 971 Barbarus
761 923 809 971 et
836 919 1200 988 Scytha.Plus
1227 929 1312 978 est
1328 925 1487 979 nobis
1519 928 1724 1000 Scytha
1749 930 1883 985 alie-

286 1016 392 1054 nus
418 1018 586 1073 quam
616 1003 908 1062 barbarus.
933 1008 1211 1065 Barbarus
1223 1013 1498 1082 siquidem
1520 1017 1679 1072 nobis
1699 1024 1882 1089 potest

284 1104 405 1143 esse
432 1090 669 1160 quilibet
697 1096 859 1165 cujus
888 1096 1138 1167 linguam
1152 1097 1477 1170 ignoramus
1510 1122 1521 1158 :
1555 1106 1763 1177 Scytha
1784 1124 1880 1162 au-

284 1181 397 1232 tem
430 1179 639 1235 dicitur
665 1198 699 1235 a
727 1183 955 1255 Scythia
973 1187 1277 1257 provincia,
1312 1207 1434 1261 qum
1466 1198 1552 1246 est
1572 1200 1789 1250 remota
1807 1196 1879 1250 ad

280 1269 744 1348 septentriqnem,
766 1272 1079 1343 fulgoribus
1108 1276 1316 1347 rigens,
1337 1280 1587 1336 moribus
1614 1281 1875 1351 barbara,

278 1356 369 1410 sed
387 1360 582 1411 omnia
611 1365 660 1413 et
684 1363 747 1414 in
772 1365 1027 1417 omnibus
1060 1365 1328 1421 Christus.
1353 1368 1484 1423 Ideo
1516 1387 1627 1425 non
1658 1377 1744 1427 est
1762 1374 1881 1428 ulla

279 1442 615 1513 dilferentia,
659 1449 793 1519 quia
821 1451 1031 1514 omnia,
1055 1451 1326 1508 subaudis
1344 1459 1878 1525 generahominum

279 1532 552 1598 ﬁdelium,
575 1536 862 1592 Christum
891 1539 1100 1595 habent
1128 1547 1315 1613 caput,
1344 1551 1399 1598 et
1430 1544 1487 1600 in
1517 1548 1776 1604 omnibus
1804 1550 1876 1605 il-

276 1620 347 1675 lis
385 1628 475 1677 est
511 1624 785 1680 Christus.

1960 855 2087 895 rum
2112 845 2170 893 et
2197 837 2614 900 sanctorum,in
2633 835 2820 901 gratia
2845 836 3149 897 cantantes,
3165 828 3221 883 id
3240 834 3559 899 estsemper

1961 925 2180 981 reddite
2208 926 2324 980 Deo
2352 923 2582 995 gratias,
2617 904 2699 976 ita
2744 926 2809 975 ut
2835 917 2984 991 quod
3007 934 3103 972 ore
3129 915 3353 983 canitis,
3385 914 3555 971 corde

1962 1014 2310 1085 intelligatis,
2345 1019 2402 1067 et
2429 1028 2586 1066 mens
2615 1009 2914 1065 concordet
2950 1006 3088 1062 voci.

2034 1104 2203 1159 Omne
2232 1104 2590 1171 quodcunque
2614 1100 2803 1168 facitis
2832 1100 2897 1152 in
2919 1098 3096 1160 verbo,
3122 1095 3177 1149 id
3215 1100 3301 1149 est
3336 1094 3395 1148 in
3440 1093 3553 1148 do-

1959 1192 2164 1254 ctrina,
2193 1196 2294 1245 aut
2324 1193 2387 1244 in
2400 1205 2572 1258 opere,
2589 1186 2856 1243 subaudis
2889 1185 3100 1255 aliquo,
3124 1187 3186 1237 in
3212 1186 3433 1237 nomine
3452 1184 3554 1237 Do-

1960 1283 2109 1335 mini
2136 1283 2316 1335 nostri
2341 1281 2468 1333 Jesu
2490 1278 2722 1345 Christi,
2746 1274 2805 1329 in
2828 1271 3091 1328 omnibus
3116 1286 3339 1343 semper
3358 1270 3545 1325 dicite:

1958 1371 2099 1424 Deus
2119 1372 2183 1423 in
2209 1370 2562 1438 adiutorium
2599 1380 2785 1420 meum
2812 1362 3036 1418 intende
3079 1362 3249 1429 (Psal.
3288 1361 3456 1427 LXIX),
3496 1364 3553 1413 et

1958 1474 2183 1530 semper
2208 1473 2414 1513 nomen
2460 1454 2685 1511 Domini
2731 1453 3028 1516 invocato;
3067 1451 3282 1545 gratias
3333 1452 3552 1545 agentes

1958 1549 2063 1603 Deo
2091 1552 2143 1601 et
2174 1549 2331 1601 Patri
2354 1561 2454 1614 per
2478 1547 2683 1613 ipsum,
2708 1541 2768 1597 id
2795 1545 2881 1596 est
2914 1555 3015 1611 per
3059 1537 3347 1594 Christum
3372 1553 3383 1590 :
3419 1537 3553 1607 quia

1956 1637 2079 1708 ipse
2107 1640 2192 1690 est
2221 1633 2499 1689 mediator
2522 1637 2716 1688 noster
2751 1635 2809 1686 et
2834 1630 2894 1684 in
2920 1628 3032 1684 ﬁde
3070 1629 3193 1698 ejus
3242 1626 3550 1680 salvamur.

348 1710 546 1766 Sancti
571 1715 759 1769 dilecti
785 1732 959 1771 unum
990 1724 1093 1773 est.
1140 1722 1347 1775 Viscera
1380 1726 1787 1792 misericordiae,
1814 1707 1955 1784 idB‘
1986 1707 1997 1708 ί
2027 1728 2308 1792 Mulieres,
2337 1725 2564 1778 subditae
2592 1727 2751 1777 estote
2769 1722 2929 1783 viris,
2959 1721 3101 1772 sicut
3124 1720 3346 1786 oportet,
3372 1718 3436 1769 in
3453 1715 3554 1769 Do-

277 1804 365 1853 est
390 1800 812 1858 misericordem
845 1806 1444 1866 voluntatem.Viscera
1471 1812 1735 1869 dicuntur
1750 1816 1873 1873 ﬁlii.
1957 1818 2130 1870 mino.
2157 1815 2378 1881 Mulier,
2398 1821 2628 1885 propter
2645 1810 2889 1881 culpam,
2908 1807 3135 1863 subdita
3154 1810 3241 1861 est
3264 1804 3552 1868 viro,sicut

276 1886 478 1944 Viscus
507 1890 676 1946 etiam
694 1892 978 1963 signiﬁcat
1003 1897 1372 1969 singulariter
1392 1902 1873 1973 promptissimam
1957 1908 2178 1973 oportet,
2208 1907 2273 1957 in
2303 1900 2706 1969 Domino,sicut
2728 1896 2979 1970 pmcipit
2999 1893 3274 1950 Dominus
3299 1892 3359 1946 in
3374 1891 3553 1947 Gene-

275 1980 334 2030 et
361 1976 567 2032 bonam
587 1981 932 2038 voluntatem
964 2004 976 2053 ;
993 1987 1406 2055 benignitatem,
1432 1990 1487 2043 id
1509 1996 1595 2045 est
1609 2007 1873 2062 magnam
1956 1992 2022 2047 si:
2046 1993 2158 2049 Sub
2176 1994 2292 2046 viri
2302 1995 2557 2061 potestate
2576 1989 2888 2078 eris,etipse
2893 1985 3278 2078 dominabitur
3294 1984 3380 2035 tui
3395 1980 3549 2078 (θίηο

276 2069 334 2118 et
362 2064 567 2120 bonam
598 2070 973 2140 voluntatem;
997 2076 1337 2141 modestiam,
1362 2077 1419 2131 id
1447 2084 1534 2132 est
1555 2087 1876 2138 mansuetu-
1954 2086 2064 2149 III).
2099 2080 2163 2134 1n
2194 2078 2501 2151 primordio
2525 2075 2803 2167 siquidem
2818 2072 3126 2167 ﬁdelemnt
3146 2070 3336 2167 multa
3356 2066 3553 2167 mulie-

271 2152 464 2208 dinem
489 2175 501 2221 ;
529 2162 881 2227 patientiam,
905 2162 1176 2218 subaudis
1201 2164 1260 2219 in
1278 2166 1583 2222 tolerandis
1604 2170 1870 2227 adversis.
1953 2185 2064 2236 res,
2104 2186 2230 2240 quae
2257 2185 2318 2223 se
2346 2185 2517 2223 causa
2536 2164 2823 2237 religionis
2844 2160 3203 2255 abstinebant
3222 2157 3551 2255 aconsortio

347 2240 746 2312 Supportantes
783 2251 1038 2304 invicem.
1070 2252 1415 2324 Supportare
1463 2272 1566 2311 nos
1622 2260 1875 2332 praecipit
1956 2258 2310 2324 maritorum,
2335 2273 2474 2327 quas
2502 2254 2670 2344 modo
2684 2251 2992 2344 alloquituf
3013 2248 3315 2321 Apostolus
3334 2244 3550 2344 ξρεξξῖίθ·

272 2332 578 2401 Apostolus
616 2335 853 2391 invicem
886 2341 1199 2395 secundum
1247 2342 1412 2397 illud:
1463 2346 1621 2400 Alter
1640 2348 1874 2404 alterius
1955 2345 2105 2411 liter,
2135 2362 2208 2400 ne
2236 2353 2533 2417 propterea
2556 2342 2691 2414 quia
2717 2359 2752 2396 a
2779 2339 2930 2396 coitu
2944 2338 3193 2393 virorum
3221 2352 3281 2391 se
3310 2333 3553 2389 abstine-

273 2434 451 2474 onera
478 2427 718 2492 portate.
753 2426 921 2481 Verbi
949 2430 1135 2499 gratia
1158 2448 1170 2484 :
1200 2429 1304 2487 Ille
1331 2433 1428 2502 qui
1450 2435 1742 2490 continens
1762 2442 1866 2502 est,

1955 2433 2467 2498 bant,'resisterent
2485 2430 3001 2498 viris,rebellarent,
3012 2427 3128 2482 sive
3148 2426 3548 2498 repugnarent.

273 2513 333 2562 et
350 2515 439 2563 est
467 2511 587 2565 sine
617 2529 789 2569 uxore
819 2522 874 2570 et
902 2517 1051 2585 ﬁliis,
1087 2524 1144 2574 et
1170 2519 1418 2576 abundat
1448 2523 1653 2579 divitiis
1682 2524 1872 2581 bonis-
1956 2523 2114 2578 Sicut
2137 2522 2287 2577 enim
2316 2527 2513 2576 sancta
2538 2519 2783 2611 Ecclesia
2824 2517 3077 2589 ευδὶθοῖδ
3122 2520 3209 2570 θεῖ
3247 2528 3459 2611 sponsa
3495 2514 3555 2565 et

271 2611 384 2666 que
403 2602 829 2671 temporalibus,
855 2606 1192 2661 debetillum
1225 2609 1321 2680 qui
1345 2609 1698 2667 incontinens
1714 2619 1800 2669 est
1816 2619 1873 2669 et
1954 2610 2071 2666 viro
2097 2628 2200 2666 suo
2226 2610 2467 2671 Christo,
2498 2610 2578 2664 ita
2615 2607 2783 2664 debet
2809 2623 2933 2663 esse
2955 2618 3306 2676 unaquaeque
3327 2600 3549 2655 mulier-

269 2684 449 2741 habet
469 2704 698 2745 uxorem
731 2698 789 2747 et
815 2693 977 2760 filios,
1012 2703 1330 2753 sustentare
1359 2699 1405 2753 si
1433 2701 1738 2757 necessitas
1758 2703 1873 2758 fue-
1953 2699 2129 2755 Erant
2155 2699 2326 2754 etiam
2358 2698 2524 2753 multi
2552 2698 2675 2765 viri,
2717 2696 2812 2768 qui
2840 2694 3102 2750 similiter
3129 2687 3489 2746 abstinebant
3514 2702 3551 2740 a

270 2773 368 2828 rit.
388 2775 483 2830 Sic
512 2777 582 2832 de
601 2780 817 2836 caeteris
845 2784 1272 2841 necessitatibus
1294 2788 1723 2860 intelligendum
1744 2791 1869 2847 imi-
1951 2789 2103 2844 coitu
2130 2789 2215 2843 vel
2235 2788 2331 2860 qui
2360 2804 2486 2842 cum
2514 2787 2638 2841 aliis
2658 2783 2996 2878 mulieribus
3010 2780 3252 2878 coibant,
3282 2774 3552 2878 etnvel‘be-

269 2864 447 2918 tando
468 2881 678 2937 cervos,
700 2870 795 2941 qui
815 2876 1173 2929 transeuntes
1202 2892 1303 2947 per
1316 2877 1542 2948 aliquod
1571 2878 1775 2935 fretum
1797 2881 1868 2935 ad
1952 2877 2153 2933 rabant
2179 2893 2381 2931 uxores
2407 2892 2557 2942 suas,
2582 2892 2653 2931 ne
2692 2875 2802 2930 illas
2830 2872 3091 2928 similiter
3118 2885 3243 2924 cum
3274 2866 3399 2922 aliis
3420 2880 3547 2936 age-

267 2947 538 3021 insulam,
558 2963 658 3012 aut
683 2959 832 3015 ultra
854 2962 1104 3031 ﬂuvium,
1137 2947 1527 3023 sustentantur
1556 2975 1613 3022 et
1635 2986 1870 3041 suppor—
1895 3021 1935 3041 η
1951 2972 2097 3032 rent,
2132 2983 2234 3021 nec
2262 2965 2475 3037 aliquid
2499 2965 2773 3019 auderent
2809 2976 3165 3017 murmurare
3193 2961 3391 3013 contra
3421 2969 3539 3021 eos,

266 3043 469 3096 tantur
502 3045 572 3099 ad
594 3046 849 3113 invicem,
881 3056 1130 3107 mentum
1170 3071 1383 3127 ponens
1420 3072 1661 3127 sequens
1703 3037 1871 3130 super
1893 3037 2090 3127 Uquos
2120 3053 2382 3109 similiter
2407 3052 2731 3124 alloquitur.
3390 3133 3401 3145 .

268 3130 466 3233 clunes
489 3134 709 3205 prioris,
733 3143 790 3192 et
824 3139 1033 3195 lassato
1072 3143 1168 3214 qui
1222 3144 1379 3215 prior
1423 3144 1737 3215 incedebat,
1772 3149 1866 3204 dat

2035 3146 2167 3205 Viri,
2200 3144 2415 3211 diligite
2433 3158 2627 3197 uxores
2656 3145 2880 3204 vestras,
2910 3142 2959 3192 et
3011 3138 3179 3191 nolite
3212 3133 3401 3188 amari
3438 3145 3546 3185 esse

267 3216 455 3273 locum
486 3226 551 3276 ut
576 3227 845 3293 transeat,
878 3232 933 3281 et
958 3229 1079 3300 ipse
1099 3231 1486 3299 ponatiterum
1509 3241 1759 3291 mentum
1780 3254 1867 3292 su-
1950 3235 2025 3287 ad
2051 3235 2200 3300 illast,
2228 3232 2285 3286 id
2314 3236 2400 3287 est
2414 3231 2463 3285 Si
2489 3228 2874 3322 διιεῐίηθιίξβά
2899 3233 3126 3322 te“)???
3140 3240 3177 3322 ξι
3203 3222 3546 3322 coitﬁm“

268 3322 373 3376 per
395 3309 590 3365 clunes
616 3313 800 3368 ultimi
826 3334 838 3381 ;
870 3321 918 3370 et
949 3319 1234 3384 donantes,
1268 3319 1324 3374 id
1367 3325 1453 3375 est
1486 3321 1864 3394 indulgentes,
1950 3319 2239 3393 religionis
2262 3321 2346 3375 vel
2374 3320 2505 3392 quia
2547 3336 2676 3375 cum
2718 3318 2844 3374 aliis
2879 3313 3205 3408 concubitis,
3236 3310 3409 3408 nolite

266 3398 319 3448 si
332 3400 734 3463 quisadversus
750 3406 995 3473 aliquem
1009 3407 1564 3477 habetqueerelamdd
1579 3418 1665 3467 est
1678 3430 1867 3468 veram
1947 3416 2245 3483 propterea
2273 3409 2344 3464 ad
2366 3408 2800 3464 amaritudinem
2821 3420 3142 3478 provocem.
3171 3401 3282 3458 Sed
3310 3398 3543 3471 quaestio

266 3485 671 3543 causationem.
706 3491 875 3547 Verbi
906 3494 1093 3564 gratia
1125 3512 1137 3547 :
1190 3494 1441 3551 Abstulit
1477 3499 1615 3553 mihi
1662 3501 1866 3572 aliquis
1947 3500 2040 3555 hic
2058 3500 2257 3565 oritur,
2286 3514 2459 3570 quare
2478 3497 2778 3569 Apostolus
2792 3511 3024 3550 uxorem
3043 3490 3384 3562 diligendam
3404 3503 3543 3559 prae-

266 3588 477 3644 equum
500 3581 854 3648 meum,dum
869 3582 1204 3638 recordabar
1223 3585 1368 3656 quod
1393 3587 1663 3643 Dominus
1683 3589 1825 3644 dixit
1846 3609 1859 3646 ς
1945 3589 2095 3644 dicet
2118 3608 2130 3643 :
2153 3605 2282 3644 cum
2303 3587 2574 3643 Dominus
2592 3584 3059 3649 dicat:Qui...non
3079 3582 3537 3634 odit...ua:orem..

266 3660 325 3716 Si
347 3664 477 3733 quis
504 3665 801 3725 abstulerit
830 3688 953 3742 quae
982 3677 1081 3727 tua
1110 3677 1259 3739 sunt,
1303 3690 1374 3728 ne
1412 3680 1653 3747 repetas,
1686 3677 1862 3733 debeo
1945 3693 2058 3731 non
2066 3681 2238 3744 potest
2268 3692 2421 3729 meus
2437 3691 2544 3729 esse
2558 3674 2867 3742 discipulus
2891 3673 3074 3725 PlLuc.
3107 3668 3245 3738 Iuv).
3276 3665 3410 3730 Quae
3434 3664 3541 3737 hoc

264 3750 313 3804 ei
346 3751 656 3823 dimittere,
683 3758 764 3813 sic
791 3759 861 3815 de
886 3761 1040 3816 omni
1068 3778 1130 3817 re
1160 3768 1218 3816 et
1241 3763 1558 3818 commisso.
1591 3764 1863 3821 SicutDo-
1945 3764 2111 3819 modo
2136 3764 2390 3830 solvitur,
2421 3769 2485 3819 ut
2515 3766 2787 3834 quantum
2818 3760 2979 3853 nobis
2999 3756 3003 3760 ’
3025 3762 3188 3830 Pater
3221 3760 3288 3853 fit
3333 3758 3535 3853 mai“:

264 3844 463 3896 minus
490 3845 718 3902 donavit
745 3850 909 3913 vobis,
939 3852 1021 3905 ita
1050 3857 1097 3905 et
1127 3868 1232 3906 vos.
1266 3851 1424 3908 Sicut
1469 3853 1725 3910 Christus
1765 3856 1862 3927 qui
1943 3854 2120 3908 frater
2145 3858 2316 3924 atque
2345 3868 2487 3907 uxor
2512 3868 2613 3924 per
2649 3850 3041 3921 cognationem
3081 3845 3266 3902 carnis
3295 3844 3535 3915 proximi

262 3944 394 3983 cum
424 3948 538 3987 non
566 3934 797 3993 haberet
835 3939 984 4011 quod
1012 3939 1062 3993 ei
1091 3940 1491 4010 dimitteretur,
1524 3942 1738 3999 dimisit
1766 3962 1863 4000 no-
1942 3948 2095 4009 sunt,
2122 3941 2424 4012 diligamus
2451 3957 2569 4009 eos,
2600 3945 2657 3994 et
2682 3940 2741 3994 in
2769 3943 3046 4010 quantum
3089 3934 3251 3991 nobis
3278 3933 3539 3987 adversa-

263 4015 349 4072 bis
379 4022 571 4075 omnia
601 4031 826 4094 peccata
852 4028 911 4081 in
951 4027 1306 4101 baptismate,
1341 4030 1423 4085 ita
1465 4036 1523 4086 et
1549 4049 1651 4087 nos
1674 4034 1864 4089 dimit-
1944 4031 2059 4087 rios
2082 4031 2141 4086 in
2171 4029 2260 4085 via
2282 4031 2383 4085 Dei
2426 4028 2816 4100 cognoscimus
2863 4043 3006 4092 esse,
3036 4021 3275 4081 odiendo
3324 4019 3537 4074 malum

264 4114 459 4164 tamus
487 4113 739 4182 proximo
766 4115 825 4169 in
863 4133 964 4171 nos
994 4120 1264 4189 peccanti,
1300 4120 1397 4191 qui
1426 4120 1700 4178 habemus
1712 4123 1861 4194 quod
1945 4137 2161 4187 eorum,
2193 4125 2251 4175 et
2277 4119 2544 4190 fugiendo
2576 4118 2914 4207 nesciamus.
3189 4201 3200 4207 ῃ
3286 4205 3290 4207 Δ
3445 4204 3453 4207 Δ
3497 4196 3509 4207 .

263 4196 428 4252 nobis
458 4199 778 4257 dimittatur
806 4209 863 4258 et
889 4222 923 4259 a
952 4206 1066 4261 Deo
1095 4212 1152 4262 et
1177 4224 1212 4262 a
1240 4210 1510 4279 proximo.
2014 4212 2167 4278 Filii,
2208 4211 2412 4263 obedite
2450 4208 2789 4277 parentibus,
2820 4206 2880 4261 id
2924 4210 3011 4260 est
3059 4201 3207 4276 patri
3243 4205 3303 4256 et
3343 4196 3534 4261 matri,

332 4285 518 4355 Super
542 4295 733 4346 omnia
747 4299 933 4347 autem
948 4296 1057 4350 hac
1074 4296 1332 4367 superius
1345 4298 1513 4365 dicta,
1534 4299 1861 4355 charitatem
1877 4377 1922 4390 ﬁ
1939 4316 2041 4371 per
2083 4303 2295 4367 omnia,
2338 4297 2604 4353 Sllballdis
2641 4295 2927 4390 quispim
2965 4295 3206 4390 placent.
3243 4290 3304 4346 Si
3346 4293 3539 4390 autem

266 4378 476 4448 habete,
508 4384 651 4449 quod
695 4390 768 4438 est
820 4388 1110 4441 vinculum
1161 4390 1534 4456 perfectionis.
1558 4377 2310 4461 VinculumDprameperint
2340 4387 2496 4442 vobis
2541 4386 2925 4449 homicidium,
2972 4383 3206 4447 furtum,
3255 4378 3535 4452 rapinam.

262 4467 412 4522 enim
443 4469 796 4539 perfectionis
825 4478 912 4527 est
938 4474 1199 4542 Charitas,
1224 4475 1356 4547 quia
1375 4492 1475 4548 per
1495 4477 1650 4532 illam
1671 4479 1859 4534 omnia

261 4552 409 4610 bona
444 4556 695 4628 ligantur
721 4577 793 4615 ne
820 4569 1089 4634 pereant;
1132 4563 1212 4618 sic
1236 4564 1404 4619 homo
1432 4581 1533 4638 pro
1565 4565 1859 4622 dilectione

262 4643 363 4700 Dei
394 4651 454 4700 et
485 4648 719 4718 proximi
749 4651 939 4706 omnia
980 4652 1129 4723 agit:
1162 4653 1313 4707 unde
1350 4654 1559 4709 dicitur
1609 4655 1854 4725 dilectio,

262 4735 395 4806 quia
423 4736 537 4791 duo
560 4738 813 4794 homines
842 4740 1000 4812 ligat,
1027 4741 1113 4796 vel
1144 4741 1427 4797 hominem
1453 4748 1510 4798 et
1536 4744 1716 4800 Deum
1739 4763 1752 4812 ;
1793 4749 1859 4800 in

259 4840 390 4892 qua,
414 4824 684 4882 subaudis
703 4845 839 4899 pace
865 4830 952 4885 vel
977 4829 1272 4897 charitate,
1305 4835 1481 4886 vocati
1499 4836 1625 4887 estis
1652 4836 1714 4888 in
1746 4850 1858 4889 uno

260 4926 505 4983 comere,
524 4918 586 4968 ut
602 4931 776 4972 unum
800 4933 1003 4989 corpus
1021 4918 1231 4973 Christi
1256 4919 1395 4985 sitis,
1429 4926 1479 4975 et
1501 4924 1655 4989 grati
1673 4927 1853 4986 estote,

258 4997 313 5052 id
342 5007 430 5056 est
454 5003 691 5071 gratiosi
720 5010 900 5061 estote
925 5012 983 5061 et
1005 5008 1217 5080 accepti
1240 5014 1356 5062 tam
1382 5008 1497 5063 Deo
1547 5026 1717 5081 quam
1754 5010 1859 5066 ho-

262 5088 531 5144 minibus.

333 5178 404 5232 Et
428 5181 654 5235 uerbum
683 5183 910 5250 Christi,
939 5183 998 5239 id
1010 5190 1098 5239 est
1115 5185 1435 5256 evangelica
1466 5186 1740 5255 doctrina,
1757 5190 1858 5243 ha-

264 5265 343 5320 bet
366 5270 427 5321 in
456 5269 620 5336 vobis,
648 5270 705 5326 id
732 5278 819 5327 est
846 5272 905 5327 in
942 5274 1127 5340 corde,
1171 5290 1285 5341 ore,
1328 5280 1386 5329 et
1433 5292 1601 5347 opere
1647 5281 1853 5343 vestro,

262 5359 313 5407 et
333 5370 451 5423 pax
465 5356 675 5412 Christi
696 5364 941 5425 exsultet,
964 5361 1041 5417 ita
1056 5362 1229 5418 etiam
1252 5379 1371 5426 vos,
1387 5362 1444 5418 in
1469 5368 1742 5435 quantum
1759 5365 1860 5421 hu-

263 5457 434 5499 mana
460 5445 732 5518 fragilitas
752 5453 940 5521 potest
964 5467 1204 5517 servare,
1247 5451 1369 5507 sine
1393 5453 1607 5524 peccati
1637 5454 1859 5511 macula

264 5539 575 5604 manentes,
608 5541 674 5593 ut
699 5537 957 5595 habeatis
984 5539 1043 5596 in
1075 5540 1228 5598 vobis
1256 5540 1529 5615 Spiritum
1574 5546 1852 5613 sanctum,

1941 4481 2043 4531 aut
2063 4475 2276 4546 aliquid
2305 4476 2417 4531 tale
2454 4480 2802 4547 perpetrare,
2825 4474 3000 4529 nolite
3029 4471 3256 4527 obedire
3275 4469 3407 4524 illis.
3431 4468 3540 4523 Hoc

1940 4567 2094 4619 enim
2115 4567 2389 4634 placitum
2418 4570 2494 4620 est
2523 4568 2587 4618 in
2607 4566 2860 4629 Domino,
2884 4562 3155 4618 subaudis
3183 4566 3248 4615 ut
3263 4556 3538 4614 obediatis

1943 4652 2043 4708 eis.
2070 4653 2291 4724 Patres,
2326 4654 2501 4709 nolite
2529 4654 2601 4708 ad
2655 4651 3003 4707 iracundiam
3043 4664 3344 4722 provocare
3389 4645 3535 4700 ﬁlios

1939 4747 2175 4810 vestros,
2208 4747 2271 4799 ut
2299 4758 2411 4798 non
2440 4742 2645 4814 pusillo
2673 4740 2864 4795 animo
2890 4740 3051 4805 ﬁant,
3083 4737 3142 4793 id
3173 4742 3259 4792 est
3305 4741 3370 4790 ut
3421 4750 3535 4790 non

1939 4831 2251 4903 exasperati
2277 4848 2312 4885 a
2358 4830 2513 4886 vobis
2557 4831 2699 4885 ﬂant
2739 4827 3013 4891 iracundi,
3044 4827 3102 4882 id
3141 4831 3226 4881 est
3268 4826 3417 4881 leves
3462 4824 3533 4879 ad

1938 4920 2310 4989 irascendum,
2352 4920 2450 4976 sed
2490 4925 2672 4974 vestro
2717 4917 2971 4989 exemplo
3005 4916 3223 4972 discant
3266 4931 3389 4972 esse
3436 4930 3533 4987 pa-

1939 5009 2162 5065 tientes.

2010 5099 2187 5168 Servi,
2215 5101 2417 5155 obedite
2445 5099 2687 5153 dominis
2719 5113 2821 5168 per
2867 5100 3077 5165 omnia,
3107 5096 3377 5154 subaudis
3409 5113 3536 5170 quae

1938 5187 2058 5242 Deo
2086 5204 2201 5243 non
2218 5187 2536 5259 displicent.
2570 5187 2727 5242 Servi
2767 5203 2881 5243 non
2927 5194 3062 5244 sunt
3101 5204 3204 5260 per
3244 5193 3532 5252 naturam,

1940 5277 2038 5333 sed
2057 5293 2159 5348 per
2176 5277 2397 5348 culpam
2417 5281 2474 5330 et
2493 5282 2725 5349 propter
2743 5282 3052 5350 peccatum,
3077 5277 3222 5334 sicut
3240 5277 3529 5343 Chanaan,

1939 5366 2089 5422 ﬁlius
2109 5365 2305 5421 Cham.
2333 5364 2571 5438 PrOpter
2587 5371 2878 5438 peccatum
2898 5367 3047 5422 enim
3068 5367 3223 5422 venit
3238 5365 3532 5438 captivitas

1939 5460 1998 5511 et
2033 5471 2134 5527 per
2163 5453 2545 5527 captivitatem
2560 5454 2995 5512 servitus.Unde
3014 5454 3097 5512 illi
3124 5455 3221 5527 qui
3235 5452 3534 5511 servaban:

1936 5548 2032 5602 tur
2059 5542 2130 5600 ab
2155 5543 2429 5612 hostibus,
2461 5560 2497 5600 a
2518 5545 2790 5602 servando
2819 5544 2956 5602 dicti
2967 5550 3102 5603 sunt
3118 5542 3347 5610 servi,et
3364 5557 3526 5599 man-
