3966 6156
495 299 600 362 763

914 305 1293 362 HAYMONIS
1329 305 1821 364 HALBERSTAT.
1862 305 2083 362 EPISC.

2173 306 2290 364 'PP.
2331 306 2516 363 PARS
2552 307 2597 361 ι.
2640 338 2703 350 .-
2741 284 3115 366 οόΜΜΕΝΤ.
3156 307 3335 365 BIBL.

3601 315 3685 372 764

494 428 643 500 cipia
663 429 823 501 quasi
851 445 1022 484 manu
1043 436 1229 500 capta,
1256 430 1388 501 quia
1408 429 1670 484 manibus
1699 430 2082 501 capiebantur;
2101 431 2345 492 Avendo
2375 436 2433 486 et
2461 436 2611 486 recte
2663 431 2942 502 loquendo
2989 431 3284 486 lucrantes.
3313 434 3536 506 Tempus
3571 439 3692 492 enim

497 528 610 571 non
638 520 712 572 ad
738 521 959 573 oculum
983 523 1289 574 servientes.
1324 521 1422 574 Ille
1449 520 1517 574 ad
1550 520 1770 574 oculum
1793 519 2087 590 servit,qui

496 604 650 662 aliud
672 607 731 662 in
760 614 972 662 secreto
1001 610 1137 678 agit,
1163 615 1220 663 et
1238 609 1296 663 in
1333 609 1632 680 praesentia
1660 610 1886 663 Domini
1922 609 2090 663 servi-

494 694 638 750 tium
667 697 850 768 explet
870 698 1119 768 quolibet
1145 699 1343 752 modo:
1376 699 1605 753 absente
1635 705 1823 752 autem
1856 698 2090 764 illo,non

499 789 658 839 curat
679 784 746 839 de
765 785 1013 840 utilitate
1043 786 1227 840 illius:
1267 789 1356 840 sed
1386 791 1446 840 in
1487 789 1840 856 simplicitate
1887 789 2085 851 cordis,

492 873 554 928 id
599 879 686 928 est
712 889 824 928 non
870 875 1076 946 duplici
1127 875 1334 941 animo,
1361 892 1542 946 neque
1583 877 1733 930 mala
1778 877 2086 941 voluntate,

493 965 635 1018 sicut
662 965 915 1029 Domino,
958 969 1006 1018 et
1025 981 1136 1018 non
1169 966 1715 1019 hominibus.Servus
1747 965 1840 1036 qui
1865 983 1966 1036 pro
1994 965 2093 1019 Dei

492 1067 685 1106 amore
713 1052 952 1106 Domino
1003 1053 1309 1107 carnaliter
1342 1054 1534 1118 servit,
1577 1070 1810 1125 sperans
1856 1071 1916 1108 se
1962 1054 2092 1109 inde

491 1141 807 1196 mercedem
834 1147 1196 1214 recepturum
1225 1159 1258 1195 a
1288 1143 1424 1207 Deo,
1454 1144 1595 1197 illud
1643 1143 1929 1197 servitium
1979 1159 2092 1197 non

492 1229 727 1296 homini,
760 1231 856 1285 sed
879 1232 995 1284 Deo
1025 1231 1335 1302 impendit:
1369 1233 1607 1303 ideoque
1636 1233 1947 1287 mercedem
1964 1233 2094 1286 licet

490 1319 560 1374 ab
587 1319 683 1374 illo
714 1335 827 1374 non
853 1319 1089 1388 recipiat
1105 1326 1458 1390 praesentem,
1482 1327 1675 1374 tamen
1701 1337 1812 1375 non
1841 1321 2008 1376 debet
2032 1338 2092 1376 se

490 1423 526 1462 a
554 1408 779 1463 servitio
806 1407 1137 1463 subtrahere
1163 1427 1175 1475 ;
1201 1411 1842 1463 retributionenwlernae
1867 1411 2090 1464 haeredi-

2170 519 2275 574 sibi
2304 521 2550 584 redimit,
2577 521 2671 591 qui
2699 537 2860 574 suam
2885 520 3188 574 utilitatem
3218 521 3275 575 in
3316 521 3405 576 illo
3454 532 3691 595 operatur.

2240 610 2432 665 Sermo
2459 614 2630 664 vester
2655 625 2864 678 semper
2893 612 2954 662 in
2989 612 3176 677 gratia
3199 613 3305 664 sale
3324 614 3392 664 sit
3417 615 3698 677 conditus,id

2172 704 2277 764 est,
2303 703 2368 754 ut
2389 715 2612 770 semper
2627 697 2869 769 gratiam
2899 704 2956 752 et
2987 699 3281 752 utilitatem
3305 707 3512 770 praestet
3525 703 3701 757 audito-

2174 788 2347 855 ribus,
2379 793 2437 842 et
2461 787 2744 858 gratiosus
2769 787 2843 841 sit
2866 787 3128 842 omnibus
3153 808 3165 854 ;
3192 794 3249 842 et
3274 788 3414 844 sicut
3438 791 3515 844 sal
3545 792 3702 846 condi-

2175 882 2428 933 mentum
2450 882 2680 949 przestat
2697 875 2955 931 omnibus
2969 877 3216 943 escis,ita
3240 884 3294 932 et
3312 879 3402 933 ille
3423 888 3703 934 cunctorum

2175 972 2392 1022 mentes
2433 967 2676 1027 condiat,
2734 972 2796 1020 ut
2842 969 3030 1019 sciatis
3075 969 3336 1034 quomodo
3374 974 3590 1035 oporteat
3636 987 3705 1023 vos

2173 1059 2478 1126 unicuique
2495 1057 2831 1124 respondere,
2862 1055 2920 1109 id
2940 1061 3025 1109 est
3041 1056 3317 1126 quomodo
3346 1057 3710 1128 haeretico,quo-

2174 1146 2341 1202 modo
2370 1145 2705 1210 Christiano,
2739 1149 2799 1198 ut
2825 1145 2872 1198 si
2895 1160 2989 1198 vos
3006 1145 3708 1215 interrogaverithaereticus,

2174 1235 2453 1306 quomodo
2472 1233 2977 1304 respondeatis,vos
2997 1235 3223 1288 credere
3239 1234 3297 1288 in
3313 1236 3481 1289 Deum
3502 1237 3706 1300 Patrem,

2175 1329 2232 1378 et
2249 1324 2474 1389 Filium,
2509 1331 2568 1377 et
2595 1323 2866 1394 Spiritum
2891 1329 3170 1389 sanctum,
3201 1329 3259 1378 et
3281 1324 3366 1378 his
3394 1323 3561 1378 tribus
3577 1325 3712 1378 trini-

2173 1418 2350 1468 tatem
2377 1413 2586 1468 habere
2608 1413 2665 1466 in
2688 1412 2958 1483 personis,
2988 1418 3045 1466 et
3074 1413 3351 1467 unitatem
3371 1413 3427 1468 in
3447 1412 3713 1468 substantia

495 1499 645 1564 talis,
671 1497 730 1552 id
751 1501 840 1551 est
859 1502 1124 1552 aeternam
1147 1497 1593 1553 retributionem.
1625 1500 1856 1552 Domino
1875 1499 2090 1554 Christo
2171 1507 2229 1558 et
2257 1503 2554 1557 Dominum
2582 1503 2775 1556 Jesum
2805 1501 3110 1569 Christum,
3131 1517 3326 1556 verum
3355 1502 3523 1556 Deum
3555 1507 3606 1557 et
3636 1519 3707 1557 ve-

493 1587 710 1654 servite,
732 1585 863 1640 licet
889 1585 1208 1640 hominibus
1245 1587 1553 1658 temporale
1602 1587 1888 1641 servitium
1939 1587 2090 1642 exhi-
2172 1608 2299 1647 rum
2323 1591 2608 1647 hominem
2630 1605 2778 1647 esse:
2801 1591 3060 1646 similiter
3087 1596 3146 1645 et
3172 1591 3482 1647 Christiano
3517 1598 3593 1646 est
3616 1607 3711 1646 res-

492 1671 692 1740 beatis,
725 1678 916 1728 tamen
949 1689 1052 1745 pro
1090 1689 1282 1729 amore
1313 1675 1522 1730 Christi
1559 1675 1698 1729 illud
1731 1674 1978 1746 implete.
2111 1752 2132 1753 η
2171 1681 2552 1753 pandendum.

563 1764 672 1831 Qui
699 1767 852 1817 enim
883 1767 1160 1832 iniuriam
1188 1765 1349 1832 facit,
1374 1765 1431 1819 id
1474 1770 1560 1820 est
1605 1766 1650 1820 si
1687 1765 1958 1820 Dominus
2005 1765 2088 1820 in-
2107 1752 2154 1812 Β
2179 1752 2186 1753 ἢ
2244 1770 2369 1837 Quae
2399 1773 2546 1826 circa
2561 1787 2644 1826 me
2657 1777 2788 1826 sunt
2817 1770 3056 1834 vincula,
3081 1787 3401 1842 carcerque,
3421 1775 3594 1826 omnia
3609 1777 3711 1825 nota

488 1851 640 1922 juste
669 1851 872 1922 afﬂigit
895 1868 1119 1907 servum
1143 1859 1200 1908 et
1216 1870 1329 1908 non
1357 1854 1540 1909 reddit
1561 1855 1612 1909 ei
1635 1855 1861 1926 dignam
1883 1871 2087 1910 merce-
2169 1861 2332 1928 faciet
2361 1862 2506 1915 vobis
2539 1861 2821 1930 Tychicus.
2850 1861 2962 1914 Iste
2982 1861 3316 1931 praedicator
3344 1865 3461 1915 erat
3474 1861 3714 1916 Colossen-

493 1940 642 2006 dem,
672 1940 1091 1995 damnationem
1114 1943 1246 1997 inde
1265 1943 1551 2014 suscipiet.
1595 1944 1663 1998 Et
1686 1943 1733 1998 si
1759 1960 1954 1998 servus
1973 1943 2090 1998 fue-
2170 1949 2336 2018 sium,
2369 1950 2751 2017 charissimus,
2778 1949 3046 2004 subaudis
3080 1949 3137 2003 in
3166 1950 3437 2021 ﬁde,quia
3453 1948 3714 2004 uniusﬁdei

491 2028 568 2083 rit
596 2029 836 2084 furtivus
865 2036 922 2083 et
950 2031 1019 2085 de
1045 2031 1270 2086 servitio
1300 2032 1524 2086 Domini
1544 2049 1605 2087 se
1636 2032 1697 2088 in
1741 2033 1932 2104 aliquo
1963 2033 2090 2087 sub-
2171 2056 2384 2105 sumus,
2426 2041 2703 2105 minister,
2734 2039 3001 2094 subaudis
3042 2040 3328 2110 Evangelii
3371 2038 3714 2110 praedicatione

490 2119 746 2185 traxerit,
767 2119 937 2173 etiam
957 2119 1090 2174 inde
1119 2121 1500 2176 damnabitur.
1526 2123 1618 2177 'Ne
1647 2123 1792 2176 servi
1843 2123 2035 2177 dicant
2072 2141 2084 2177 :
2171 2134 2220 2183 et
2247 2144 2536 2184 conversus
2562 2127 2620 2182 in
2674 2127 2884 2194 labore,
2941 2128 3073 2199 quia
3119 2128 3290 2182 simul
3345 2127 3637 2182 laboramus
3670 2126 3716 2180 in

491 2205 607 2262 Nos
636 2208 733 2280 qui
761 2209 910 2263 servi
931 2225 1126 2264 sumus
1153 2226 1266 2264 non
1288 2211 1634 2267 merebimur
1659 2213 1848 2267 venire
1877 2213 1947 2266 ad
1968 2212 2089 2282 glo-
2173 2217 2568 2290 praedicatione
2595 2223 2644 2271 et
2673 2220 3021 2271 consolentur
3045 2218 3426 2272 consolatione
3453 2217 3603 2270 corda
3627 2232 3715 2268 ces-

491 2295 635 2352 riam
664 2303 986 2353 sanctorum
1011 2317 1022 2352 :
1075 2299 1212 2353 dicit
1248 2302 1548 2371 Apostolus
1573 2319 1584 2354 :
1630 2303 1751 2356 Non
1789 2307 1863 2356 est
1901 2317 2088 2370 perso-
2173 2312 2282 2374 tra,
2312 2305 2369 2359 id
2398 2310 2484 2360 est
2506 2321 2606 2360 suo
2637 2305 2880 2359 adventu
2909 2310 2967 2358 et
2997 2321 3122 2358 meo
3147 2305 3422 2376 exemplo,
3445 2309 3506 2358 ut
3531 2319 3628 2356 non
3643 2301 3717 2355 de-

496 2401 704 2441 narum
731 2390 965 2456 acceptio
991 2390 1140 2457 apud
1168 2390 1361 2456 Deum,
1381 2390 1440 2444 id
1457 2396 1562 2456 est,
1591 2390 1638 2444 si
1663 2390 1924 2446 dominus
1943 2391 2088 2445 male
2168 2395 2369 2450 ﬂciatis
2394 2395 2452 2449 in
2479 2395 2608 2458 ﬁde,
2633 2394 2730 2448 sed
2746 2394 2932 2465 potius
2952 2393 3399 2460 consolidemini,
3427 2398 3488 2448 ut
3500 2393 3542 2446 si
3567 2407 3716 2446 neces-

492 2476 688 2546 egerit,
719 2482 784 2531 et
808 2493 1000 2532 servus
1023 2477 1184 2546 bene,
1207 2478 1470 2536 dominus
1490 2479 1869 2549 damnabitur,
1894 2486 1952 2536 et
1974 2497 2089 2539 ser-
2169 2484 2306 2540 sitas
2335 2484 2522 2550 fuerit,
2553 2484 2691 2538 talia
2720 2484 2998 2545 sustinere
3042 2484 3291 2554 possitis,
3339 2482 3522 2554 qualia
3559 2487 3610 2535 et
3639 2495 3718 2550 ego

488 2565 1032 2638 vusgloriﬁcabitur.

1107 2712 1340 2769 CAPUT
1383 2711 1478 2768 IV.

565 2839 806 2905 Domini,
849 2841 993 2907 quod
1008 2842 1230 2908 justum
1265 2842 1339 2892 est
1367 2843 1418 2892 et
1455 2853 1694 2907 aequum,
1739 2842 1910 2892 servis
1950 2853 2090 2907 pra:-

488 2929 643 2992 state,
678 2925 735 2980 id
762 2931 848 2981 est
873 2927 1048 2982 nolite
1077 2933 1270 2982 tenere
1300 2943 1394 2982 eos
1419 2932 1484 2981 ut
1529 2943 1734 2990 servos,
1767 2927 1864 2982 sed
1910 2933 2088 2983 estote

489 3011 572 3068 eis
599 3019 665 3068 ut
692 3019 879 3085 patres
906 3031 920 3071 :
951 3017 1084 3088 quia
1111 3016 1240 3071 inde
1270 3015 1536 3088 appellati
1565 3021 1701 3071 sunt
1740 3016 2089 3087 patresfami-

2171 2573 2422 2628 sustineo
2453 2588 2582 2626 cum
2623 2572 2874 2628 Onesimo
2917 2573 3262 2626 charissima.
3290 2572 3396 2626 Hic
3443 2568 3718 2626 ostenditur

2169 2662 2556 2717 Philomenem
2584 2661 2972 2716 Colossensem
3001 2661 3172 2716 fuisse
3201 2661 3493 2716 dominum
3512 2655 3721 2715 Onesimi

2170 2756 2228 2807 et
2277 2751 2460 2822 ipsum
2514 2750 2859 2817 Onesinum;
2911 2755 3042 2804 nota
3081 2750 3245 2817 faciet
3290 2750 3458 2815 vobis,
3493 2743 3719 2803 subaudis

2168 2840 2444 2912 Tychicus
2473 2844 2532 2894 et
2550 2839 2870 2894 Onesimus.

2241 2929 2462 2984 Salutat
2507 2945 2596 2982 vos
2635 2928 3011 2982 Aristarchus.
3048 2926 3412 2982 Aristarchus
3456 2923 3722 2995 discipulus

2169 3018 2275 3073 fuit
2298 3017 2448 3072 beati
2473 3017 2635 3072 Pauli
2655 3023 2712 3071 et
2740 3033 2926 3071 comes
2967 3016 3025 3069 in
3056 3016 3472 3086 praedicatione,
3494 3014 3722 3082 concepti-

486 3101 593 3157 lias
615 3103 866 3175 quidam,
893 3106 1041 3177 quod
1070 3122 1265 3160 omnes
1281 3106 1341 3160 in
1365 3106 1530 3160 domo
1559 3121 1663 3159 sua
1691 3106 1891 3176 aequali
1923 3121 2081 3160 amo-
2102 3110 2144 3170 C
2167 3125 2267 3163 ous
2283 3124 2461 3172 meus,
2496 3106 2553 3160 id
2578 3113 2661 3160 est
2681 3105 2777 3177 qui
2805 3105 2862 3159 in
2882 3105 3117 3160 vinculis
3148 3111 3378 3160 tenetur
3402 3106 3543 3159 sicut
3565 3110 3616 3158 et
3639 3117 3721 3172 ego

486 3208 550 3248 re
578 3194 886 3267 diligebant
910 3203 976 3253 ut
1002 3198 1166 3264 ﬁlios,
1200 3199 1281 3252 ita
1309 3202 1366 3252 et
1385 3213 1592 3252 servos.

566 3283 820 3340 Orationi
848 3289 1047 3341 instate
1072 3285 1493 3354 vigilantelele
1523 3285 1713 3356 vigilat
1732 3285 1792 3340 in
1808 3286 2080 3353 oratione,

487 3377 545 3429 et
571 3373 630 3428 in
654 3374 873 3445 gratiis,
900 3375 1018 3430 Deo
1046 3374 1365 3441 reddendis,
1397 3375 1493 3446 qui
1523 3390 1633 3428 non
1663 3391 1790 3428 cum
1832 3380 2085 3445 tempore

487 3477 671 3534 neque
700 3480 826 3518 cum
850 3464 1063 3519 desidia
1091 3463 1229 3517 illud
1258 3463 1474 3534 implet,
1498 3464 1596 3517 sed
1622 3479 1748 3517 cum
1780 3463 2078 3518 hilaritate.

491 3552 551 3607 Si
588 3553 739 3608 enim
766 3553 837 3608 ab
866 3553 1093 3608 homine
1121 3569 1234 3607 non
1270 3558 1457 3623 potest
1484 3554 1777 3624 impetrari
1803 3554 1906 3608 hoc
1935 3555 2083 3624 quod

486 3643 722 3715 petitur,
749 3643 797 3698 si
826 3659 953 3698 cum
983 3642 1198 3697 desidia
1225 3643 1364 3697 illud
1409 3644 1614 3715 agitur,
1648 3648 1859 3715 quanto
1907 3644 2086 3714 magis

482 3746 521 3788 ε
563 3732 728 3788 Deo?

564 3821 792 3876 Orantes
815 3823 987 3875 simul
1015 3827 1064 3875 et
1085 3837 1190 3890 pro
1221 3823 1396 3886 nobis,
1424 3821 1707 3887 subaudis,
1734 3823 1830 3894 qui
1858 3821 2087 3878 verbum

487 3908 613 3963 vita
643 3909 1176 3980 administravimus,
1207 3913 1423 3965 utDeus
1447 3915 1663 3980 aperiat
1685 3914 1840 3966 nobis
1878 3915 2083 3967 ostium

487 3999 658 4066 verbi,
689 3997 747 4054 id
772 4005 874 4068 est,
893 4005 958 4055 ut
971 4001 1140 4056 corda
1168 4005 1226 4054 et
1256 4015 1484 4055 sensum
1516 4000 1837 4056 auditorum
1860 4007 2081 4056 nostro-

483 4103 611 4144 rum
651 4090 888 4161 aperiat,
927 4096 991 4145 ut
1019 4107 1085 4145 ea
1114 4107 1236 4162 quae
1265 4090 1568 4160 loquimur,
1603 4095 1658 4143 et
1694 4106 1818 4160 quae
1867 4090 1938 4144 ab
1983 4108 2080 4146 ore

483 4183 676 4233 nostro
706 4180 1113 4243 emittimus,ad
1133 4180 1304 4233 corda
1330 4185 1387 4232 et
1405 4179 1475 4232 ad
1495 4195 1723 4233 sensum
1745 4195 1937 4234 eorum
1959 4197 2081 4250 pos-

486 4267 604 4320 sint
630 4267 863 4333 intrare,
895 4273 952 4320 et
985 4268 1303 4338 intelligant
1332 4284 1454 4337 quae
1483 4269 1768 4322 docemus.
1790 4269 1924 4323 Tale
1942 4269 2078 4339 quid

486 4355 726 4424 legimus
754 4357 811 4409 in
832 4355 1064 4410 Actibus
1095 4356 1473 4427 apostolorum
1504 4357 1573 4410 de
1595 4356 1830 4411 muliere
1853 4359 2079 4414 nomine

2168 3213 2268 3269 pro
2297 3196 2507 3251 Christi
2537 3195 2783 3260 nomine,
2818 3199 2875 3248 et
2889 3198 3121 3250 Marcus.
3148 3196 3260 3249 Iste
3281 3200 3370 3249 est
3395 3211 3492 3266 pro
3521 3208 3618 3264 quo
3637 3190 3723 3245 dis-

2167 3286 2351 3342 sensio
2371 3285 2518 3340 facta
2545 3289 2632 3339 est
2650 3285 2800 3339 inter
2824 3283 3062 3338 Paulum
3084 3288 3140 3338 et
3161 3283 3500 3348 Barnabam,
3529 3283 3659 3336 sicut
3678 3279 3724 3333 in

2166 3374 2323 3429 Actis
2347 3371 2727 3444 apostolorum
2758 3371 2967 3442 legitur
2994 3371 3089 3442 qui
3113 3371 3561 3427 recessitabeato
3582 3365 3724 3423 Paulo

2166 3464 2237 3517 de
2265 3461 2506 3533 quodam
2529 3460 2812 3527 conﬂictu,
2837 3476 3004 3531 quem
3035 3460 3234 3516 habuit
3255 3478 3389 3516 cum
3445 3463 3724 3533 persecuto-

2166 3551 2322 3607 ribus
2349 3570 2361 3604 :
2396 3555 2454 3605 et
2471 3555 2536 3605 ut
2582 3550 2809 3621 quidam
2838 3550 3052 3620 dicunt,
3083 3550 3202 3622 ipse
3241 3551 3474 3622 scripsit
3512 3550 3725 3614 Evange-

2169 3645 2328 3710 lium,
2367 3645 2500 3716 quia
2541 3645 2674 3698 licet
2726 3659 2854 3698 cum
2892 3643 3056 3697 beato
3097 3643 3274 3698 Paulo
3323 3644 3538 3708 fuisset,
3564 3641 3660 3695 fuit
3682 3643 3725 3692 et

2170 3749 2296 3788 cum
2321 3734 2486 3789 beato
2511 3734 2699 3788 Petro.
2721 3734 3091 3789 Consobrinus
3119 3735 3406 3788 Barnabas.
3433 3726 3725 3787 Consobrini

2169 3823 2437 3878 dicuntur
2463 3822 2622 3894 quasi
2649 3822 2871 3888 sororii,
2903 3821 3034 3892 quia
3077 3821 3147 3875 de
3190 3821 3432 3893 singulis
3473 3818 3725 3876 sororibus

2164 3918 2492 3968 nascuntur.
2532 3913 2664 3967 Ideo
2693 3911 2829 3966 dicit
2873 3910 3272 3966 consobrinum
3317 3911 3477 3966 illum
3523 3925 3649 3970 esse,
3676 3909 3727 3959 ut

2165 4003 2395 4074 majoris
2422 4001 2650 4056 honoris
2675 3999 2977 4055 haberetur
2996 4000 3146 4070 apud
3176 4000 3304 4054 illos
3347 4005 3573 4071 propter
3609 3996 3724 4051 Bar-

2162 4091 2388 4158 nabam,
2423 4096 2480 4145 et
2507 4090 2615 4144 nisi
2639 4090 2887 4154 dixisset,
2920 4088 3186 4159 suscipite
3208 4089 3726 4159 illum,nequaquam

2163 4182 2436 4237 auderent
2453 4180 2734 4251 suscipere
2755 4179 2913 4234 illum
2939 4193 2949 4226 :
2983 4178 3116 4250 quia
3136 4178 3254 4249 jam
3284 4179 3580 4233 audierant
3593 4175 3727 4229 illum

2161 4271 2231 4325 ab
2258 4287 2324 4325 eo
2352 4270 2694 4324 discessisse.
2739 4267 3083 4324 Emendatus
3120 4277 3178 4322 et
3219 4272 3508 4322 correctus
3551 4266 3728 4319 iterum

2161 4361 2406 4414 sociatus
2429 4365 2516 4413 est
2543 4359 2615 4424 ei,
2657 4358 2722 4412 de
2761 4375 2887 4427 quo,
2922 4357 3190 4413 subaudis
3232 4356 3448 4420 Marco,
3488 4355 3724 4410 mandata

476 4441 684 4514 "Lydia,
717 4445 1053 4516 purpuraria
1080 4444 1321 4499 civitatis
1352 4447 1511 4516 cujus
1541 4446 1815 4500 Dominus
1857 4451 2080 4518 aperuit
2095 4431 2144 4488 D
2161 4451 2457 4518 accepistis,
2481 4448 2537 4502 id
2559 4452 2643 4502 est
2667 4448 2966 4518 scriptum,
2987 4447 3117 4518 quia
3131 4447 3250 4517 jam
3271 4447 3516 4502 redeunt
3541 4444 3607 4498 ad
3625 4458 3726 4496 nos.

485 4548 598 4597 cor,
635 4537 697 4587 ut
728 4532 1066 4604 intelligeret
1088 4549 1155 4588 ea
1185 4549 1308 4604 quae
1339 4550 1373 4586 a
1394 4534 1568 4588 Paulo
1602 4534 2082 4590 dicebantur.Ali-

483 4626 602 4678 ter:
635 4628 708 4693 ut
726 4622 943 4695 aperiat
973 4623 1130 4678 nobis
1158 4623 1367 4678 ostium
1395 4623 1750 4694 sermonis,id
1775 4631 1860 4679 est
1883 4641 2080 4681 sensus

484 4716 541 4767 et
565 4712 998 4784 intelligentiam
1009 4712 1326 4767 divinorum
1352 4713 1725 4784 eloquiorum,
1753 4719 1818 4768 ut
1833 4715 2079 4786 prompti

483 4799 659 4856 simus
685 4801 755 4855 ad
777 4801 1120 4873 loquendum
1153 4801 1422 4873 mysteria
1445 4801 1846 4857 incarnationis
1873 4801 2079 4856 Christi

483 4893 541 4943 et
577 4889 904 4955 divinitatis,
935 4895 1158 4960 propter
1184 4890 1346 4958 quod,
1380 4889 1648 4944 subaudis
1690 4889 2076 4961 Evangelium,

481 4979 563 5030 ita
593 4984 655 5032 ut
684 4985 886 5046 oportet
915 4996 998 5033 me
1028 4982 1199 5048 loqui,
1227 4978 1284 5032 id
1306 4985 1391 5033 est
1419 4984 1480 5033 ut
1507 4979 1681 5033 sciam
1710 4979 1800 5033 cui
1829 4986 1889 5034 et
1943 4980 2079 5052 quid

485 5067 800 5136 etquando,
833 5067 915 5121 vel
936 5073 1209 5138 quantum
1239 5067 1476 5122 debeam
1509 5066 1680 5138 loqui.

554 5155 622 5208 In
647 5157 920 5222 sapientia
947 5157 1227 5210 ambulate
1245 5157 1318 5210 ad
1340 5173 1440 5219 eos,
1476 5157 1532 5210 id
1553 5161 1639 5210 est
1661 5156 1718 5209 in
1740 5156 1850 5211 ﬁde
1874 5163 2078 5214 sanctae

481 5241 796 5307 Trinitatis,
819 5241 915 5297 ubi
955 5247 1038 5297 est
1059 5243 1241 5297 omnis
1259 5245 1555 5315 sapientia,
1586 5250 1644 5299 et
1671 5244 1818 5299 .bona
1844 5261 2077 5302 conver-

468 5331 697 5388 satione
725 5330 802 5384 ibi
827 5331 995 5386 vivite
1025 5336 1083 5386 ‘et
1112 5335 1516 5389 conversamini
1543 5335 1613 5388 ad
1655 5349 1752 5389 eos
1801 5335 1897 5406 qui
1941 5335 2078 5390 foris

479 5425 634 5491 Sunt,
665 5419 723 5474 id
749 5425 835 5475 est
861 5421 932 5476 ad
957 5428 1226 5496 paganos,
1259 5421 1569 5490 haereticos,
1601 5429 1660 5478 et
1709 5423 1879 5479 falsos
1907 5425 2073 5481 Chri-

477 5500 778 5578 stianos,ut
797 5511 1151 5583 nonpossint
1177 5527 1274 5566 vos
1294 5513 1722 5584 reprehendere,
1745 5515 2073 5572 redimentes

481 5593 710 5671 tempus,
727 5598 801 5655 'i'd
827 5603 914 5656 est
937 5599 1500 5671 'vestrum‘t‘acientes,
1516 5607 1591 5657 et
1611 5601 1773 5658 vobis
1798 5601 1954 5659 :bene
1990 5604 2074 5658 svi-

2167 4538 2236 4593 Hi
2262 4541 2366 4592 soli
2393 4544 2524 4591 sunt
2579 4537 2838 4608 superius
2877 4536 3191 4600 memorati,
3240 4541 3342 4604 qui
3379 4541 3512 4590 sunt
3552 4550 3611 4587 ca:
3641 4533 3731 4585 cir-

2161 4629 2514 4694 cumcisione,
2541 4625 2599 4679 id
2630 4631 2716 4680 est
2735 4641 2804 4680 ex
2825 4626 3051 4681 Judzeis.

2234 4717 2348 4783 Ipsi
2369 4720 2502 4768 sunt
2521 4716 2801 4769 auditores
2823 4719 2931 4769 mei
2955 4719 3015 4770 in
3057 4730 3224 4783 regno
3263 4715 3380 4781 Dei,
3432 4715 3538 4768 hoc
3572 4715 3650 4767 est
3682 4709 3729 4762 in

2159 4803 2552 4875 praedicatione
2571 4803 2875 4873 Evangelii,
2890 4803 3039 4873 quod
3067 4801 3456 4857 observatores
3485 4817 3612 4856 suos
3629 4813 3732 4870 per-

2161 4892 2314 4948 ducit
2340 4893 2412 4946 ad
2444 4908 2681 4964 regnum
2711 4892 2832 4948 Dei.
2864 4893 2924 4947 Ut
2946 4895 3094 4947 stetis
3116 4893 3367 4961 perfecti,
3401 4889 3659 4946 subaudis
3682 4887 3730 4940 in

2147 4982 2291 5042 ﬁde.
2323 4987 2380 5036 et
2397 4982 2548 5053 pleni
2578 4981 2739 5036 bonis
2769 4981 3051 5053 operibus.

2231 5073 2339 5140 Qui
2363 5076 2497 5125 sunt
2526 5072 2808 5138 Laodicia,
2837 5087 2960 5142 quae
2999 5076 3080 5125 est
3111 5069 3304 5125 civitas
3336 5069 3587 5135 Graeciaa,
3611 5066 3731 5120 Hie-

2159 5160 2367 5232 rapolis
2395 5165 2479 5215 est
2507 5160 2700 5215 civitas
2728 5161 2977 5218 Graeciaa.

2230 5251 2453 5306 Salutat
2493 5266 2583 5303 vos
2622 5251 2792 5305 Lucas
2837 5251 3097 5304 medicus.
3135 5247 3247 5303 Iste
3282 5251 3367 5302 est
3422 5247 3600 5300 Lucas
3651 5241 3732 5313 qui

2141 5338 2523 5409 .Evangelium
2571 5339 2810 5410 scripsit,
2845 5343 2900 5392 et
2953 5340 3126 5392 Actus
3171 5335 3603 5407 apostolorum;
3651 5328 3732 5401 qui

2154 5426 2262 5482 fuit
2286 5443 2493 5498 genere
2525 5427 2731 5498 Syrus;
2764 5428 3036 5480 etDemas.
3067 5424 3175 5479 Hic
3193 5424 3263 5478 ad
3292 5428 3518 5494 tempus
3545 5422 3736 5476 disces-

2153 5514 2230 5569 sit
2263 5515 2337 5569 ab
2369 5514 2484 5581 illo,
2515 5515 2614 5569 sed
2643 5515 2975 5569 emendatus
3002 5512 3189 5568 rediit.

2219 5603 2694 5676 Salutate/rutra:
2719 5607 2818 5674 qui
2845 5609 2975 5658 sunt
3009 5599 3733 5660 Laodicia-.Salutareestsa'
