3966 6156
464 288 572 348 767

913 293 1290 352 HAYMONIS
1335 295 1827 353 HALBERSTAT.
1862 288 2086 348 EPISC.
2125 287 2284 345 OPP.
2310 291 2496 347 PARS
2525 291 2569 346 Ι.
2605 321 2669 332 -
2701 289 3079 348 OOMMENT.
3120 291 3307 351 BIBL.

3622 294 3706 354 768

546 418 727 487 Neque
749 422 814 474 in
843 423 1118 475 occasione
1168 424 1422 476 avaritia
1472 419 1915 492 praedicavimus,
1966 415 2130 474 autA
2149 429 2312 479 vano.
2339 430 2623 470 remanere
2654 415 2905 481 Athenis,
2942 421 2992 470 et
3020 417 3280 472 misimus
3316 418 3390 472 ad
3434 434 3520 474 vos
3565 420 3706 477 Timeo

470 511 702 579 propter
729 509 1094 580 cupiditatem
1124 510 1554 581 praedicaremus
1580 510 1734 564 vobis

552 597 838 666 Tanquam
867 600 918 650 si
937 602 1135 652 nutris;
1157 600 1331 666 foveat
1355 601 1496 666 filios
1525 595 1942 662 suos,subaudis
1957 609 2067 648 non

472 687 706 750 alienos,
723 686 803 739 ita
821 685 1108 756 diligimus
1129 703 1249 742 vos.
1277 688 1465 742 Solent
1488 688 1751 742 mulieres
1771 683 2064 739 luxuriosze

472 775 670 832 divites
692 779 750 828 et
768 773 1179 829 incontinentes
1209 776 1562 830 committere
1589 776 1733 830 ﬁlios
1773 790 1903 828 suos
1938 771 2064 826 aliis

471 862 802 920 mulieribus
831 863 901 916 ad
947 864 1332 931 nutriendum,
1372 881 1495 936 quae
1526 865 1653 918 licet
1691 863 1954 935 pabulum
1986 860 2065 914 eis

471 952 812 1018 ministrent,
834 957 1026 1006 tamen
1054 969 1166 1006 non
1209 970 1274 1006 eo
1306 953 1508 1007 affectu
1557 953 1803 1022 diligunt
1847 951 1972 1004 illos
2004 954 2067 1003 ut

469 1041 746 1114 proprios,
779 1041 876 1095 sed
908 1046 972 1094 ut
1010 1043 1323 1096 mercedem
1375 1042 1738 1114 temporalem
1769 1040 2064 1110 accipiant.

470 1131 692 1187 Pseudo
721 1147 853 1200 ergo
873 1131 1113 1200 apostoli
1130 1148 1240 1184 non
1258 1131 1460 1185 aﬂ‘ectu
1486 1137 1739 1185 materno
1760 1129 2069 1198 diligebant

471 1236 585 1283 eos,
620 1219 718 1274 sed
750 1225 814 1273 ut
840 1219 994 1272 lucra
1020 1220 1352 1290 temporalia
1380 1220 1450 1272 ab
1478 1220 1558 1274 eis
1589 1219 2073 1289 acciperent.Apo-

471 1308 648 1364 stolus
699 1311 889 1361 autem
937 1307 1145 1361 Paulus
1192 1307 1437 1378 sociique
1481 1309 1604 1378 ejus
1649 1324 1760 1361 non
1791 1313 1856 1360 ut
1883 1306 2071 1360 nutrix

2151 505 2356 559 theam.

2221 595 2334 662 Ipsi
2353 596 2503 648 enim
2531 597 2683 647 scitis
2707 597 2851 662 quod
2874 598 2936 648 in
2979 596 3076 650 hoc
3099 599 3269 665 positi
3303 612 3520 664 sumus,
3547 597 3711 653 subau-

2149 681 2237 736 dis
2266 697 2299 735 a
2326 682 2462 748 Deo,
2503 687 2568 737 ut
2612 683 3025 754 persecutiones
3069 691 3125 738 et
3165 684 3560 741 tribulationes
3585 686 3713 741 istius

2146 771 2333 826 seculi
2355 771 2634 842 patienter
2659 772 3013 840 suﬁ'eramus,
3037 779 3316 844 quatenus
3345 791 3448 846 per
3473 775 3585 829 ista
3607 781 3716 831 temo

2149 859 2364 932 poralia
2393 861 2784 932 perveniamus
2810 863 2880 916 ad
2910 862 3119 932 gaudia
3141 869 3368 924 aeterna.

2764 949 2998 1005 CAPUT
3027 949 3124 1007 IV.

2221 1040 2492 1106 Rogamus
2524 1054 2614 1092 vos
2641 1044 2690 1092 et
2723 1041 3068 1093 obsecramus
3089 1043 3151 1094 in
3183 1043 3415 1097 Domino
3435 1042 3722 1098 Jesu.Post-

2151 1142 2318 1197 quam
2341 1125 2587 1181 laudavit
2603 1127 2902 1197 Apostolus
2921 1127 3449 1185 Thessalonicenses
3478 1131 3552 1184 de
3575 1147 3722 1201 perse-

2153 1216 2408 1270 verantia
2437 1217 2589 1282 ﬁdei,
2615 1232 2784 1286 quam
2815 1222 3138 1285 tenuerunt,
3162 1235 3271 1273 non
3305 1220 3635 1291 recipientes
3647 1220 3722 1274 fal-

2152 1321 2242 1360 sos
2269 1305 2572 1381 apostolos,
2597 1305 2764 1376 coepit
2787 1323 2882 1361 eos
2901 1308 3202 1373 exhortari,
3223 1313 3287 1362 ut
3311 1325 3536 1379 semper
3560 1308 3617 1362 in
3634 1325 3724 1362 me.

471 1397 656 1452 aliena
681 1395 994 1466 diligebant
1017 1395 1160 1462 illos,
1193 1396 1291 1450 sed
1319 1402 1383 1451 ut
1412 1403 1592 1451 mater
1630 1397 1855 1451 unicum
1887 1395 2065 1449 ﬁlium
2149 1394 2260 1449 lius
2289 1395 2644 1465 proficerent,
2691 1395 2962 1466 bonisque
2999 1395 3262 1468 operibus
3293 1397 3459 1453 ﬁdem
3510 1413 3723 1450 exorna-

471 1482 618 1539 fovet
655 1485 858 1538 affectu
901 1490 1175 1551 materno,
1211 1485 1290 1539 ita
1317 1485 1436 1556 ipse
1462 1486 1732 1556 diligebat
1773 1502 1886 1552 eos,
1936 1485 2069 1554 quia
2158 1491 2305 1548 rent,
2323 1483 2618 1553 inquiens:
2651 1484 2936 1554 Rogamus
2957 1492 3015 1539 et
3050 1485 3425 1540 obsecramus.
3459 1486 3620 1540 Hanc
3644 1486 3723 1539 ha-

464 1571 586 1643 ipse
613 1573 829 1643 primus
855 1572 1052 1642 genuit
1087 1590 1182 1627 eos
1213 1573 1271 1626 in
1301 1574 1410 1628 ﬁde
1442 1573 1673 1628 Christi.
2157 1571 2253 1626 bet
2278 1572 2577 1644 Apostolus
2599 1573 3082 1634 consuetudinem,
3125 1581 3189 1629 ut
3217 1574 3384 1629 verba
3425 1591 3530 1628 sua
3567 1575 3726 1645 dupli-

543 1661 804 1714 Memores
831 1664 974 1725 estis,
1013 1663 1237 1728 fratres,
1265 1663 1469 1716 laboris
1506 1664 1685 1716 nostri
1704 1667 1750 1715 et
1795 1663 2109 1732 fatigatio:
2156 1667 2246 1716 cet
2270 1678 2334 1715 ac
2363 1660 2609 1732 triplicet
2631 1677 2804 1716 unum
2823 1679 3052 1716 sensum
3072 1662 3356 1728 habentia,
3389 1663 3538 1718 sicut
3561 1663 3621 1718 in
3646 1663 3727 1717 hoc

471 1751 581 1803 nis.
617 1748 934 1803 Laborabat
967 1749 1272 1820 Apostolus
1302 1751 1360 1804 in
1389 1751 1786 1822 praedicatione
1823 1755 1875 1802 et
1899 1765 2066 1820 opere
2085 1731 2130 1791 Β
2149 1751 2290 1805 loco.
2325 1731 2484 1814 Quod
2505 1749 2654 1804 enim
2682 1757 2767 1805 est
2813 1768 3011 1822 rogare
3045 1753 3104 1806 in
3132 1753 3238 1806 hoc
3266 1752 3408 1812 loco.
3438 1753 3544 1807 hoc
3573 1758 3656 1806 est
3685 1759 3727 1806 et

469 1853 741 1892 manuum
781 1854 846 1892 eo
877 1839 1042 1893 modo
1073 1857 1182 1910 quo
1213 1857 1360 1912 saepe
1397 1841 1657 1894 diximus.
1696 1840 1764 1893 Et
1787 1854 1960 1910 quare
1987 1839 2068 1891 la-
2148 1839 2441 1896 obsecrare
2475 1857 2486 1893 :
2521 1845 2579 1894 et
2606 1841 2756 1910 quod
2785 1840 2924 1894 dixit
2952 1841 3009 1895 in
3039 1841 3440 1907 DominoJesu,
3463 1841 3575 1896 tale
3593 1847 3727 1895 estac

469 1924 688 1981 boravit
714 1927 873 1998 ipse?
911 1929 985 1983 Ut
1025 1946 1137 1983 non
1175 1935 1325 1984 esset
1353 1930 1584 1984 otiosus.
1616 1929 1813 1984 Omnis
1855 1927 2068 1982 otiosus

468 2014 528 2070 in
552 2015 844 2070 desideriis
874 2022 994 2070 est:
1034 2023 1090 2072 et
1131 2022 1194 2071 ut
1221 2018 1342 2088 ipse
1376 2034 1546 2088 prava
1584 2016 1864 2072 desideria
1891 2016 2067 2070 vitare

468 2111 676 2176 posset,
702 2104 893 2159 labore
915 2123 1184 2160 manuum
1216 2107 1528 2162 insistebat.

543 2194 682 2248 Cum
732 2197 1064 2262 accepissetis
1092 2197 1318 2248 verbum
1348 2197 1575 2248 auditus
1627 2197 1739 2260 [)ei,
1789 2196 2067 2262 accepistis

469 2283 753 2349 illud,non
784 2288 844 2334 ut
871 2285 1094 2336 verbum
1127 2281 1692 2338 hominumNerbum
1724 2282 2067 2354 praedicatio-

469 2369 559 2424 nis
589 2369 740 2440 quod
768 2370 1068 2441 Apostolus
1099 2371 1456 2442 praedicabat,
1486 2389 1520 2426 a
1547 2372 1662 2426 Deo
1693 2372 1967 2426 audierat.
2002 2373 2069 2427 Et

469 2457 549 2512 sic
578 2463 953 2530 perceperunt
977 2459 1111 2514 illud
1141 2461 1682 2526 Thessalonicenses,
1709 2461 1868 2533 quasi
1894 2460 1963 2516 ab
1988 2460 2068 2533 ip-

469 2563 531 2603 so
555 2547 777 2604 Christo
803 2548 1069 2603 audirent
1097 2566 1198 2622 per
1224 2549 1598 2622 pmsentiam.

2149 1928 2195 1984 si
2215 1928 2444 1996 diceret,
2477 1945 2579 2000 per
2607 1929 2908 1983 Dominum
2933 1929 3287 1984 Jesum.Tale
3308 1931 3443 2001 quid
3471 1930 3729 1984 invenitur

2149 2017 2206 2072 in
2236 2018 2476 2088 epistola
2497 2017 2568 2071 ad
2591 2015 2877 2072 Hebraeos
2904 2034 2916 2071 :
2959 2020 3188 2072 Locutus
3219 2024 3295 2072 est
3336 2020 3490 2072 nobis
3518 2021 3576 2072 in
3608 2020 3727 2072 Filio

2151 2108 2330 2175 (Hebr.
2349 2108 2410 2174 ι),
2440 2106 2498 2160 id
2527 2113 2614 2161 est
2636 2123 2737 2177 per
2764 2107 2989 2162 Filium.
3031 2109 3093 2162 Ut
3117 2109 3578 2176 quemadmodum
3599 2124 3728 2162 acce-

2143 2197 2306 2264 pistis
2334 2211 2367 2248 a
2398 2197 2571 2260 nobis,
2603 2194 2880 2250 audiendo
2911 2201 2968 2250 et
3005 2195 3368 2266 intelligendo
3397 2213 3432 2250 a
3463 2213 3551 2250 me
3570 2202 3626 2251 et
3646 2195 3725 2251 Sil-

2147 2300 2289 2338 vano
2319 2285 2581 2352 quomodo
2602 2288 2843 2352 oporteat
2872 2301 2959 2337 vos
3001 2285 3307 2349 ambulare,
3347 2284 3406 2338 id
3440 2290 3524 2339 est
3548 2284 3724 2348 vivere,

2149 2377 2206 2426 et
2224 2387 2451 2426 cursum
2481 2371 2648 2441 hujus
2676 2372 2801 2426 vitae
2833 2371 2890 2425 in
2931 2370 3093 2426 bonis
3123 2371 3386 2442 operibus
3418 2372 3722 2444 perducere.

2147 2465 2196 2512 et
2243 2462 2456 2528 placere
2504 2461 2627 2525 Deo,
2670 2459 2840 2514 ﬁdem
2890 2476 3062 2530 quam
3109 2459 3330 2514 habetis
3369 2458 3530 2514 bonis
3566 2459 3726 2530 operis

2149 2547 2490 2614 exornando,
2525 2550 2666 2602 sicut
2707 2553 2756 2600 et
2787 2549 3108 2613 ambulatis,
3142 2547 3335 2603 vivitis
3363 2553 3422 2602 et
3463 2562 3728 2602 conversa-

543 2638 684 2705 Quia
703 2639 886 2692 eadem
905 2641 1060 2707 passi
1080 2643 1205 2694 estis
1241 2655 1276 2693 a
1302 2641 1706 2694 contribulibus
1728 2641 1919 2695 vestris
1950 2655 2069 2708 quae
2149 2638 2286 2692 mini
2319 2637 2503 2703 modo,
2538 2643 2601 2691 ut
2627 2639 2919 2692 abundetis
2957 2641 3152 2706 magis,
3199 2638 3413 2692 scilicet
3460 2637 3633 2708 magis
3676 2652 3728 2689 ac

469 2731 518 2780 et
555 2728 661 2795 ipsi
690 2743 726 2781 a
753 2728 976 2783 Judzis.
1010 2727 1364 2784 Contribules
1397 2729 1662 2785 dicuntur
1709 2728 1805 2800 qui
1848 2744 1915 2782 ex
1954 2744 2070 2782 una
2151 2727 2329 2798 magis
2352 2726 2617 2782 crescatis
2645 2726 2702 2780 in
2732 2726 2841 2780 ﬁde
2872 2730 2930 2780 et
2951 2725 3114 2780 bonis
3152 2725 3436 2798 operibus.
3469 2726 3567 2782 Ille
3593 2724 3725 2780 enim

468 2813 620 2870 tribu
645 2820 794 2870 sunt.
829 2816 1127 2872 Crescente
1160 2818 1334 2889 igitur
1359 2818 1467 2872 ﬁde
1497 2818 1723 2872 Domini
1761 2817 1819 2871 in
1849 2817 2060 2883 Iudaea,
2146 2816 2328 2887 placet
2360 2816 2497 2882 Deo,
2531 2815 2628 2886 qui
2657 2815 2827 2869 ﬁdem
2874 2820 3087 2870 rectam
3108 2832 3280 2886 quam
3323 2815 3494 2870 habet
3529 2830 3728 2869 exsecu-

469 2905 919 2976 persecutionem
952 2907 1303 2961 sustinebant
1326 2908 1615 2962 credentes
1643 2907 1714 2961 ab
1741 2905 2060 2970 incredulis,
2145 2905 2298 2960 tione
2327 2905 2597 2959 virtutum
2629 2904 2872 2959 decorat.
2928 2905 2996 2959 Et
3039 2905 3134 2960 ille
3181 2904 3324 2960 bene
3365 2905 3608 2960 abundat
3634 2903 3716 2975 qui

467 2993 761 3048 Rubenitae
793 3011 827 3048 a
863 2994 1173 3060 Rubenitis,
1210 2997 1464 3052 Gadditze
1503 3013 1535 3050 a
1567 2995 1841 3059 Gadditis,
1873 2995 2066 3049 simili—
2084 3045 2122 3060 η
2148 2998 2429 3048 crescente
2451 2999 2616 3048 aetate
2637 2993 2765 3047 ﬁdei
2790 2993 2846 3047 in
2873 3010 2952 3060 se,
2969 2994 3160 3049 studet
3179 2995 3352 3048 etiam
3374 2993 3652 3050 abundare
3678 2992 3726 3046 in

469 3085 559 3137 ter
595 3099 660 3136 ex
698 3083 958 3138 omnibus
998 3085 1257 3140 tribubus
1289 3099 1301 3134 :
1331 3085 1413 3141 ita
1455 3091 1510 3140 et
1538 3045 2124 3140 ThessalonicensesC
2149 3081 2358 3136 sanctis
2389 3081 2673 3152 Operibus,
2706 3087 2763 3135 et
2789 3081 2846 3135 in
2869 3081 3055 3136 studio
3080 3082 3374 3136 virtutum.

467 3171 759 3226 credentes
789 3189 823 3226 a
851 3189 965 3227 non
994 3174 1352 3229 credentibus
1381 3173 1498 3228 suis
1547 3173 1972 3239 contribulibus,
2007 3173 2062 3226 id
2217 3171 2380 3226 Scitis
2405 3173 2555 3224 enim
2576 3186 2694 3238 quae
2717 3175 2982 3240 praecepta
3011 3171 3254 3224 dederim
3278 3170 3425 3223 vobis
3440 3185 3540 3237 per
3559 3169 3726 3223 Domi-

467 3267 554 3316 est
573 3263 691 3317 suis
721 3263 931 3317 civibus
955 3267 1011 3317 et
1035 3264 1230 3317 vicinis
1256 3263 1758 3334 persequebantur.
2149 3275 2288 3314 num
2314 3262 2519 3324 Jesum,
2539 3257 2595 3312 id
2627 3263 2714 3312 est
2741 3258 2800 3312 in
2823 3259 3062 3313 Domino
3076 3260 3104 3313 J
3110 3276 3205 3314 esu
3231 3275 3332 3330 per
3352 3275 3442 3313 me
3461 3258 3721 3328 loquente.

547 3351 608 3405 Ut
641 3351 1211 3419 impleant,subaudis
1232 3351 1338 3422 ipsi
1353 3348 1390 3404 J
1393 3351 1557 3420 udaei,
1583 3357 1796 3420 peccata
1809 3369 1929 3406 sua.
1957 3352 2064 3405 Ex-
2147 3348 2281 3412 Quae
2310 3349 2539 3402 fuerunt
2567 3347 2666 3401 illa
2693 3353 2969 3419 praecepta
2987 3364 3111 3418 quae
3132 3348 3287 3402 dedit
3308 3347 3434 3403 eis?
3466 3347 3725 3416 Praecpta

464 3437 616 3511 pleto
635 3444 889 3509 tempore
914 3439 1326 3510 quadragesimi
1343 3440 1496 3507 anni,
1519 3442 1667 3512 quod
1683 3441 1954 3495 Dominus
1974 3441 2068 3493 de-
2147 3437 2279 3491 ﬁdei
2305 3437 2532 3491 fuerunt
2561 3442 2617 3491 et
2641 3437 3080 3490 conversationis
3102 3436 3452 3502 Christianae,
3477 3436 3534 3489 in
3545 3433 3723 3506 quibus

465 3525 549 3580 dit
584 3527 791 3583 Iudaeis
835 3529 906 3582 ad
938 3528 1347 3600 paenitentiam,
1381 3535 1506 3600 post
1538 3529 1851 3600 passionem
1905 3545 2062 3583 suam
2148 3526 2473 3581 exhortatus
2501 3531 2586 3580 est
2615 3542 2711 3579 eos
2740 3526 2952 3580 servire
2982 3526 3098 3579 Deo
3126 3526 3247 3579 vivo
3277 3531 3333 3580 et
3372 3542 3520 3590 vero,
3560 3529 3614 3578 et
3642 3539 3723 3576 ex-

465 3613 577 3670 illis
623 3615 942 3671 nolentibus
982 3618 1208 3672 credere
1259 3619 1537 3690 completa
1561 3623 1694 3673 sunt
1722 3624 1946 3689 peccata
1971 3634 2065 3672 eo-
2149 3619 2404 3686 spectare
2437 3615 2637 3669 Filium
2667 3615 2790 3684 ejus
2831 3614 2900 3668 de
2945 3614 3098 3667 caelis
3140 3613 3210 3668 ad
3251 3614 3548 3684 judicium,
3577 3627 3723 3684 quem

466 3705 690 3774 rum,de
711 3722 822 3776 qua
842 3706 1217 3778 completione
1237 3707 1378 3761 dixit
1397 3708 1479 3763 eis
1504 3708 1807 3762 Dominus:
1832 3707 2066 3778 Implete
2149 3704 2438 3759 suscitavit
2466 3704 2616 3759 Deus
2651 3705 2842 3769 Pater,
2872 3704 3066 3758 Jesum
3099 3703 3221 3758 dico
3255 3703 3350 3774 qui
3394 3702 3598 3773 eripuit
3633 3716 3720 3754 nos

465 3809 790 3848 mensuram
811 3799 1034 3865 patrum
1055 3802 1365 3850 vestrorum
1399 3814 1409 3849 :
1453 3797 1675 3868 quando
1705 3801 1894 3850 autem
1922 3797 2067 3867 Apo-
2148 3811 2249 3866 per
2277 3793 2595 3864 passionem
2641 3809 2802 3848 suam
2853 3799 2910 3847 et
2955 3808 3057 3864 per
3081 3791 3326 3862 gratiam
3354 3808 3516 3847 suam
3544 3790 3610 3844 ab
3649 3789 3720 3842 ira

464 3883 643 3937 stolus
673 3881 782 3937 ista
815 3883 1168 3954 loquebatur,
1219 3885 1402 3939 adhuc
1431 3885 1617 3940 stabat
1664 3885 1975 3939 Jerusalem
2009 3890 2067 3938 et
2149 3889 2400 3938 ventura.

462 3971 736 4042 templum
766 3991 777 4026 :
807 3971 1044 4044 ideoque
1070 3973 1306 4028 necdum
1339 3979 1501 4028 erant
1530 3974 1809 4045 completa
1837 3979 2062 4044 peccata
2211 3975 2329 4026 llaec
2349 3975 2588 4025 esten-im
2603 3975 2859 4025 voluntas
2879 3972 2970 4024 Dei
2980 3973 3553 4038 sanctiﬁcatiovestra,
3576 3969 3630 4022 id
3646 3972 3720 4021 est

462 4075 658 4115 eorum
681 4077 803 4132 quae
829 4063 1107 4133 completa
1146 4067 1279 4118 sunt
1308 4062 1734 4117 advenientibus
1775 4063 2061 4116 Romanis.
2147 4063 2263 4116 haec
2284 4067 2368 4115 est
2389 4061 2642 4115 voluntas
2656 4060 2755 4114 Dei
2777 4065 2838 4113 ut
2862 4059 3220 4113 sanctiﬁcetis
3243 4075 3337 4113 vos
3355 4075 3421 4113 eo
3446 4058 3722 4127 modo,quo

463 4149 625 4205 Unde
653 4151 802 4204 enim
833 4151 1090 4222 sequitur
1123 4169 1135 4204 :
1162 4153 1416 4205 Pervenit
1447 4155 1595 4205 enim
1636 4155 1725 4203 ira
1747 4153 1859 4206 I)ei.
1894 4151 1948 4204 id
1979 4157 2066 4204 est
2147 4150 2440 4220 sequentia
2473 4148 2855 4212 manifestam,
2892 4147 3146 4201 videlicet
3177 4151 3237 4200 ut
3271 4147 3591 4200 abstineatis
3607 4157 3720 4197 rosa

461 4237 708 4292 vindicta
726 4239 827 4292 Dei
844 4255 1008 4307 super
1030 4243 1152 4292 illos
1175 4239 1948 4307 usqueinﬁnem.Vindictam
1965 4240 2064 4293 Dei
2146 4241 2532 4306 fornicatione.
2568 4237 2886 4291 Fornicatio
2917 4236 3024 4290 isto
3062 4237 3181 4290 loco
3226 4235 3524 4306 tripliciter
3560 4235 3722 4305 potest

463 4325 710 4395 appellat
755 4325 1056 4379 adventum
1095 4326 1478 4381 Romanorum
1522 4346 1532 4381 :
1589 4329 1813 4398 quando
1861 4329 2114 4399 perditi_
2147 4327 2404 4398 intelligi.
2479 4327 2764 4381 Fornicari
2824 4331 2910 4381 est
2963 4342 3063 4396 per
3127 4325 3412 4378 culturam
3471 4323 3719 4377 idolorum

465 4419 600 4468 sunt
628 4412 796 4480 fame,
819 4413 1160 4484 pestilentia,
1185 4415 1394 4484 gladio,
1423 4395 1761 4488 captivitate.
1794 4395 1926 4482 Quae
1947 4395 2180 4472 vin-Da
2204 4395 2649 4485 Deo'recedere,
2697 4421 2755 4469 et
2794 4415 2944 4470 idola
2966 4395 3070 4486 pro
3101 4414 3216 4468 Deo
3261 4429 3390 4467 vero
3421 4413 3620 4467 colere.
3655 4411 3723 4464 De

463 4501 615 4557 dicta
644 4501 891 4556 manebit
929 4519 1097 4574 super
1125 4503 1250 4558 illos
1301 4521 1478 4576 usque
1530 4505 1587 4560 in
1636 4508 1805 4560 ﬁnem
1853 4507 2060 4575 saeculi,

468 4591 602 4664 quia
631 4607 856 4662 semper
883 4598 1046 4646 erant
1061 4593 1282 4664 captivi.
1311 4594 1412 4647 Vel
1444 4593 1491 4648 si
1517 4594 1838 4658 dixerimus,
1862 4613 2065 4666 praeve-

463 4682 550 4737 nit
574 4681 689 4736 sive
720 4681 1005 4734 antevenit
1025 4681 1151 4736 illos
1180 4682 1267 4735 ira
1284 4682 1408 4748 Dei,
1428 4683 1573 4737 sicut
1593 4684 1821 4755 quidam
1843 4685 2061 4738 codices

462 4770 808 4836 habent,erit
831 4786 1059 4825 sensus:
1089 4771 1468 4826 Praweniteos
1488 4771 1732 4826 vindicta
1758 4773 1856 4828 Dei
1876 4774 1934 4827 in
1955 4774 2062 4829 hoc

460 4850 682 4925 seculo,
707 4875 830 4930 quae
860 4859 1214 4929 permanebit
1250 4877 1430 4932 usque
1459 4861 1517 4914 in
1557 4861 1746 4916 ﬁnem.
1793 4859 1930 4928 Quae
1980 4863 2060 4916 id-

459 4948 606 5002 circo
638 4949 846 5002 dicitur
875 4950 1180 5018 praevenire
1210 4948 1495 5020 illos,quia
1541 4949 1843 5004 vindictam
1885 4950 2060 5006 futuri

451 5035 669 5107 judicii,
715 5035 770 5089 in
819 5052 929 5106 qua
958 5039 1299 5093 aaternaliter
1327 5037 1750 5094 damnabuntur
1793 5041 2061 5111 praevenit

460 5123 572 5180 ista
597 5123 943 5195 temporalis.

524 5214 764 5268 Desolati
783 5228 818 5265 a
847 5214 994 5266 vobis
1020 5229 1136 5279 ore,
1164 5214 1218 5268 id
1250 5220 1356 5281 est,
1387 5233 1666 5281 sermone,
1692 5217 2060 5273 collocutione

458 5299 996 5368 familiari,aspcctu,
1020 5301 1077 5355 id
1097 5307 1185 5356 est
1205 5305 1508 5374 praesentia
1529 5306 1800 5377 corporis,
1825 5306 1923 5361 sed
1949 5323 2063 5362 non

462 5390 640 5454 corde,
662 5387 722 5444 id
749 5392 837 5443 est
855 5387 1058 5443 affectu
1089 5389 1420 5445 dilectionis.

1075 5476 1312 5535 CAPUT
1341 5478 1438 5536 III.

541 5570 758 5624 Placuit
783 5567 938 5622 nobis
969 5569 1116 5628 satis.
1138 5566 1409 5624 subaudis
1429 5569 1568 5626 mihi
1597 5578 1654 5629 et
1683 5572 1810 5629 Silae
1845 5573 1928 5628 vel
1963 5575 2065 5631 Sil-

2148 4522 2259 4578 qua
2314 4505 2683 4565 fornicatione
2738 4504 2871 4558 dicit
2926 4503 3267 4558 Psalmista:
3317 4503 3509 4556 Perdes
3559 4513 3722 4554 omnes

2145 4599 2244 4664 qui
2271 4598 2632 4663 fornicamur
2652 4596 2746 4647 abs
2775 4599 2821 4647 te
2849 4595 3011 4658 (Psat.
3045 4594 3238 4659 Lxxu).
3293 4591 3362 4644 Et
3391 4589 3527 4644 illud
3562 4607 3573 4642 :
3603 4587 3716 4641 For-

2143 4685 2364 4740 nicatus
2395 4689 2480 4738 est
2500 4683 2673 4737 Israel
2703 4698 2830 4736 cum
2860 4680 3146 4752 gentibus,
3179 4679 3236 4733 id
3263 4684 3350 4733 est
3377 4678 3528 4732 idola
3549 4675 3720 4731 coluit.

2143 4772 2218 4827 Et
2246 4780 2332 4827 est
2350 4773 2460 4826 alio
2490 4771 2654 4825 modo
2695 4769 2988 4824 fornicatio
3027 4767 3252 4840 quando
3279 4767 3448 4822 homo
3496 4779 3722 4821 amorem

2142 4867 2498 4917 terrenarum
2554 4876 2765 4926 rerum,
2819 4859 3059 4913 ﬁliorum
3110 4857 3388 4921 videlicet,
3440 4854 3720 4928 possessio-

2143 4966 2299 5014 num,
2365 4949 2704 5015 divitiarum,
2774 4947 3048 5018 praaponit
3109 4947 3291 5001 amori
3342 4942 3721 5017 omnipotentis

2142 5039 2264 5108 Dei,
2301 5043 2357 5094 et
2383 5038 2594 5093 recedit
2623 5055 2656 5091 a
2685 5039 2800 5092 Deo
2829 5052 2928 5108 per
2967 5035 3123 5101 talia,
3161 5035 3257 5106 qui
3287 5035 3370 5089 vir
3397 5035 3594 5089 anima:
3620 5035 3712 5085 est.

2141 5129 2330 5186 Tertio
2362 5134 2448 5182 est
2472 5126 2764 5181 fornicatio
2792 5125 3115 5196 corporalis,
3154 5125 3288 5195 quia
3317 5125 3444 5195 quis
3468 5121 3575 5177 coit
3604 5134 3714 5174 cum

2147 5216 2552 5283 meretricibus,
2582 5216 2670 5270 vel
2701 5230 3034 5286 quocunque
3061 5213 3228 5268 modo
3257 5212 3545 5268 libidinem
3572 5223 3714 5264 suam

2145 5308 2346 5380 explet.

2187 5397 2247 5451 Ut
2259 5399 2393 5451 sciat
2409 5396 2789 5464 unusquisque
2805 5397 3224 5446 vestrumsuum
3238 5389 3416 5448 vas,id
3435 5395 3516 5444 est
3537 5399 3720 5456 corpus

2147 5492 2312 5541 suum
2334 5490 2390 5538 et
2413 5499 2614 5554 corpus
2635 5481 2824 5536 uxoris
2845 5497 2978 5544 sua,
2987 5481 3258 5548 possidere
3279 5482 3343 5532 in
3356 5477 3720 5546 sanctiﬁcatio-

2151 5591 2236 5641 ne,
2255 5573 2313 5630 id
2327 5579 2412 5628 est
2430 5573 2488 5628 in
2501 5570 2784 5640 castitate,
2795 5573 2842 5624 et
2859 5569 3059 5623 honore
3067 5569 3240 5624 .Tunc
3251 5568 3490 5623 honorat
3504 5565 3718 5639 quisque
