3966 6156
263 295 363 353 769

874 305 1253 362 EXPOSITIO
1293 309 1370 363 IN
1412 310 1563 365 EPP.
1607 312 1663 366 S.
1717 307 1949 363 PAULI.
1985 334 2050 347 —
2092 306 2166 360 IN
2210 307 2430 363 EPIST.
2474 311 2494 364 l
2537 310 2632 365 AD
2671 310 2917 365 TIIESS.

3436 309 3541 368 770

259 440 461 496 corpus
495 434 744 494 suum,et
757 446 960 500 corpus
981 429 1167 484 uxoris
1183 436 1548 504 suae,quando
1563 435 1809 490 abstinet
1829 451 1863 487 a
1880 431 1930 489 A
1951 436 2006 483 et
2032 431 2401 502 impudicitia,
2437 439 2492 486 et
2527 449 2860 503 quocunque
2889 433 3054 486 modo
3098 433 3300 504 aliquis
3337 440 3544 489 semet-

258 513 407 568 coitu
435 528 446 561 :
482 516 614 586 quia
643 534 844 586 corpus
865 524 1082 574 castum
1112 523 1403 583 servando,
1441 525 1562 593 ejus
1579 523 1758 578 oratio
1777 541 1864 578 ca-

165 621 170 625 ·
259 601 400 655 stior
423 611 483 658 et
513 606 796 676 acceptior
823 612 910 660 est
938 608 1204 662 DeoJVon
1236 612 1297 662 in
1313 614 1564 677 passione
1579 613 1857 666 desiderii.

258 691 450 747 Passio
467 694 728 750 desiderii
749 703 834 751 est
860 699 1083 768 quando
1105 698 1272 753 homo
1299 701 1450 755 velut
1469 718 1646 772 equus
1667 707 1724 756 et
1742 719 1861 757 mu-

259 779 367 848 lus,
397 783 493 852 qui
519 785 782 840 suntsine
802 785 1109 851 intellectu,
1136 804 1380 860 praeceps
1400 789 1580 844 fertur
1594 790 1662 844 ad
1680 791 1862 846 libidi-

257 886 406 936 nem,
438 887 540 926 nec
569 873 756 928 frenat
792 875 1049 929 ardorem
1091 875 1361 940 libidinis,
1397 885 1655 950 respectu
1696 886 1752 935 et
1789 881 1863 934 ti-

257 975 414 1013 more
440 961 844 1032 omnipotentis
876 963 996 1017 Dei.
1024 965 1177 1020 Sicut
1219 971 1401 1034 gentes
1435 984 1554 1034 quae
1598 972 1862 1037 ignorant

257 1049 454 1103 Deum.
497 1049 706 1105 Gentes
759 1068 881 1123 quae
927 1053 1191 1122 ignorant
1247 1054 1425 1109 Deum
1484 1057 1862 1114 fornicatrices

261 1143 412 1202 sunt,
444 1145 500 1192 et
537 1139 775 1195 nimium
816 1140 1266 1210 libidinideditze,
1296 1148 1490 1214 utpote
1516 1163 1628 1200 non
1655 1146 1863 1202 haben-

256 1231 339 1279 tes
371 1227 748 1297 cognitionem
780 1231 900 1295 Dei,
936 1231 1079 1285 sicut
1118 1237 1252 1286 sunt
1279 1233 1480 1298 Mauri,
1509 1235 1768 1302 Vandali,
1802 1242 1859 1291 et

254 1316 499 1369 maxime
554 1317 866 1386 Sarraceni,
896 1319 1176 1374 intantum
1227 1328 1292 1375 ut
1352 1323 1578 1392 plurimi
1630 1324 1855 1381 illorum

253 1403 546 1474 sexaginta
579 1411 636 1459 et
663 1423 728 1460 eo
753 1407 993 1477 amplius
1032 1425 1233 1464 uxores
1262 1409 1526 1478 habeant,
1559 1417 1617 1467 et
1633 1419 1718 1468 est
1733 1431 1857 1470 sen-

252 1507 375 1546 sus:
416 1492 620 1549 Cavete
641 1501 698 1549 et
725 1495 1013 1552 observate
1045 1514 1116 1552 ne
1143 1497 1380 1553 nimium
1404 1504 1462 1554 et
1481 1501 1855 1558 immoderate

251 1579 475 1636 libidini
505 1583 829 1649 servientes,
865 1585 1190 1641 eﬂiciamini
1216 1586 1424 1642 similes
1452 1589 1733 1660 gentibus,
1758 1593 1855 1664 qui

252 1668 433 1724 Deum
457 1671 735 1727 castitatis
746 1680 1053 1728 amatorem
1075 1675 1358 1746 ignorant,
1384 1683 1440 1732 et
1457 1694 1582 1733 cum
1601 1680 1681 1734 eis
1703 1681 1858 1736 dam-

1945 519 2130 590 ipsum
2162 521 2403 591 polluat.
2444 521 2822 576 Sanctiﬁcatio
2849 529 3037 575 autem
3078 521 3189 576 ista
3215 529 3434 576 constat
3479 524 3540 579 in

1944 607 2309 672 orationibus,
2332 609 2390 662 in
2408 609 2660 679 jejuniis,
2682 609 2740 663 in
2752 610 3141 681 eleemosynis,
3174 609 3232 664 in
3253 610 3540 680 hospitali-

1943 700 2078 760 tate,
2100 697 2157 750 in
2178 698 2471 763 charitate,
2492 697 2818 768 caeterisque
2838 698 3154 752 virtutibus.
3177 699 3384 754 Beatus
3397 701 3544 770 Apo-

1943 784 2118 838 stolus
2151 802 2307 839 more
2336 792 2660 840 sanctorum
2692 787 2921 840 Patrum
2951 786 3172 840 volebat
3190 787 3542 842 sanctificata

1943 871 2487 941 Thessalonicenses,
2521 875 2664 929 sicut
2692 874 2933 944 legimus
2957 875 3105 945 quod
3135 876 3354 947 Moyses
3373 877 3543 946 legis-

1945 961 2106 1028 lator,
2141 963 2377 1017 daturus
2412 964 2615 1034 legem,
2645 963 3014 1018 sanctiﬁcavit
3033 965 3322 1035 populum,
3354 965 3412 1018 id
3456 969 3542 1020 est

1944 1050 2164 1104 monuit
2193 1056 2256 1104 ut
2283 1058 2473 1105 sancte
2498 1052 2742 1105 viventes
2759 1057 2816 1106 et
2844 1052 3039 1106 mundi
3068 1052 3541 1124 manentes,digni

1944 1144 2132 1192 essent
2151 1140 2346 1193 audire
2379 1157 2561 1193 vocem
2579 1141 2825 1206 Domini,
2860 1147 2917 1194 et
2935 1141 3220 1212 percipere
3250 1142 3371 1212 ejus
3385 1158 3530 1212 prm-

1939 1233 2118 1297 cepta,
2144 1228 2333 1282 dicens
2361 1248 2371 1282 :
2407 1229 2870 1294 Sanctificamini,
2897 1229 3078 1283 lavate
3093 1230 3426 1284 vestimenta
3444 1246 3538 1285 ve-

1938 1322 2075 1379 stra,
2101 1315 2378 1370 abstinete
2417 1316 2486 1370 ab
2547 1317 2813 1371 uxoribus
2861 1318 3078 1370 vestris.
3111 1318 3169 1372 Si
3210 1334 3342 1388 ergo
3387 1319 3536 1374 Deus

1939 1404 2064 1458 illos
2093 1406 2310 1460 vocavit
2339 1405 2394 1459 in
2424 1405 2946 1468 sanctificationem,
2979 1412 3188 1476 quanto
3222 1406 3402 1476 magis
3434 1423 3536 1462 nos

1939 1510 2078 1564 quos
2104 1494 2344 1549 redemit
2364 1494 2639 1564 sanguine
2668 1511 2789 1561 suo,
2825 1500 2883 1549 et
2912 1495 3204 1549 mundavit
3230 1511 3330 1565 per
3350 1495 3539 1566 bapti-

1938 1580 2046 1636 smi
2073 1583 2339 1653 gratiam,
2363 1582 2419 1636 in
2451 1582 2954 1637 sanctiﬁcationem
2984 1582 3213 1648 vocavit,
3259 1587 3538 1654 quatenus

1940 1669 2107 1739 digne
2131 1671 2414 1740 possimus
2440 1671 2704 1725 accedere
2728 1671 2798 1724 ad
2849 1676 3261 1726 sacramentum
3290 1671 3540 1744 corporis

251 1758 486 1825 nemini,
511 1765 567 1815 et
595 1761 772 1816 multo
801 1762 1064 1833 amplius,
1099 1765 1232 1833 quia
1260 1781 1454 1821 servus
1484 1767 1579 1838 qui
1611 1769 1717 1824 εοίι
1755 1787 1852 1826 νο-
1872 1778 1920 1838 Β
1939 1763 1995 1810 et
2024 1757 2313 1828 sanguinis
2333 1757 2493 1828 ejus?
2520 1757 2790 1813 Similiter
2810 1757 3007 1812 beatus
3027 1757 3136 1812 Job
3158 1758 3419 1814 mittebat
3437 1775 3538 1830 per

251 1845 531 1902 luntatem
551 1849 775 1905 Domini
806 1851 912 1917 sui,
946 1858 1003 1906 et
1021 1869 1134 1906 non
1161 1853 1296 1908 facit
1323 1856 1614 1926 vapulabit
1641 1859 1852 1916 multis:

253 1939 311 1988 et
341 1935 547 1990 melius
577 1943 664 1992 est
693 1940 839 1994 viam
868 1941 1120 1996 veritatis
1148 1958 1260 1997 non
1301 1961 1652 2015 cognoscere,
1685 1964 1856 2019 quam

253 2029 450 2094 postea
482 2031 792 2082 retrorsum
832 2028 1005 2084 abire.

330 2114 398 2166 Et
431 2131 496 2166 ne
524 2118 647 2182 quis
676 2120 1152 2187 supergrediatu-r,
1187 2135 1356 2188 neque
1371 2124 1768 2180 circumveniat
1793 2130 1856 2181 in

255 2203 470 2266 negotio
497 2202 732 2268 fratrem
775 2221 960 2260 suum.
997 2207 1202 2261 Beatus
1249 2208 1550 2278 Apostolus
1605 2212 1854 2284 sociique

253 2289 378 2358 ejus
408 2290 788 2360 praedicabant
807 2299 975 2365 atque
1005 2295 1316 2350 suadebant
1339 2296 1454 2351 suis
1479 2299 1847 2370 auditoribus,

251 2377 452 2432 diebus
480 2379 639 2434 festis
661 2381 922 2436 etdiebus
945 2383 1291 2453 jejuniorum
1331 2383 1614 2441 abstinere
1634 2405 1699 2442 ex
1717 2407 1851 2446 con-

251 2480 424 2519 sensu
454 2465 524 2520 ab
544 2469 698 2522 omni
729 2469 898 2536 coitu,
932 2472 1082 2541 quod
1133 2477 1190 2526 et
1219 2472 1384 2527 multi
1412 2473 1691 2530 faciebant
1719 2477 1851 2532 obe-

250 2552 470 2608 dientes
498 2557 788 2628 praeceptis
817 2564 870 2612 et
902 2559 1306 2615 monitionibus
1337 2562 1473 2631 ejus.
1500 2562 1569 2618 Et
1596 2580 1666 2618 ne
1690 2565 1851 2621 forsi-

250 2645 347 2694 tan
372 2641 578 2712 aliquis
607 2651 735 2714 post
777 2646 1034 2701 devotam
1077 2647 1481 2703 continentiam
1539 2650 1846 2722 instigante

251 2727 479 2783 diabolo
509 2739 904 2801 provocaretur
933 2736 1002 2789 ad
1029 2736 1236 2790 coitum
1281 2737 1391 2791 illis
1421 2737 1618 2794 diebus
1643 2742 1848 2812 quibus

253 2816 830 2886 habebantdevotum,
848 2823 927 2877 ait
947 2823 1346 2895 ApostoluszEt
1368 2842 1437 2880 ne
1457 2827 1582 2898 quis
1605 2816 1852 2886 vestrum

256 2908 737 2976 supergrediatur,
767 2926 947 2982 neque
977 2912 1378 2968 circumveniat
1402 2914 1458 2969 in
1487 2918 1716 2987 negotio
1744 2920 1852 2976 isto

256 2993 459 3060 coitus,
493 2995 550 3050 id
571 3002 660 3051 est
683 3015 753 3052 ne
782 3001 970 3070 aliquo
1010 3001 1479 3058 circumventione
1529 3005 1850 3063 violentiam

248 3081 455 3137 inferat
483 3084 687 3156 aliquis
703 3088 824 3158 pari
844 3105 964 3150 suo,
999 3091 1204 3145 volenti
1230 3097 1420 3146 votum
1452 3110 1694 3162 servare,
1725 3114 1853 3168 pro-

251 3171 502 3226 vocando
532 3190 659 3228 eum
689 3176 757 3230 ad
785 3177 1014 3244 coitum,
1039 3179 1136 3233 sed
1174 3196 1237 3233 ex
1264 3197 1538 3237 consensu
1579 3183 1649 3237 ab
1701 3188 1852 3242 omni

250 3259 404 3314 coitu
425 3253 764 3331 abstineant,
790 3265 934 3320 sicut
961 3267 1320 3334 devoverant,
1353 3271 1486 3340 quia
1522 3272 1721 3328 melius
1767 3280 1852 3330 est

251 3364 365 3402 non
386 3365 605 3417 vovere,
637 3368 805 3422 quam
827 3359 1019 3408 votum
1059 3371 1171 3409 non
1217 3356 1469 3426 implere.
1505 3359 1646 3413 Cum
1698 3361 1850 3418 enim

251 3439 408 3492 omni
439 3444 692 3510 tempore
717 3443 896 3497 oratio
921 3444 1132 3498 munda
1159 3445 1378 3516 placeat
1423 3447 1558 3511 Deo,
1589 3453 1724 3505 tunc
1767 3457 1854 3506 est

250 3527 537 3598 acceptior
565 3535 622 3583 et
645 3531 947 3600 gratiosior
981 3533 1130 3603 apud
1169 3534 1346 3590 Deum
1378 3538 1600 3607 quando
1641 3541 1850 3596 mundo

250 3615 422 3682 corde
452 3621 510 3670 et
539 3633 767 3689 corpore
817 3621 1090 3689 funditur,
1119 3621 1314 3678 diebus
1359 3626 1569 3682 scilicet
1603 3629 1850 3698 jejunio-

251 3719 402 3758 rum.
421 3705 582 3760 Unde
612 3707 883 3764 Dominus
904 3710 985 3764 ait
1009 3727 1110 3782 per
1124 3713 1454 3783 prophetam
1482 3734 1492 3768 :
1516 3717 1850 3784 Egrediatur

252 3796 574 3862 sponsiude
631 3799 804 3851 cubiti
851 3816 968 3865 suo,
994 3805 1044 3854 et
1094 3817 1290 3869 sponsa
1335 3805 1398 3856 de
1453 3804 1696 3859 thalamo
1754 3824 1852 3863 suo

254 3886 403 3954 (Joet.
439 3888 520 3954 II),
543 3903 808 3958 sponsum
839 3894 894 3943 et
921 3905 1187 3960 sponsam
1218 3891 1277 3944 in
1305 3891 1411 3946 hoc
1439 3893 1557 3947 loco
1588 3895 1854 3966 conjuga-

249 3977 340 4027 tos
369 3972 640 4029 debemus
666 3976 997 4047 intelligere:
1026 3978 1172 4033 Dicit
1192 3979 1340 4034 enim
1362 3980 1558 4036 beatus
1579 3983 1852 4056 Hierony-

249 4079 400 4126 mus,
423 4064 557 4132 quia
585 4063 795 4119 frustra
833 4067 1142 4122 assumitur
1169 4069 1501 4139 pcenitentia
1529 4071 1588 4125 in
1617 4088 1749 4127 voce
1798 4078 1856 4128 et

1941 1845 2194 1915 singulos
2219 1847 2338 1901 dies
2367 1848 2437 1900 ad
2469 1847 2610 1900 filios
2632 1863 2782 1909 suos,
2801 1847 2896 1917 qui
2917 1847 3149 1900 forsitan
3167 1848 3355 1902 uxoris
3377 1854 3538 1902 extra

1939 1935 2166 1989 domum
2199 1936 2322 2005 ejus
2359 1935 2707 2003 habitabant;
2733 1940 2790 1990 et
2815 1935 3197 1990 sanctiﬁcabat
3224 1953 3338 2003 eos,
3363 1937 3421 1991 id
3447 1941 3534 1993 est

1939 2023 2202 2078 monebat
2231 2040 2327 2078 eos
2354 2030 2544 2078 sancte
2575 2024 2775 2090 vivere,
2801 2029 3079 2095 quatenus
3100 2025 3326 2080 illorum
3361 2026 3534 2082 sacri-

1936 2113 2062 2166 ﬁcia
2092 2121 2149 2167 et
2172 2117 2307 2167 vota
2327 2119 2555 2184 accepta
2573 2113 3014 2168 essent.Samuel
3043 2130 3267 2185 quoque
3291 2131 3420 2170 cum
3438 2131 3535 2170 ve-

1937 2201 2111 2256 nisset
2142 2218 2352 2272 ungere
2383 2201 2557 2256 David
2587 2201 2645 2255 in
2696 2217 2953 2272 regnum,
3001 2202 3214 2256 vocavit
3252 2203 3361 2258 Isai
3390 2210 3448 2258 et
3474 2205 3536 2258 ﬁ-

1935 2291 2039 2344 lios
2071 2291 2192 2360 ejus
2221 2291 2291 2344 ad
2317 2291 2653 2344 sacriﬁcium
2697 2296 2754 2344 et
2793 2290 3167 2344 sanctificavit
3209 2307 3324 2356 eos,
3356 2292 3411 2346 id
3445 2297 3535 2348 est

1936 2379 2155 2432 monuit
2182 2385 2248 2432 ut
2269 2379 2410 2432 tales
2438 2396 2498 2433 se
2523 2385 2926 2450 praepararent,
2955 2385 3234 2450 quatenus
3262 2381 3415 2452 digni
3442 2397 3534 2436 es-

1935 2473 2059 2522 sent
2081 2473 2239 2522 tanto
2264 2468 2493 2534 honore,
2527 2485 2768 2539 quorum
2797 2468 2972 2523 frater
3000 2485 3033 2522 a
3054 2470 3170 2524 Deo
3202 2469 3260 2523 in
3290 2485 3530 2540 regnum

1935 2562 2058 2610 erat
2085 2557 2310 2612 electus.
2341 2557 2428 2611 Sic
2446 2557 2697 2627 quotidie
2710 2573 2811 2610 nos
2837 2556 3189 2611 sanctificant
3213 2559 3450 2628 apostoli
3473 2564 3532 2614 et

1933 2645 2109 2699 sancti
2139 2645 2394 2699 doctores
2423 2644 2540 2698 suis
2570 2645 2734 2698 dictis
2760 2645 3112 2699 admonendo
3139 2651 3204 2700 ut
3229 2652 3422 2701 sancte
3444 2647 3526 2700 vi-

1934 2749 2144 2798 vamus,
2173 2739 2450 2803 quatenus
2475 2733 2631 2803 digni
2647 2733 2825 2788 simus
2852 2751 2964 2788 non
3007 2735 3188 2788 solum
3222 2735 3532 2790 Christiani

1933 2822 2135 2883 vocari,
2170 2821 2266 2875 sed
2298 2828 2355 2875 et
2384 2821 2482 2876 ﬁlii
2512 2822 2633 2887 Dei,
2668 2829 2724 2876 et
2756 2828 2818 2877 ut
2853 2823 3003 2877 Deus
3047 2823 3403 2894 omnipotens
3441 2824 3532 2879 di-

1933 2917 2141 2981 gnetur
2163 2910 2222 2964 in
2251 2910 2410 2964 nobis
2439 2910 2715 2966 habitare.

2007 3001 2194 3067 Itaque
2215 3003 2315 3068 qui
2345 3001 2470 3065 haec,
2491 2999 2759 3054 subaudis
2788 2999 2971 3065 verba,
3005 3003 3236 3070 spernit,
3265 3001 3524 3073 despicit,

1937 3093 1992 3142 et
2012 3087 2339 3153 contemnit,
2372 3105 2482 3142 non
2515 3089 2791 3143 hominem
2821 3092 3051 3157 spernit,
3077 3089 3134 3144 id
3169 3096 3254 3145 est
3296 3107 3408 3146 non
3438 3107 3530 3147 me

1935 3176 2188 3247 despicit,
2219 3179 2308 3231 sed
2337 3178 2529 3243 Deum,
2557 3177 2714 3247 cujus
2739 3177 2908 3232 verba
2926 3179 3121 3245 recito,
3152 3184 3210 3233 et
3230 3179 3325 3250 qui
3347 3180 3533 3252 loqui-

1935 3271 2036 3320 tur
2066 3282 2166 3337 per
2190 3282 2252 3320 os
2281 3282 2488 3320 meum.

2003 3355 2277 3409 Nolumus
2289 3358 2548 3423 ignorare
2567 3371 2656 3410 vos
2675 3356 2738 3408 de
2753 3355 3251 3422 dormientibus,ut
3274 3372 3386 3410 non
3399 3371 3525 3412 con-

1936 3447 2256 3510 tristemini,
2281 3446 2424 3497 sicut
2445 3448 2491 3497 et
2515 3447 2695 3498 ceteri
2721 3445 2821 3512 qui
2829 3460 2975 3512 spem
2995 3461 3106 3499 non
3124 3444 3535 3503 habent.Philo-

1933 3532 2094 3603 sophi
2119 3537 2176 3586 et
2195 3532 2702 3602 gentilesinﬁdeles
2726 3548 2839 3586 non
2851 3533 3148 3587 credentes
3169 3533 3532 3589 resurrectio-

1931 3637 2081 3682 nem,
2116 3621 2322 3674 multos
2346 3637 2410 3674 ex
2435 3621 2538 3674 hoc
2562 3619 2933 3691 decipiebant,
2957 3626 3232 3689 negantes
3271 3636 3536 3676 resurre-

1933 3709 2195 3772 ctionem,
2220 3715 2276 3762 et
2303 3708 2580 3762 faciebant
2608 3708 2928 3762 contristari
2959 3713 3016 3762 et
3040 3709 3231 3763 dolere
3261 3709 3330 3762 de
3349 3713 3532 3765 morte

1934 3797 2397 3867 propinquorum.
2435 3797 2503 3851 Et
2524 3813 2637 3850 non
2677 3796 2860 3850 solum
2906 3796 3184 3866 infideles,
3219 3798 3316 3852 sed
3361 3796 3532 3853 etiam

1933 3884 2100 3940 multi
2125 3883 2375 3938 fidelium
2401 3884 2552 3954 apud
2582 3884 2914 3938 Macedones
2933 3891 2990 3938 et
3009 3885 3533 3943 Thessalonicenses

1936 3971 2415 4027 contristabantur
2438 3972 2506 4026 de
2537 3977 2716 4026 morte
2748 3977 3067 4043 parentum,
3093 3989 3206 4027 non
3237 3973 3530 4029 credentes

1937 4079 2032 4116 eos
2052 4066 2482 4115 resurrecturos.
2524 4060 2738 4130 Pagani
2769 4077 2901 4131 ergo
2931 4065 2988 4115 et
3029 4061 3286 4117 infideles
3330 4063 3534 4118 merito

250 4148 469 4215 habitu,
493 4149 602 4205 nisi
632 4152 803 4205 etiam
834 4153 1188 4209 abstineatur
1217 4171 1251 4208 a
1279 4155 1650 4213 delectatione
1671 4159 1856 4214 carnis
1938 4149 2418 4205 contristabantur
2444 4149 2512 4204 de
2546 4155 2728 4204 morte
2748 4150 3139 4221 suorum,quia
3162 4166 3263 4221 per
3283 4156 3528 4207 mortem

250 4242 308 4290 et
328 4237 528 4292 coitus.
561 4239 754 4294 Potest
782 4246 839 4294 et
864 4241 932 4294 de
954 4243 1107 4296 omni
1146 4243 1370 4313 negotio
1400 4251 1456 4299 et
1487 4247 1851 4303 mercimonio
1935 4239 2300 4310 temporalem
2327 4237 2729 4310 perveniebant
2758 4239 2828 4292 ad
2859 4239 3230 4294 antemarum
3260 4255 3389 4294 vero
3406 4255 3534 4295 cre-

250 4325 514 4425 intelligi,
552 4332 616 4381 ut
642 4343 808 4425 nemo
836 4329 1038 4385 debeat
1060 4331 1318 4386 fraudem
1348 4333 1526 4388 facere
1548 4335 1727 4402 fratri,
1758 4353 1853 4392 ne.
1867 4329 2220 4425 Ddenteqet
2235 4328 2509 4425 infideles,
2530 4328 2731 4382 merito
2762 4327 3241 4425 contristabantur
3253 4345 3430 4425 super
3447 4345 3536 4386 re-

251 4431 363 4485 que
384 4414 1259 4487 circumvenireillum.0uoniam
1281 4423 1480 4476 vindex
1493 4429 1568 4478 est
1584 4426 1851 4480 Dominus

249 4506 314 4559 de
344 4506 429 4560 hic
454 4507 860 4562 omnibus.Non
876 4508 1057 4562 solum
1081 4509 1149 4563 de
1166 4508 1534 4564 fornicatione
1551 4517 1608 4566 et
1627 4511 1852 4582 publica

249 4595 621 4666 turpitudine,
651 4595 749 4650 sed
777 4596 946 4650 etiam
970 4597 1038 4652 de
1064 4598 1510 4668 transgressione
1521 4601 1700 4655 omnis
1722 4601 1853 4658 boni

251 4682 547 4753 propositi,
580 4683 733 4737 verbi
754 4685 958 4754 gratia,
991 4685 1136 4740 sicut
1160 4685 1230 4739 de
1255 4686 1366 4740 illis
1396 4687 1493 4758 qui
1519 4686 1730 4743 faciunt
1753 4706 1852 4745 vo-

249 4775 396 4834 tum,
426 4777 494 4827 ut
519 4789 584 4828 ex
615 4788 890 4828 consensu
919 4772 1237 4828 abstineant
1255 4790 1289 4828 a
1315 4775 1466 4830 coitu
1500 4781 1751 4848 tempore
1769 4779 1850 4848 je-

243 4860 393 4929 junii
415 4867 473 4914 et
492 4863 847 4931 postmodum
871 4878 984 4916 non
1001 4863 1314 4934 adimplent
1328 4865 1851 4934 promissum.Sicut

244 4949 617 5016 pradiximus
641 4951 806 5016 vobis,
831 4949 1099 5005 subaudis
1137 4957 1462 5022 praesentes,
1495 4959 1544 5007 et
1571 4957 1852 5021 testiﬁcati

248 5050 468 5104 sumus,
499 5035 580 5090 ita
607 5037 716 5090 erit
742 5037 1014 5093 Dominus
1043 5038 1240 5094 vindex
1268 5041 1336 5094 de
1358 5041 1638 5096 omnibus.

322 5126 448 5180 Non
478 5128 627 5178 enim
647 5129 852 5179 vocavit
879 5143 975 5180 nos
997 5129 1156 5194 Deus,
1180 5129 1251 5182 ad
1273 5130 1442 5184 fidem
1463 5146 1621 5184 suam
1644 5135 1702 5184 et
1718 5146 1853 5201 gra-

247 5213 410 5281 tiam,
445 5221 502 5268 et
520 5213 592 5268 ad
623 5214 863 5286 patriam
892 5216 1194 5284 caelestem,
1225 5221 1287 5272 in
1314 5220 1760 5284 immunditiam,
1791 5223 1854 5273 ut

248 5303 629 5358 immunditiae
651 5305 980 5373 serviamus,
1012 5307 1103 5359 sed
1146 5309 1211 5360 in
1239 5311 1754 5375 sanctiﬁcationem,
1786 5313 1853 5364 ut

246 5398 444 5448 sancte
469 5392 740 5455 vivamus,
769 5393 949 5448 sancti
975 5394 1465 5460 simus,imitantes
1494 5411 1624 5450 eum
1653 5396 1751 5468 qui
1771 5397 1854 5452 di-

246 5481 367 5540 xit:
399 5481 594 5538 Sancti
617 5487 797 5550 estote,
827 5486 963 5552 quia
991 5500 1086 5552 ego
1113 5489 1334 5538 sanctus
1373 5500 1499 5538 sum
1550 5484 1693 5556 (Lev.
1745 5487 1846 5556 x1).

248 5567 635 5629 Immunditiae
653 5572 881 5630 nomine
891 5571 1229 5648 intelligitur
1243 5572 1427 5632 omnis
1439 5572 1852 5633 incontinentis

1933 4435 2093 4473 cessu
2123 4417 2396 4488 ﬁdelium,
2418 4417 2550 4488 quia
2579 4434 2679 4489 per
2722 4421 2962 4472 mortem
2995 4418 3364 4489 temporalem
3403 4435 3534 4491 per-

1934 4507 2234 4563 veniebant
2257 4507 2327 4561 ad
2357 4508 2531 4560 vitam
2553 4507 3208 4579 aeternam.Quapropter
3229 4508 3417 4562 volens
3443 4524 3540 4564 eos

1935 4599 2244 4669 Apostolus
2269 4596 2576 4651 certiﬁcare
2601 4595 2670 4650 de
2700 4596 3130 4660 resurrectione,
3163 4602 3220 4650 et
3256 4597 3536 4654 consolari

1932 4704 2102 4758 super
2127 4691 2307 4742 morte
2336 4685 2800 4756 propinquorum,
2831 4684 2944 4738 ait:
2978 4684 3119 4738 Nolo
3150 4700 3244 4738 vos
3273 4685 3538 4754 ignoran-

1932 4782 2018 4831 tes
2044 4777 2278 4831 reddere
2307 4775 2377 4829 de
2401 4772 2970 4842 dormientibus,quia
2993 4772 3363 4826 resurrecturi
3375 4778 3528 4842 sunt,

1932 4870 1998 4920 ut
2025 4882 2136 4920 non
2158 4861 2568 4919 contristemini
2596 4877 2765 4932 super
2787 4865 2968 4915 morte
2999 4876 3214 4928 eorum,
3239 4861 3384 4916 sicut
3411 4861 3536 4918 infl-

1931 4955 2085 5009 deles
2113 4955 2212 5025 qui
2241 4969 2354 5007 non
2375 4951 2585 5005 habent
2614 4965 2770 5020 spem
2804 4948 3155 5020 resurgendi.

2010 5043 2073 5099 Si
2100 5045 2250 5095 enim
2276 5042 2550 5094 credimus
2567 5039 2710 5107 quod
2729 5039 2883 5091 Jesus
2902 5042 3158 5092 mortuus
3181 5042 3256 5092 est
3281 5044 3330 5092 et
3351 5055 3544 5096 resur-

1938 5134 2103 5196 rexit,
2123 5135 2202 5184 ita
2220 5136 2270 5183 et
2292 5130 2429 5183 Deus
2449 5127 2620 5181 Pater
2636 5143 2719 5180 eos
2741 5129 2841 5194 qui
2855 5129 3208 5182 dormierunt
3228 5144 3330 5198 per
3345 5132 3534 5189 Jesum

1936 5221 2164 5274 adducet
2185 5234 2311 5271 cum
2336 5233 2409 5271 eo.
2429 5215 2630 5270 Miram
2663 5231 2782 5269 rem
2813 5215 2894 5270 ait
2920 5216 3536 5287 Apostolus.Christum

1936 5307 2031 5379 qui
2050 5309 2169 5379 jam
2196 5305 2348 5372 vivit,
2379 5309 2436 5358 et
2455 5321 2755 5376 resurgens
2780 5321 2815 5359 a
2839 5305 3078 5360 mortuis
3095 5307 3214 5377 jam
3237 5322 3352 5362 non
3367 5309 3542 5365 mori-

1932 5401 2046 5461 tur,
2077 5395 2214 5450 dicit
2240 5393 2413 5448 fuisse
2435 5399 2743 5459 mortuum,
2774 5399 2832 5448 et
2851 5394 3056 5449 electos
3078 5401 3335 5451 mortuos
3349 5397 3538 5467 appel-

1932 5486 2013 5540 lat
2048 5482 2706 5540 dormientes.Christum
2722 5499 2856 5555 ergo
2869 5483 3118 5556 appellat
3138 5489 3444 5550 mortuum,
3469 5489 3533 5540 ut

1932 5574 2067 5632 dum
2095 5573 2357 5633 audimus
2385 5577 2444 5632 et
2463 5572 2671 5632 scimus
2689 5572 2850 5630 illum
2866 5573 3042 5635 fuisse
3055 5577 3342 5630 mortuum
3367 5575 3425 5628 et
3440 5586 3534 5630 re-
