3966 6156
461 232 556 289 771

877 231 1254 288 HAYMONIS
1295 231 1782 289 HALBERSTAT.
1825 229 2048 288 EPISC.
2093 226 2252 282 OPP.
2297 225 2481 286 PARS
2519 226 2563 283 Ι.
2607 255 2666 267 -
2717 227 3089 284 COMMENT.
3131 231 3311 287 BIBL.

3613 232 3709 288 772

461 359 787 422 surrexisse,
822 374 924 411 nos
955 373 1177 428 quoque
1197 373 1486 428 speremus
1519 362 1933 413 resurrecturos
1955 372 2056 428 per
2073 355 2118 414 A
2139 360 2290 422 xxv);
2326 357 2417 405 et:
2455 353 2751 421 Exsurgite
2783 353 2852 406 de
2901 355 3169 424 sepulcris
3209 357 3426 422 vestris,
3456 357 3709 414 occurrite

462 450 728 504 virtutem
757 446 1065 500 divinitatis
1095 447 1237 516 ejus.
1268 447 1486 501 Eiectos
1504 453 1663 502 vocat
1692 447 2054 513 dormientes,

464 536 731 608 quoniam
759 551 924 589 nemo
962 535 1254 590 hominum
1282 541 1398 590 tam
1432 534 1590 591 facile
1621 541 1805 606 potest
1845 535 2059 590 socium

463 641 630 682 suum
653 624 896 678 excitare
923 640 958 677 a
976 640 1193 690 somno,
1226 640 1392 694 quam
1421 625 1583 679 facile
1613 641 1808 679 omnes
1828 625 2061 680 suscita-

463 714 675 770 buntur
699 729 734 767 a
748 729 946 769 somno
967 712 1183 767 mortis.
1205 713 1365 777 Quod
1386 717 1576 769 autem
1595 713 1890 785 dicitquia
1905 714 2059 770 Deus

464 802 637 858 Pater
663 817 760 856 eos
789 802 886 873 qui
914 801 1265 857 dormierunt
1289 818 1390 874 per
1423 803 1638 870 Jesum,
1672 802 1914 858 adducet
1932 817 2059 858 cum

463 908 548 960 eo,
574 891 633 946 id
644 896 731 946 est
751 907 876 947 cum
893 890 1546 962 Jesu,adjudicium,tale
1572 897 1662 946 est
1680 908 1745 946 ac
1755 893 1803 946 si
1826 892 2060 947 diceret:

465 980 572 1045 Qui
592 979 946 1036 dormierunt
990 979 1049 1034 in
1093 981 1244 1046 Jesu,
1277 979 1359 1040 illi
1403 995 1605 1050 nempe
1657 981 1881 1036 venient
1931 997 2059 1036 cum

465 1069 688 1125 Christo
717 1069 774 1124 in
797 1068 981 1139 gloria
1005 1068 1074 1125 ad
1093 1068 1391 1138 judicium,
1425 1069 1522 1139 qui
1541 1070 1751 1126 mortui
1782 1074 1916 1124 sunt
1927 1075 2060 1126 ante

463 1159 585 1229 ejus
609 1158 932 1224 adventum,
962 1162 1021 1211 et
1051 1162 1246 1227 postea
1270 1157 1332 1212 in
1353 1157 1461 1211 fide
1505 1158 1783 1228 passionis
1831 1159 1970 1228 ejus,
2004 1163 2060 1216 et

463 1247 559 1318 qui
582 1247 744 1317 signo
764 1245 947 1302 crucis
973 1250 1106 1302 sunt
1119 1245 1344 1311 muniti,
1358 1250 1529 1316 atque
1558 1251 1909 1301 sacramento
1929 1263 2052 1301 cor-

464 1336 617 1407 poris
645 1341 702 1390 et
728 1333 1018 1404 sanguinis
1043 1334 1161 1404 ejus
1191 1333 1281 1387 die
1310 1333 1507 1390 mortis
1536 1335 2058 1402 muniti,credentes

464 1439 627 1484 suam
659 1424 902 1486 salutem
921 1421 1000 1475 ibi
1023 1421 1317 1478 contineri.
1341 1422 1488 1478 Dicit
1502 1422 1698 1479 beatus
1713 1425 2061 1494 Augustinus

465 1511 668 1570 merito
701 1527 802 1584 pro
823 1510 936 1566 illis
966 1515 1093 1581 post
1113 1515 1350 1566 mortem
1375 1511 1562 1566 offerri
1592 1512 1924 1567 sacriﬁcium
1947 1512 2060 1568 Deo

467 1605 527 1654 et
553 1616 754 1670 corpus
794 1598 1018 1658 Domini
1044 1599 1377 1666 consecrari,
1409 1599 1505 1671 qui
1537 1601 1706 1672 positi
1748 1601 1807 1655 in
1835 1601 2056 1668 saculo,

465 1687 822 1751 devotissime
843 1687 980 1742 illud
1018 1693 1408 1758 perceperunt.

540 1777 646 1832 Hoc
674 1779 824 1831 enim
848 1777 993 1832 vobis
1023 1779 1262 1832 dicimus
1286 1780 1349 1831 in
1376 1779 1532 1832 verba
1551 1779 1795 1841 Domini,
1817 1778 1874 1834 id
1891 1784 1978 1834 est
2003 1779 2062 1838 in

464 1883 634 1924 sensu
663 1866 907 1932 Domini,
940 1867 1074 1937 quia
1099 1868 1248 1922 Deus
1279 1867 1634 1938 omnipotens
1666 1868 1915 1938 loquitur
1961 1885 2062 1939 per

2142 442 2210 496 ad
2233 441 2510 512 judicium
2541 442 2898 513 Redemptori
2947 448 3146 497 vestro.
3176 445 3292 498 Ista
3322 461 3425 499 vox
3470 461 3575 516 qua
3603 462 3710 500 om-

2140 546 2240 584 nes
2269 530 2753 584 resuscitabuntur
2776 530 2915 586 bene
2937 537 3123 603 potest
3144 533 3413 608 appellari
3447 533 3713 592 tuba.Alio

2141 619 2306 674 modo
2327 617 2463 672 tuba
2485 637 2584 692 pro
2617 620 3068 676 manifestatione
3099 623 3342 693 ponitur,
3369 627 3433 678 ut
3466 623 3523 677 in
3551 624 3713 682 Evan-

2140 708 2286 780 gelio
2317 707 2400 761 ait
2430 708 2704 772 Dominus
2737 728 2748 763 :
2801 710 2939 764 Cum
2992 713 3132 779 facis
3179 714 3596 780 elecmosynam,
3617 716 3716 774 noli

2144 799 2273 860 tuba
2303 813 2496 860 cane-re
2518 804 2644 852 ante
2677 804 2723 852 te
2752 799 2974 870 (Matth.
3010 803 3104 866 v1),
3136 799 3194 854 id
3224 805 3309 862 est
3335 800 3448 860 noli
3483 789 3716 869 manifes}

2142 891 2200 941 te
2232 885 2432 954 facere,
2468 903 2539 942 ne
2555 886 2802 945 lauderis
2831 887 2900 942 ab
2939 888 3258 954 hominibus
3289 879 3432 946 sicut
3474 891 3713 962 hypocri-

2146 981 2235 1053 ta}.
2262 975 2327 1034 In
2357 975 2494 1030 tuba
2523 992 2655 1047 ergo
2681 977 2780 1031 Dei
2796 977 3096 1040 descendet
3129 968 3399 1033 Dominus
3420 979 3496 1040 de
3524 980 3718 1046 cmlodd

2146 1071 2231 1119 est
2259 1065 2555 1121 manifeste
2586 1065 2769 1126 veniet
2799 1066 2867 1120 ad
2911 1067 3206 1137 judicium,
3252 1053 3316 1121 ut
3361 1067 3431 1127 ab
3487 1069 3720 1125 omnibus

2143 1154 2328 1226 possit
2355 1154 2546 1219 videri,
2584 1155 2892 1210 secundum
2934 1155 3110 1210 illud:
3150 1143 3373 1214 Videbit
3402 1157 3584 1212 omnis
3611 1174 3718 1214 caro

2139 1243 2386 1299 salutare
2420 1243 2520 1297 Dei
2546 1245 2688 1314 (Luc.
2715 1244 2805 1313 III)
2853 1242 3006 1298 Licet
3035 1260 3168 1312 ergo
3190 1244 3418 1315 quidam
3443 1245 3720 1316 pueriliter

2141 1330 2540 1396 intellexerint,
2565 1331 2711 1402 quod
2738 1331 2950 1386 dictum
2973 1337 3059 1386 est
3076 1332 3134 1386 in
3161 1333 3280 1387 Joel
3309 1334 3616 1404 propheta:
3639 1323 3722 1400 lu;

2144 1419 2352 1482 dicium
2391 1419 2613 1474 Domini
2636 1421 2818 1475 veniet
2839 1421 2896 1476 in
2927 1421 3067 1474 valle
3091 1421 3374 1492 Josapbat,
3404 1423 3627 1494 quasiin
3644 1423 3724 1495 illa

2143 1508 2283 1561 valle
2301 1507 2660 1578 judicaturus
2690 1509 2762 1562 sit
2787 1525 2981 1564 omnes
2997 1516 3214 1579 gentes,
3244 1517 3454 1564 nonest
3486 1511 3723 1568 itaintel-

2142 1597 2452 1668 ligendum,
2490 1598 2755 1668 quoniam
2785 1616 2896 1652 non
2918 1616 3019 1669 pro
3042 1599 3181 1666 loco,
3213 1599 3310 1652 sed
3336 1617 3435 1670 pro
3463 1600 3718 1673 interpre-

2077 1671 2355 1747 Btatione
2385 1687 2523 1740 illud
2561 1704 2764 1742 nomen
2817 1689 3005 1758 posuit
3039 1687 3114 1744 ibi
3157 1689 3448 1760 propheta.
3480 1671 3727 1762 Josaphat

2143 1791 2386 1847 namque
2415 1774 2819 1852 interpretatur
2846 1779 3007 1830 callis
3027 1777 3260 1845 judicii,
3289 1783 3346 1832 et
3383 1778 3604 1833 Domini
3644 1780 3721 1834 ad-

2152 1869 2350 1918 ventus
2371 1863 2439 1917 ad
2461 1864 2735 1934 judicium
2769 1865 2827 1920 in
2856 1864 2997 1920 valle
3024 1865 3133 1919 erit
3171 1866 3443 1936 reprobis,
3477 1868 3609 1939 quia
3624 1868 3722 1922 ele-

465 1972 529 2011 os
549 1962 827 2022 nostrum,
853 1960 991 2024 quia
1012 1971 1109 2011 nos
1131 1959 1230 2024 qui
1252 1959 1511 2022 vivimus,
1527 1959 1627 2024 qui
1645 1958 1856 2012 residui
1876 1973 2069 2012 sumus
2153 1955 2256 2006 ctis
2279 1953 2507 2007 elevatis
2531 1954 2602 2007 ad
2633 1971 2877 2024 superna
2904 1971 3029 2009 cum
3061 1955 3320 2030 Domino,
3374 1956 3457 2010 illi
3495 1973 3722 2030 remane-

463 2048 528 2099 in
547 2047 845 2101 adventum
864 2047 1111 2110 Domini,
1143 2060 1255 2098 non
1263 2048 1659 2112 praeveniamus
1688 2061 1770 2098 eos
1807 2047 1907 2114 qui
1933 2047 2063 2100 dor-

463 2136 715 2190 mierunt
734 2133 794 2188 in
817 2132 1058 2199 Christo,
1089 2131 1256 2190 modo
1288 2148 1460 2202 supra
1492 2133 1769 2188 dicto.Sic
1802 2133 2063 2190 videntur

463 2221 584 2278 haec
603 2221 774 2276 verba
792 2221 1044 2291 Apostoli
1063 2237 1264 2274 sonare
1286 2221 1434 2291 quod
1460 2222 1760 2292 Apostolus
1785 2238 1886 2277 suo
1914 2227 2059 2278 tem-

464 2326 599 2382 pore
613 2309 1086 2366 demonstraverit
1098 2309 1247 2366 diem
1255 2309 1454 2380 judicii
1471 2315 1765 2365 venturum
1777 2356 1790 2370 .
1813 2311 1973 2368 Unde
2003 2317 2060 2372 et

463 2399 987 2454 Thessalonicenses
997 2399 1247 2469 legentes
1256 2399 1401 2460 hanc
1413 2398 1706 2469 epistolam
1721 2404 2062 2470 putaverunt

463 2492 718 2559 tempore
730 2487 982 2558 Apostoli
1000 2487 1150 2541 diem
1170 2487 1369 2557 judicii
1388 2489 2063 2561 venturum.Quapropter

463 2577 768 2649 alloquitur
805 2582 863 2632 et
883 2577 1209 2632 exhortatur
1229 2592 1324 2629 eos
1355 2575 1413 2630 in
1444 2577 1690 2632 secunda
1709 2577 1962 2648 epistola,
1979 2579 2062 2632 in-

464 2667 698 2737 quiens:
741 2665 926 2720 Nolite
961 2665 1164 2719 terreri
1213 2681 1314 2736 per
1343 2665 1651 2736 Epistolam
1689 2667 1851 2737 quasi
1891 2667 2064 2722 instet

415 2807 420 2812 .
463 2754 583 2810 dies
608 2753 852 2812 Domini.
877 2753 1360 2809 Considerandum
1385 2759 1470 2808 est
1495 2770 1648 2824 ergo,
1674 2755 1822 2826 quod
1845 2772 1910 2826 ei;
1940 2772 2062 2827 per-

463 2860 602 2900 sona
630 2845 934 2898 electorum
963 2842 1234 2914 loquitur,
1264 2843 1361 2913 qui
1391 2843 1497 2897 vivi
1525 2843 1584 2897 in
1631 2860 1864 2915 corpore
1904 2845 2060 2900 inve-

466 2933 659 2990 niendi
690 2938 824 2988 sunt
840 2933 899 2986 in
919 2932 1160 2986 adventu
1176 2932 1416 2996 Domini,
1448 2932 1544 3002 qui
1563 2933 1775 2987 residui
1797 2933 2062 2988 dicuntur

2147 2040 2288 2096 bunt
2315 2042 2373 2096 in
2391 2043 2521 2096 imis
2551 2048 2609 2096 et
2645 2042 2702 2097 in
2733 2043 3093 2103 inferioribus
3125 2043 3327 2098 inferni
3348 2045 3620 2115 partibus.
3649 2046 3723 2098 Di-

2145 2147 2337 2185 camus
2359 2136 2416 2185 et
2430 2131 2594 2188 tertio
2616 2131 2780 2188 modo
2795 2132 3100 2199 secundum
3118 2131 3344 2187 beatum
3357 2133 3716 2200 Ambrosium,

2143 2219 2248 2274 hoc
2287 2220 2435 2292 quod
2460 2220 2594 2274 dicit
2639 2221 2696 2276 in
2728 2221 2866 2278 tuba
2893 2221 2993 2276 Dei
3024 2221 3325 2296 descendet
3348 2222 3417 2276 de
3449 2223 3604 2278 caelo.
3631 2221 3719 2288 Le-

2141 2307 2326 2380 gimus
2358 2309 2502 2380 quod
2536 2309 2756 2382 Moyses
2779 2310 3067 2381 legislath
3095 2312 3333 2366 Domino
3385 2313 3722 2386 praecipiente

2143 2394 2336 2453 fecerit
2358 2397 2522 2454 tubas
2543 2405 2840 2469 argenteas
2871 2405 2927 2454 et
2946 2387 3140 2472 postea
3167 2401 3433 2455 Salomon
3453 2401 3513 2454 in
3529 2401 3716 2474 templo

2143 2485 2595 2562 Domini,qu_ibus
2627 2487 3038 2558 concrepabant
3063 2489 3120 2542 in
3145 2489 3597 2552 solemnitatibus
3615 2489 3722 2544 etin

2143 2575 2369 2645 praeliis,
2397 2575 2541 2630 sicut
2581 2576 2790 2630 factum
2817 2583 2904 2630 est
2933 2577 3155 2648 quando
3187 2577 3337 2631 muri
3361 2577 3577 2634 Jericho
3614 2594 3722 2632 cor-

2144 2669 2398 2731 ruerunt,
2424 2669 2480 2718 et
2510 2670 2705 2736 postea
2733 2682 2768 2719 a
2798 2653 3080 2730 Gedebne,
3104 2670 3162 2720 et
3195 2666 3341 2720 sicut
3375 2667 3446 2722 de
3474 2665 3722 2724 solemni-

2140 2751 2354 2819 tatibus
2385 2752 2519 2808 dicit
2537 2753 2865 2830 Psalmista:
2891 2757 3180 2810 Buccinale
3211 2758 3272 2809 in
3297 2759 3580 2810 neomenia
3607 2757 3720 2808 tuba

2141 2842 2311 2912 (Psal.
2344 2846 2530 2910 Lxxx).
2563 2842 2732 2896 Recte
2775 2859 2908 2914 ergo
2945 2843 3218 2900 Dominus
3259 2844 3318 2906 in
3361 2844 3497 2900 tuba
3536 2844 3724 2898 dicitur

2143 2929 2335 2986 venire
2364 2930 2433 2984 ad
2467 2930 2904 3002 judicium,quia
2934 2931 3134 3003 ipsead
3164 2933 3269 2987 hoc
3286 2932 3558 3000 veniet,ut
3575 2930 3718 3004 quasi

462 3039 587 3079 esse
601 3020 1068 3093 patriarcharum,
1096 3021 1496 3091 prophetarum
1504 3022 2118 3092 ,apostolorum,om-C
2142 3019 2199 3074 in
2226 3019 2416 3090 praelio
2447 3018 2687 3074 debellet
2717 3007 3065 3076 adversarios
3096 3038 3248 3091 suos,
3288 3022 3526 3086 Judaeos,
3563 3037 3718 3092 paga-

463 3112 732 3182 niumque
752 3115 1075 3166 sanctorum
1107 3109 1201 3180 qui
1232 3125 1327 3164 eos
1357 3115 1762 3181 praecesserunt
1803 3127 1904 3182 per
1930 3127 2060 3183 spa-

463 3201 544 3256 tia
571 3206 888 3271 temporum
921 3203 977 3252 et
1005 3198 1324 3268 praecedunt
1347 3198 1512 3252 modo
1545 3204 1716 3270 atque
1745 3200 2062 3270 praecedant

463 3305 641 3361 usque
671 3288 742 3343 ad
773 3288 921 3342 diem
939 3286 1154 3357 judicii,
1187 3286 1259 3340 ad
1289 3287 1541 3356 requiem
1567 3288 1906 3355 animarum,
1929 3289 2061 3360 quia

463 3383 592 3451 post
633 3378 761 3432 illos
801 3375 983 3431 relicti
1013 3379 1198 3429 erunt.
1230 3375 1368 3429 Tam
1397 3375 1553 3429 velox
1583 3393 1716 3446 ergo
1755 3377 1864 3430 erit
1891 3383 1950 3432 et
1967 3394 2059 3433 ce-

461 3467 694 3524 lerrima
727 3464 1061 3522 resurrectio
1089 3468 1440 3520 mortuorum
1462 3464 1766 3519 electorum
1787 3469 1852 3518 ut
1869 3465 1949 3520 illi
1967 3465 2060 3536 qui

451 3555 524 3612 in
539 3571 775 3627 corpore
804 3553 914 3609 vivi
941 3551 1154 3606 inventi
1176 3550 1387 3606 fuerint
1417 3556 1474 3606 et
1494 3569 1665 3622 super
1685 3557 1913 3618 terram,
1947 3570 2059 3610 non

461 3645 750 3719 potuerint
771 3641 1076 3714 pravenire
1096 3657 1210 3707 eos,
1246 3640 1430 3695 eundo
1454 3640 1676 3697 obviam
1718 3643 1958 3700 Domino
2000 3644 2060 3699 in

461 3751 616 3801 aera,
650 3733 747 3804 qui
785 3732 840 3785 in
872 3730 1098 3801 pulvere
1129 3735 1292 3786 terra;
1310 3728 1594 3800 jacebant.

536 3822 812 3888 Quoniam
841 3822 952 3887 ipse
982 3817 1252 3872 Dominus
1282 3820 1444 3874 Jesus
1484 3821 1546 3872 in
1572 3822 1759 3888 jussu,
1795 3820 1852 3874 id
1887 3825 1978 3890 est,
2000 3821 2058 3876 in

459 3909 713 3982 iussione
739 3907 842 3964 Dei
877 3906 1064 3966 Patris
1092 3906 1394 3964 descendet
1440 3907 1510 3962 de
1542 3909 1699 3974 coelo,
1741 3913 1791 3962 et
1835 3911 1895 3962 in
1937 3925 2056 3964 voce

459 4000 787 4067 archangeli
805 4001 854 4051 et
878 3998 1094 4054 intuba
1119 3996 1218 4050 Dei
1244 3997 1522 4050 descendet
1557 3998 1620 4050 de
1650 4000 1792 4064 calo,
1822 4002 1872 4050 et
1900 4013 2056 4052 mor-

462 4090 553 4148 tui
571 4091 671 4156 qui
689 4091 752 4143 in
781 4086 994 4142 Christo
1023 4090 1174 4152 sunt,
1209 4083 1421 4141 mortui
1451 4101 1517 4138 eo
1546 4085 1714 4140 modo
1744 4101 1854 4156 quo
1883 4103 2056 4158 supra

461 4177 722 4239 diximus,
750 4178 1038 4242 resurgant
1075 4176 1274 4241 primi.
1305 4172 1522 4227 Idcirco
1557 4173 1714 4239 dicit,
1773 4174 1831 4230 in
1868 4175 2050 4244 jussu,

464 4265 620 4336 quia,
640 4263 877 4333 jubente
897 4266 956 4317 et
969 4261 1303 4330 disponente
1314 4261 1430 4314 Deo
1461 4261 1647 4328 Patre,
1677 4262 1858 4318 veniet
1879 4261 2062 4320 Filius

2142 3108 2755 3176 nos,haereticos,falsos
2781 3108 3148 3174 Christianos,
3167 3115 3221 3164 et
3240 3109 3530 3166 victoriam
3544 3114 3714 3165 sumat

2142 3214 2208 3252 ex
2229 3197 2329 3264 eis,
2360 3197 2553 3254 dicens
2577 3198 2687 3254 illis
2713 3218 2722 3254 :
2751 3200 2832 3254 Ite
2855 3199 2910 3252 in
2934 3199 3121 3270 ignem
3142 3205 3440 3270 aeternum;
3465 3207 3524 3254 et
3544 3200 3612 3254 ad
3630 3200 3720 3254 hoc

2142 3285 2311 3340 etiam
2337 3291 2402 3340 ut
2426 3291 2749 3342 remuneret
2777 3287 2982 3340 electos
3011 3304 3142 3340 suos
3168 3287 3573 3350 introducendo
3612 3287 3720 3343 illos

2141 3375 2212 3430 ad
2232 3375 2645 3432 solemnitatem
2675 3381 2896 3430 aeternae
2921 3375 3114 3446 gloriae
3135 3381 3192 3432 et
3206 3364 3509 3431 felicitatis.

2211 3465 2414 3519 Deinde
2446 3481 2543 3518 nos
2570 3468 2670 3532 qui
2711 3466 2966 3532 vivimus,
3003 3468 3103 3532 qui
3134 3467 3532 3533 relinquimur,
3565 3465 3719 3527 simul

2142 3556 2430 3620 rapicmur
2450 3569 2575 3608 cum
2598 3555 2713 3607 illis
2756 3557 2818 3607 in
2863 3554 3100 3606 nubibus
3148 3555 3364 3607 obviam
3409 3553 3625 3610 Christo
3663 3555 3717 3606 in

2141 3657 2292 3708 aera,
2325 3646 2374 3695 et
2405 3645 2482 3696 sic
2510 3657 2718 3710 semper
2747 3658 2873 3697 cum
2899 3644 3132 3698 Domino
3158 3643 3473 3704 erimusEx
3493 3656 3716 3716 persona

2140 3730 2364 3788 illorum
2387 3729 2654 3801 loquitur,
2670 3729 2810 3785 sicut
2826 3735 2881 3785 et
2897 3729 3276 3802 superius,qui
3289 3731 3395 3784 vivi
3417 3729 3716 3785 inveniendi

2141 3823 2292 3885 sunt,
2309 3819 2403 3890 qui
2424 3819 2645 3876 dicunt:
2671 3818 2850 3882 Simul
2871 3819 3158 3890 rapiemur
3177 3835 3300 3873 cum
3320 3817 3705 3881 illis,subaudis

2140 3908 2357 3980 quinos
2405 3912 2812 3980 praecesserunt
2849 3908 2921 3962 ad
2962 3907 3213 3978 requiem
3263 3907 3601 3971 animarum,
3628 3904 3711 3961 sed

2137 4002 2272 4052 tunc
2301 3997 2513 4069 pariter
2537 3997 2827 4066 veniemus
2849 3996 3064 4050 obviam
3085 3995 3340 4051 Domino.
3362 3998 3477 4052 Hoc
3498 3995 3706 4051 verbum

2139 4087 2286 4158 quod
2317 4091 2401 4142 est
2430 4103 2647 4158 rapere,
2680 4102 2780 4156 pro
2808 4073 3098 4154 velocitate
3137 4102 3282 4156 saepe
3301 4086 3547 4158 ponitur.
3581 4083 3709 4140 Etin

2133 4177 2372 4236 11001000
2401 4175 2633 4230 nimiam
2673 4174 3022 4229 velocitatem
3046 4173 3472 4230 resurrectionis
3497 4179 3552 4228 et
3577 4173 3708 4227 diem

2135 4265 2331 4339 judicii
2371 4264 2649 4335 designat,
2683 4263 2752 4318 de
2792 4280 2904 4334 qua
2933 4278 3104 4334 supra
3141 4263 3261 4332 jam
3298 4262 3558 4318 diximus.
3582 4261 3708 4315 Nam

457 4353 538 4410 ad
563 4349 976 4424 judiciumPer
993 4365 1170 4403 unum
1195 4350 1594 4420 archangelum
1613 4350 1884 4408 debemus
1897 4354 2061 4424 juxta
2076 4345 2123 4403 D
2146 4354 2291 4408 sicut
2315 4353 2465 4407 Deus
2486 4351 2542 4405 in
2565 4357 2848 4406 momento
2872 4356 3072 4424 cuncta
3085 4350 3232 4415 fecit,
3258 4349 3340 4404 ita
3362 4350 3420 4403 in
3445 4353 3706 4404 momento

464 4440 874 4512 Augustinum,
915 4438 1232 4509 intelligere
1259 4454 1455 4493 omnes
1497 4439 1729 4496 virtutes
1780 4443 2060 4513 angelicas

467 4529 600 4603 quia
626 4528 812 4599 angeli
849 4526 1232 4600 personabunt
1274 4526 1499 4582 vocibus
1533 4544 1597 4583 eo
1640 4529 1917 4586 veniente.
1952 4532 2061 4588 Per

468 4620 664 4683 tubam
691 4623 882 4674 autem
911 4615 1249 4687 intelligitur
1266 4632 1379 4672 uno
1401 4618 1569 4674 modo
1599 4635 1806 4690 magna
1831 4637 1933 4674 vox
1956 4637 2058 4676 an-

463 4711 718 4783 gelorum
748 4713 807 4763 et
834 4723 1024 4772 sonus,
1057 4707 1126 4761 de
1165 4705 1365 4778 quibus
1401 4705 1703 4762 Matthaeus
1730 4708 1836 4762 ait:
1882 4710 2060 4764 Mittet

464 4800 642 4856 Filius
669 4797 916 4854 hominis
943 4798 1161 4866 angelos
1180 4812 1304 4850 suos
1324 4812 1450 4850 cum
1475 4798 1605 4850 tuba
1630 4784 1680 4851 et
1705 4814 1824 4853 voco
1852 4814 2060 4867 magna

473 4890 683 4960 (Matth.
716 4890 874 4958 xxxv).
908 4885 1072 4951 Quod
1099 4902 1200 4958 per
1227 4885 1418 4942 tubam
1448 4885 1800 4958 intelligatur
1830 4904 1932 4942 vox
1957 4904 2058 4942 an-

465 4979 721 5049 gelorum
754 4975 1002 5031 ostendit
1027 4975 1328 5034 Psalmista
1356 4975 1590 5046 loquens
1627 4975 1697 5029 de
1723 4975 1946 5030 Domini
1967 4992 2060 5030 as-

467 5068 764 5124 censione:
796 5065 1049 5121 Ascendit
1078 5065 1220 5119 Deus
1256 5067 1318 5118 in
1356 5066 1560 5133 jubilo,
1585 5068 1635 5118 et
1687 5065 1955 5119 Dominus
1994 5069 2059 5120 in

467 5173 589 5214 voce
605 5158 744 5211 tuba:
770 5155 938 5224 (Psal.
965 5157 1131 5218 XLvi).
1156 5152 1314 5208 Sicut
1335 5153 1485 5208 enim
1506 5152 1584 5207 ibi
1605 5152 1796 5207 tubam
1813 5155 2060 5225 appellat

467 5261 656 5300 vocem
695 5240 1026 5310 angelorum
1065 5239 1407 5296 dicentium:
1463 5243 1580 5296 Viri
1639 5241 1871 5306 Galilei,
1923 5244 2059 5312 quid

467 5328 830 5390 admiremini
869 5329 1186 5396 aspicientes
1216 5333 1279 5384 in
1315 5333 1509 5385 ccelum
1554 5331 1692 5400 (Act.
1724 5330 1786 5402 ι),
1818 5334 1948 5397 etc.,
1977 5330 2058 5386 ita

473 5425 536 5482 in
563 5423 669 5480 hoc
701 5420 842 5486 loco,
869 5435 1062 5476 vocem
1098 5419 1428 5493 angelorum
1477 5419 1625 5475 tubae
1661 5422 1952 5492 comparat
1973 5418 2056 5473 di-

461 5513 717 5575 centium
738 5530 759 5571 ε
775 5511 1140 5586 Eccaspoms
1159 5513 1326 5584 uenit,
1349 5513 1488 5570 eam
1503 5511 1722 5572 obviam
1739 5509 2050 5591 illiwotth.

2141 4446 2340 4499 cuncta
2359 4440 2689 4511 dijudicabit
2733 4441 2873 4494 Cum
2899 4425 3034 4510 dicit
3057 4458 3068 4492 :
3094 4436 3402 4510 Rapiemur
3430 4438 3499 4494 ab
3515 4433 3708 4507 angelis

2141 4549 2266 4588 cum
2292 4530 2402 4585 illis
2431 4529 2528 4601 qui
2556 4545 2656 4584 nos
2685 4533 3094 4600 praecesserunt
3122 4527 3362 4606 obviam.
3384 4527 3616 4588 Domino
3659 4523 3708 4577 in

2139 4636 2292 4690 aera,
2323 4605 2570 4674 Ostendit
2596 4618 2730 4692 quia
2758 4634 2870 4681 non
2897 4605 3200 4672 descendet
3224 4616 3498 4672 Dominus
3525 4615 3592 4670 ad
3610 4619 3709 4667 ter-

2139 4727 2253 4778 ras,
2269 4708 2368 4763 sed
2388 4707 2446 4762 in
2466 4706 2765 4762 altitudine
2789 4706 2953 4762 istius
2980 4705 3126 4762 aeris
3151 4704 3369 4760 sedebit
3388 4705 3458 4760 ad
3473 4704 3710 4776 judican-

2141 4799 2294 4864 dum,
2330 4802 2541 4852 etcum
2576 4797 2733 4851 addit
2774 4815 2784 4850 :
2821 4797 2889 4851 Et
2915 4799 3012 4862 sic,
3047 4795 3104 4849 id
3139 4799 3226 4850 est
3249 4811 3378 4850 cum
3408 4809 3629 4867 corpore
3663 4793 3711 4844 et

2141 4881 2330 4937 anima
2349 4879 2697 4933 immortales
2726 4877 2926 4943 effecti,
2961 4879 3170 4932 erimus
3205 4893 3413 4956 semper
3450 4893 3572 4931 cum
3618 4874 3710 4927 Do-

2143 4974 2314 5036 mino,
2347 4984 2460 5023 non
2507 4967 2774 5022 debemus
2815 4970 3014 5037 putare
3041 4965 3191 5036 quod
3215 4965 3276 5020 in
3303 4981 3433 5021 aere
3462 4980 3584 5018 cum
3612 4961 3710 5015 Do-

2140 5059 2292 5114 mino
2317 5059 2493 5113 simus
2511 5055 2823 5128 regnaturi,
2848 5055 2981 5126 quia
2998 5055 3157 5108 ﬁnito
3183 5053 3712 5124 judicio,revertetur

2140 5164 2267 5202 cum
2299 5146 2559 5202 omnibus
2589 5145 2778 5199 electis
2805 5144 2876 5198 ad
2902 5142 3305 5197 beatitudinem
3345 5146 3624 5205 aeternam,
3653 5135 3712 5190 de

2140 5253 2252 5310 qua
2279 5235 2564 5291 descendit
2590 5235 2661 5288 ad
2685 5233 2980 5305 judicium.
3002 5233 3059 5287 Si
3090 5231 3248 5286 electi
3282 5231 3379 5302 qui
3402 5230 3509 5284 vivi
3527 5223 3712 5300 reperti

2138 5326 2367 5392 fuerint,
2399 5324 2689 5397 rapientur
2715 5323 2940 5397 iniaera
2975 5320 3193 5375 obviam
3239 5318 3479 5374 Domino
3517 5316 3583 5371 ab
3629 5329 3712 5367 an-

2135 5415 2296 5488 gelis,
2331 5395 2692 5487 quaerendum
2840 5400 3119 5492 quomodo
3145 5407 3532 5480 complectitur
3581 5399 3709 5476 quod

2135 5506 2351 5591 dictum
2379 5508 2466 5563 est
2491 5519 2526 5562 α
2566 5503 2682 5562 Deo
2727 5491 2912 5586 [siglo
2948 5499 3167 5573 homini
3214 5497 3370 5569 Adae,
3425 5501 3481 5554 et
3517 5495 3573 5552 in
3602 5493 3708 5568 ipso
