3852 6154
207 212 295 269 773
777 204 1154 265 EXPOSITIO
1197 209 1272 264 IN
1315 208 1465 263 EPP.
1511 209 1567 262 S.
1612 206 1728 262 PAI

1915 240 1951 251 -
2004 209 2077 265 IN
2125 211 2342 266 EPIST.
2386 212 2408 266 Ι
2449 211 2545 266 ΑΙ)
2581 211 2827 269 THESS.
3330 209 3436 266 774

203 335 337 390 omni
365 331 556 388 semini
580 331 698 400 ejus
723 349 734 382 :
766 332 941 386 Terra
971 350 1047 394 es,
1084 340 1140 389 et
1168 334 1227 388 in
1253 339 1460 387 terram
1485 333 1614 396 ibis,
1637 349 1762 386 cum
1781 337 1830 393 Α
1850 340 1977 404 post
2007 341 2244 390 mortem
2276 337 2421 406 ejus,
2441 336 2769 407 gaudebunt
2797 352 2895 406 per
2919 335 3050 390 illos
3067 334 3442 405 quadraginta

200 425 273 480 illi
299 427 520 476 mortem
550 420 757 490 experti
785 436 896 474 non
918 421 1126 475 fuerint
1147 422 1171 475 ?
1189 423 1323 486 Quae
1342 423 1448 475 hoc
1463 422 1630 476 modo
1650 422 1763 475 sol-
1849 424 2095 495 quinque
2115 425 2254 488 dies,
2276 426 2544 480 ducentes
2566 442 2766 480 uxores
2797 432 2854 480 et
2883 423 3133 479 convivia
3159 423 3442 480 celebran-

198 514 332 568 vitur
342 509 634 566 secundum
653 508 878 562 beatum
900 511 1298 580 Augustinum.
1320 511 1501 565 Homo
1522 511 1592 564 de
1609 515 1763 564 terra
1845 519 1949 578 tes,
1980 521 2034 567 et
2049 516 2206 584 jocos
2223 515 2427 569 diversi
2450 515 2676 586 generis
2697 520 3035 577 exercentes,
3070 529 3136 568 ac
3159 513 3436 572 dicentes:

195 602 356 656 factus
383 604 466 653 est
492 599 548 652 in
576 614 824 668 corpore,
857 604 914 652 et
933 605 1234 670 antequam
1251 599 1553 668 inspiraret
1572 599 1759 653 Domi-
1844 601 1999 656 Licet
2028 603 2287 675 princeps
2312 610 2505 658 noster
2531 605 2606 658 sit
2626 609 2900 668 mortuus,
2934 604 3098 658 modo
3129 618 3236 659 nos
3265 600 3438 658 babe-

196 706 288 746 nus
303 689 357 743 in
386 688 576 742 faciem
598 687 720 757 ejus
742 688 1085 758 spiraculum
1114 689 1320 752 vitze,id
1343 695 1428 742 est
1456 694 1760 759 antequam
1843 689 2026 746 bimus
2055 709 2249 762 pacem
2277 698 2333 746 et
2360 693 2737 748 securitatem.
2761 693 2830 747 Et
2849 709 2978 747 cum
3008 692 3144 747 talia
3171 691 3431 757 dixerint,

193 780 334 834 daret
359 777 408 832 ei
444 776 708 841 animam,
735 775 874 830 illud
903 793 1104 848 corpus
1149 783 1302 832 terra
1329 784 1470 842 erat,
1503 783 1561 833 et
1598 778 1760 832 electi
1843 781 2028 837 subito
2051 782 2239 837 veniet
2265 783 2346 836 eis
2382 783 2711 838 subitaneus
2740 782 3022 837 interitus.

193 869 276 939 qui
305 865 402 920 vivi
421 864 626 936 reperti
654 864 880 932 fuerint,
895 866 954 920 in
983 866 1105 938 ipso
1133 873 1301 939 raptu
1326 867 1461 921 dum
1491 866 1760 937 angelicis
1928 872 2016 925 Vos
2043 877 2230 925 autem
2259 887 2376 925 non
2405 873 2531 925 estis
2560 874 2624 924 in
2655 872 2891 925 tenebris
2932 869 3304 927 inﬁdelitatis.
3330 871 3439 940 Qui

191 954 424 1010 manibus
452 953 827 1025 portabuntur
867 954 1052 1009 subito
1094 957 1426 1019 morientur,
1459 955 1757 1026 subitoque
1839 965 1990 1014 enim
2019 962 2329 1027 dormiunt,
2351 965 2410 1012 et
2429 959 2724 1030 quiescunt
2751 959 2812 1014 in
2837 960 3102 1029 peccatis,
3137 964 3286 1014 nocte
3313 960 3440 1016 dor-

191 1048 459 1115 resurgent
484 1062 496 1096 :
536 1048 594 1096 et
636 1043 771 1098 dum
812 1044 1003 1099 anima
1046 1045 1106 1098 in
1149 1046 1271 1116 ipso
1299 1050 1466 1115 raptu
1497 1044 1696 1098 exierit
1723 1061 1758 1098 a
1839 1051 2045 1112 miunt,
2069 1048 2124 1101 id
2145 1053 2232 1102 est
2250 1047 2308 1100 in
2328 1047 2568 1118 peccatis
2592 1053 2650 1102 et
2669 1047 2816 1102 vitiis
2838 1048 3136 1118 quiescunt
3154 1053 3212 1103 et
3223 1050 3433 1119 jaceat.

189 1148 412 1205 corpore,
433 1132 746 1186 remanebit
765 1149 968 1204 corpus
996 1139 1168 1200 terra,
1203 1134 1299 1188 sed
1328 1138 1520 1188 tamen
1550 1133 1757 1188 brevis-
1837 1139 2034 1192 Induti
2058 1140 2291 1190 loricam
2317 1139 2444 1203 ﬁdei
2471 1143 2522 1190 et
2558 1137 2868 1199 charitatis,
2904 1143 2954 1191 et
2983 1140 3200 1204 galeam
3235 1141 3349 1206 spei
3387 1143 3438 1192 et

189 1224 370 1277 simum
394 1221 636 1292 spatium
658 1221 872 1276 tenebit
891 1222 1015 1292 ipsa
1041 1239 1212 1290 mors,
1235 1223 1293 1277 in
1321 1227 1544 1278 tantum
1573 1228 1640 1277 ut
1652 1238 1754 1277 nec
1835 1228 2052 1290 salutis,
2104 1224 2159 1278 id
2192 1229 2279 1279 est
2309 1224 2584 1279 habemus
2612 1224 2780 1278 fidem
2808 1225 2866 1278 in
2905 1225 3084 1280 Deum
3105 1226 3438 1282 charitatem

188 1310 395 1382 cogitari
425 1327 527 1365 nec
552 1311 823 1382 perpendi
846 1311 1039 1381 possit.
1113 1301 1126 1314 ’
1837 1318 1898 1370 in
1918 1316 2096 1370 Deum
2117 1319 2176 1369 et
2205 1314 2550 1386 proximum,
2585 1330 2743 1384 spem
2769 1318 2827 1367 et
2847 1314 3318 1384 exspectationem
3357 1315 3441 1371 fu-

248 1403 417 1468 Itaque
440 1401 808 1454 consolamini
829 1417 924 1455 vos
954 1403 1208 1468 invicem,
1243 1417 1276 1455 o
1300 1401 1757 1456 Thessalonicen-
1843 1411 2099 1460 turorum
2129 1403 2415 1458 bonorum
2442 1403 2502 1456 in
2532 1402 2716 1472 capite
2740 1423 2752 1456 :
2791 1402 2925 1472 quia
2961 1401 3031 1457 de
3073 1403 3226 1458 cmlis
3255 1403 3440 1458 veniet

188 1506 279 1556 ses,
308 1489 371 1543 de
397 1489 830 1554 resurrectione,
851 1493 913 1543 in
934 1490 1110 1544 verbis
1135 1492 1276 1556 istis,
1300 1495 1356 1544 et
1374 1489 1548 1545 nolite
1569 1490 1758 1545 dolere
1841 1493 2003 1547 nobis
2029 1491 2183 1547 salus
2218 1510 2229 1544 :
2266 1497 2324 1546 et
2369 1491 2456 1546 his
2502 1491 2676 1545 armis
2706 1490 2930 1557 muniti,
2963 1491 3148 1546 securi
3177 1497 3235 1545 et
3272 1491 3436 1546 liberi

186 1592 333 1650 “Per
355 1583 530 1632 morte
557 1583 876 1648 parentum.
1843 1582 2052 1637 erimus
2076 1582 2135 1636 in
2164 1581 2406 1636 adventu
2426 1581 2669 1635 Domini.

1773 1650 1821 1710 Β
1909 1671 2028 1725 Non
2045 1673 2231 1739 posuit
2260 1686 2356 1723 nos
2385 1670 2526 1722 Deus
2547 1671 2611 1721 in
2644 1669 2815 1731 iram,
2845 1667 2904 1721 id
2933 1672 3019 1721 est
3044 1683 3158 1723 non
3189 1667 3314 1724 ideo
3333 1685 3436 1726 nos

785 1720 1018 1775 CAPUT
1045 1721 1111 1774 νο
1836 1720 2026 1831 pagis
2045 1720 2201 1813 bis,
2214 1720 2292 1812 5.;
2306 1720 2423 1812 id;
2437 1720 2446 1722 Ἰ
2461 1720 2580 1821 sia,
2598 1720 2674 1810 1..
2720 1720 2984 1810 Esses,
3003 1720 3080 1810 dei
3093 1720 3435 1827 agnis};

243 1846 305 1900 De
331 1846 678 1913 temporibus,
707 1845 972 1900 subaudis
1003 1845 1113 1900 diei
1137 1846 1413 1915 judicii,et
1436 1846 1748 1907 momentis,
1836 1864 1958 1913 sua,
1999 1854 2064 1902 ut
2103 1847 2161 1900 in
2205 1846 2368 1901 nobis
2399 1863 2558 1900 suam
2593 1844 2892 1898 vindictam
2935 1850 3207 1907 exerceat,
3242 1848 3334 1901 sed
3369 1849 3436 1902 in

186 1938 350 1986 utrum
378 1938 567 1987 aestate
601 1949 675 1987 an
701 1935 922 2005 hyeme,
970 1950 1097 1988 vere
1123 1951 1196 1988 an
1235 1938 1509 1989 autumno
1543 1932 1750 1998 veniat,
1835 1939 2250 2004 acquisitionem
2284 1937 2483 1988 salutis
2512 1933 2703 2004 posuit
2729 1949 2850 1999 nos,
2883 1939 2950 1987 ut
2989 1934 3229 1988 salutem
3275 1932 3436 1990 nobis

186 2023 256 2076 vel
267 2038 366 2093 qua
384 2022 521 2076 hora
535 2021 746 2077 dieivel
766 2023 1080 2089 noctis,non
1096 2025 1358 2092 indigetis
1372 2029 1433 2077 ut
1446 2023 1754 2077 scribamus
1836 2023 2216 2078 inveniremus
2230 2039 2331 2093 per
2342 2023 2510 2077 fidem
2523 2023 2551 2076 J
2557 2037 2657 2076 esu
2675 2021 2972 2087 Christi,ut
2991 2026 3102 2078 sive
3118 2025 3428 2090 vigilemus,

187 2112 327 2164 vobis.
358 2111 538 2175 Quare
556 2111 582 2164 ?
613 2112 727 2179 Ipsi
768 2114 917 2165 enim
947 2114 1241 2180 diligenter
1280 2115 1447 2178 scitis,
1477 2115 1612 2180 quia
1639 2112 1752 2164 dies
1833 2113 1892 2167 id
1921 2117 2008 2166 est
2035 2111 2286 2166 vivamus
2313 2111 2372 2165 in
2390 2111 2496 2165 hoc
2517 2111 2869 2175 saeculo,sive
2891 2111 3260 2177 dormiamus,
3279 2111 3437 2172 idest

186 2199 384 2253 Domini
407 2202 545 2254 sicut
573 2201 678 2267 fur
701 2204 764 2254 in
793 2207 964 2266 nocte,
981 2203 1061 2254 ita
1093 2204 1285 2265 veniet,
1302 2201 1359 2254 id
1389 2198 1645 2265 est,sicut
1664 2199 1756 2253 fur
1835 2201 2146 2256 moriamur
2172 2200 2230 2254 in
2261 2215 2513 2271 corpore,
2546 2201 2718 2253 simul
2767 2215 2893 2253 cum
2923 2202 3042 2265 illo,
3073 2198 3130 2253 id
3182 2204 3270 2254 est
3305 2217 3435 2256 cum

187 2287 346 2342 subito
365 2295 418 2342 et
442 2287 1082 2360 insperateintempesta
1095 2293 1255 2344 nocte
1274 2288 1752 2344 venitdormiente
1835 2289 2079 2357 Christo,
2114 2291 2368 2343 vivamus
2399 2289 2457 2342 in
2487 2287 2678 2342 anima
2692 2291 2751 2342 et
2768 2287 2828 2341 in
2855 2304 2956 2359 spe
2983 2289 3429 2345 resurrectionis.

187 2374 382 2430 domino
428 2376 651 2443 domus,
683 2377 764 2430 ita
791 2377 1072 2448 insperate
1104 2379 1288 2432 veniet
1316 2378 1435 2432 dies
1468 2377 1667 2448 judicii
1696 2382 1754 2431 et
1906 2381 2138 2447 Propter
2177 2380 2340 2446 quod,
2388 2378 2445 2431 id
2495 2381 2582 2431 est
2628 2381 2859 2448 propter
2896 2376 2993 2430 illa
3023 2393 3148 2448 quae
3175 2378 3434 2449 superius

187 2465 380 2519 Domini
398 2465 691 2520 adventus.
727 2465 1002 2521 Dominus
1017 2467 1320 2538 requisitus
1342 2471 1470 2538 post
1497 2483 1750 2520 resurre—
1833 2466 2073 2520 diximus
2103 2467 2173 2519 de
2203 2465 2633 2530 resurrectione,
2662 2467 3031 2518 consolamini
3059 2481 3155 2519 vos
3175 2451 3431 2520 invicem.

189 2554 398 2608 ctionem
428 2553 495 2607 de
518 2554 614 2608 die
643 2554 758 2620 illa,
778 2555 846 2609 de
877 2571 1051 2626 regno
1077 2555 1332 2610 videlicet
1351 2554 1752 2621 electorum,ab
1834 2558 2104 2624 Rogamus
2135 2571 2224 2608 vos
2251 2560 2313 2608 ut
2333 2557 2594 2609 noveritis
2618 2569 2720 2615 eos,
2755 2552 2812 2607 id
2841 2557 2928 2606 est
2951 2553 3219 2622 diligatis,
3252 2553 3433 2610 hono-

187 2643 421 2713 apostolis
449 2642 768 2697 dicentibus
797 2661 808 2695 :
843 2646 1094 2706 Domine,
1115 2647 1167 2698 si
1184 2647 1246 2698 in
1270 2649 1504 2712 tempore
1523 2645 1621 2698 hoc
1635 2660 1753 2697 res-
1833 2645 1988 2706 retis,
2023 2649 2080 2697 et
2107 2642 2424 2697 necessaria
2461 2642 2540 2696 eis
2588 2641 2922 2695 ministretis
2955 2659 2968 2694 :
3021 2644 3121 2710 qui
3175 2642 3432 2697 laborant

192 2733 328 2784 titues
350 2748 579 2799 regnum
604 2733 795 2798 Israel,
820 2732 925 2786 ait:
951 2735 1075 2787 Non
1099 2737 1174 2786 est
1189 2737 1432 2787 vestrum
1453 2748 1604 2786 nosse
1624 2737 1754 2786 tem-
1834 2738 1985 2787 inter
2011 2749 2120 2797 vos,
2153 2732 2210 2786 in
2241 2730 2637 2802 praedicatione
2675 2735 2734 2784 et
2761 2729 3034 2784 doctrina.

187 2833 300 2885 pora
326 2822 401 2872 vel
429 2826 711 2874 momenta
745 2823 880 2888 (Act.
909 2825 972 2889 ι),
1006 2826 1063 2876 et
1089 2826 1221 2876 ante
1245 2821 1562 2893 passionem
1591 2837 1753 2875 suam
1906 2823 2181 2889 Rogamus
2209 2837 2313 2886 eos,
2336 2822 2596 2887 corripite
2615 2821 2909 2887 inquietos,
2942 2818 3434 2887 consulamini)”;-

187 2905 243 2960 de
279 2908 457 2962 eadem
505 2907 599 2963 die
627 2909 708 2963 ait
738 2927 749 2962 :
787 2912 857 2963 De
886 2911 973 2964 die
1003 2913 1124 2977 illa,
1156 2911 1436 2982 inquiens,
1458 2927 1616 2965 nemo
1628 2912 1746 2973 scit,
1772 2961 1812 2982 η
1834 2913 2163 2965 sillanimes.
2195 2909 2280 2962 Ad
2302 2908 2826 2963 Thessalonicenses
2871 2911 3034 2961 erant
3081 2906 3308 2978 quidam
3333 2925 3431 2964 va-

189 3010 331 3063 neque
357 3013 422 3049 ορ
432 2999 540 3063 geli
571 3001 677 3066 qui
693 3005 825 3052 sunt
857 3002 917 3052 in
946 3001 1090 3064 calo,
1112 2961 1284 3068 neque
1306 2961 1498 3064 Filius,
1525 2999 1633 3054 nisi
1651 2961 1754 3054 Pa:
1771 2961 1814 3022 Ο
1835 2999 1912 3070 gi,
1946 3004 2003 3054 et
2026 3003 2090 3053 ut
2119 2998 2199 3052 ita
2224 2997 2496 3059 dicamus,
2545 2995 2812 3068 gyrovagi
2862 2995 3042 3050 otiose
3075 2961 3346 3066 viventes,
3371 3002 3432 3053 et

187 3085 261 3134 ter
285 3085 421 3138 solus
443 3087 662 3153 (Matth.
685 3088 856 3155 xxrv).
899 3088 1044 3158 Ergo
1073 3088 1120 3142 si
1150 3087 1320 3142 Pater
1348 3087 1519 3154 novit,
1557 3087 1752 3157 utique
1834 3105 1946 3144 non
1975 3087 2298 3142 laborantes
2325 3085 2583 3140 manibus
2627 3085 2746 3140 suis
2774 3085 2924 3140 unde
2952 3084 3218 3150 viverent,
3250 3102 3432 3158 neque

189 3176 236 3225 et
253 3171 410 3228 Filius
451 3175 630 3241 novit,
681 3175 776 3245 qui
821 3175 988 3230 unius
1018 3176 1343 3231 substantiae
1373 3181 1460 3230 est
1505 3192 1633 3230 cum
1663 3192 1748 3230 eo.
1834 3176 2181 3232 orationibus
2210 3182 2310 3230 aut
2338 3174 2668 3247 psalmodiis
2701 3181 2982 3241 vacantes,
3001 3175 3099 3230 sed
3124 3174 3435 3231 circuibant

189 3259 276 3314 Sed
303 3261 496 3318 idcirco
524 3263 738 3318 dicitur
767 3264 942 3318 Filius
970 3265 1246 3334 ignorare.
1290 3264 1423 3336 quia
1448 3265 1749 3336 discipulos
1831 3267 2029 3321 domos
2049 3266 2487 3335 aliorum,atque
2510 3263 2889 3334 peragrabant
2905 3264 2976 3318 de
3003 3264 3126 3318 loco
3137 3263 3209 3318 ad
3224 3264 3430 3332 locum,

184 3347 471 3419 ignorantes
498 3353 752 3423 reliquit.
1832 3360 2146 3427 quaerentes
2196 3357 2346 3408 unde
2393 3353 2575 3408 vivere
2629 3358 2877 3424 possent,
2936 3354 3098 3424 cujus
3142 3353 3225 3407 rei
3265 3369 3436 3410 causa

240 3439 358 3492 Cum
387 3445 533 3496 enim
563 3444 836 3508 dixerint,
860 3440 1127 3498 subaudis
1146 3441 1390 3514 reprobi,
1408 3459 1522 3512 pax
1537 3447 1585 3497 et
1604 3458 1750 3497 secu-
1831 3446 2039 3499 multos
2064 3443 2475 3514 inquietabant.
2511 3442 2614 3495 Vel
2648 3443 2825 3497 etiam
2848 3442 3128 3512 inquietos
3147 3447 3310 3498 vocat
3335 3459 3435 3502 su-

183 3528 315 3596 ritas,
352 3535 481 3585 tunc
502 3531 838 3602 repentinus
867 3531 980 3585 illis
1007 3532 1361 3602 superveniet
1386 3531 1670 3598 interitus,
1693 3532 1751 3586 id
1833 3532 2058 3605 perbos,
2089 3533 2184 3603 qui
2208 3547 2376 3586 causa
2405 3528 2680 3600 superbiae
2700 3529 2841 3584 alios
2873 3529 3281 3598 inquietabant.
3315 3530 3436 3588 Ite-

185 3623 253 3670 est
277 3618 559 3675 subitanea
588 3620 831 3691 perditio
861 3620 972 3675 diei
990 3620 1206 3690 judicii,
1233 3625 1376 3676 sicut
1404 3624 1560 3676 dolor
1578 3626 1665 3675 est
1688 3623 1750 3675 in
1833 3639 1960 3676 rum
1993 3625 2156 3675 erant
2183 3620 2265 3673 illi
2291 3619 2679 3690 pusillanimes
2729 3624 2786 3671 et
2843 3617 3052 3681 timidi,
3085 3617 3181 3689 qui
3224 3617 3436 3674 bonum

185 3710 314 3759 utero
359 3708 598 3777 habenti,
651 3708 917 3764 subaudis
946 3714 1195 3780 partum,
1226 3716 1274 3764 et
1330 3726 1440 3764 non
1470 3712 1748 3778 e/f‘ugient.
1831 3709 2110 3764 timebant
2136 3708 2419 3773 inchoare,
2448 3722 2519 3760 ne
2559 3706 2702 3760 forte
2738 3721 2850 3759 non
2898 3709 3128 3776 possent
3173 3705 3314 3762 illud
3359 3706 3435 3761 ad

187 3793 316 3849 Sicut
342 3800 540 3853 mulier
590 3815 890 3870 praegnans
930 3798 1258 3853 imminente
1292 3797 1657 3854 tribulatione
1695 3802 1754 3853 et
1835 3800 2093 3856 eli‘ectum
2122 3797 2464 3868 perducere:
2498 3794 2584 3848 vel
2620 3793 2669 3848 si
2711 3792 3070 3861 inchoabant,
3103 3811 3215 3849 non
3255 3794 3434 3852 libere

185 3887 557 3956 persecutione,
572 3903 691 3941 non
716 3887 863 3940 valet
891 3886 1135 3956 effugere
1153 3886 1605 3957 persequentium
1621 3884 1755 3940 insi-
1836 3889 1976 3943 illud
2006 3885 2270 3957 agebant,
2301 3885 2400 3938 sed
2428 3882 2954 3938 verecundabantur
2981 3900 3047 3937 ex
3075 3883 3178 3938 hoc
3203 3883 3264 3938 in
3286 3900 3436 3955 prae-

95 3987 97 3989 ‘
187 3970 304 4040 dias,
331 3976 406 4030 ita
428 3982 483 4031 et
510 3977 596 4031 illi
625 3991 737 4030 non
763 3979 1033 4047 poterunt
1051 3975 1315 4045 ell‘ugere,
1343 3973 1414 4028 de
1442 3973 1644 4045 quibus
1672 3974 1756 4028 ait
1836 3977 2019 4032 sentia
2044 3975 2286 4029 aliorum
2311 3973 2531 4044 ipsique
2559 3971 2946 4044 pusillanimes
2973 3973 3294 4051 erant,quia
3327 3971 3435 4027 ad-

189 4061 471 4119 Dominus:
517 4068 602 4120 Vae
616 4066 1036 4134 praegnantibus
1061 4069 1110 4118 et
1133 4065 1511 4118 nutrientibus
1542 4067 1606 4118 in
1635 4065 1750 4118 illis
1832 4082 1994 4122 versa
2029 4065 2199 4135 hujus
2247 4061 2434 4118 saeculi
2480 4060 2758 4133 patienter
2805 4060 2953 4115 ferre
3005 4076 3120 4116 non
3171 4059 3438 4120 volebant

188 4150 347 4207 diebus
372 4156 716 4224 (Marcum).
741 4154 900 4209 Sicut
917 4154 974 4208 in
995 4152 1175 4207 verbis
1193 4152 1442 4207 Danielis
1465 4153 1750 4224 prophetae
1833 4157 2055 4227 citoque
2086 4151 2616 4208 scandalizabantur
2642 4149 2701 4205 in
2731 4149 2898 4205 verbo
2915 4155 2972 4204 et
2995 4150 3142 4206 facto
3167 4149 3436 4210 aliorum.

191 4238 492 4310 invenimus,
522 4249 798 4315 regnante
826 4242 1170 4297 Antichristo
1221 4248 1276 4296 et
1324 4242 1597 4296 ministris
1627 4244 1750 4313 ejus
1834 4245 2122 4316 Inquietos
2149 4257 2301 4313 ergo,
2333 4241 2392 4296 id
2421 4247 2508 4295 est
2536 4240 2918 4311 vagabundos,
2950 4239 3158 4295 otiosos
3176 4244 3238 4294 et
3263 4240 3440 4296 insta-

188 4327 341 4385 tribus
364 4333 523 4388 annis
553 4339 616 4387 et
642 4331 891 4394 dimidio,
913 4337 968 4386 et
997 4331 1304 4385 interfectis
1331 4331 1400 4384 ab
1434 4331 1530 4385 illo
1552 4331 1674 4385 Elia
1703 4323 1822 4386 etD
1839 4333 1999 4398 biles,
2022 4333 2106 4386 vel
2147 4330 2416 4402 superbos
2447 4329 2542 4401 qui
2580 4329 2720 4384 alios
2758 4329 3151 4398 molestabant,
3182 4328 3439 4401 praecipit

196 4414 362 4474 Enocb
377 4423 520 4477 sicut
545 4423 608 4476 in
627 4421 963 4494 Apocalypsi
982 4419 1356 4492 habetur,quo
1371 4427 1624 4493 tempore
1653 4421 1762 4476 erit
1841 4421 2141 4494 Apostolus
2170 4419 2374 4490 corripi
2403 4435 2438 4473 a
2465 4418 2711 4490 prelatis
2738 4422 2798 4474 et
2822 4418 3128 4490 magistris,
3159 4423 3438 4490 quatenus

197 4513 478 4577 persecutio
507 4513 661 4576 talis,
714 4511 894 4583 qualis
941 4527 1055 4566 non
1101 4511 1206 4566 fuit
1236 4515 1405 4566 antea
1433 4527 1538 4565 nec
1566 4515 1761 4582 postea
1843 4511 2179 4565 desisterent
2207 4509 2277 4562 ab
2305 4508 2588 4563 otiositate
2619 4525 2741 4580 quae
2769 4515 2855 4562 est
2885 4508 3115 4562 inimica
3136 4507 3357 4574 animm,
3381 4509 3441 4563 et

200 4597 559 4672 subsequetur,
593 4601 964 4656 interﬁcietur
986 4601 1106 4672 ipse
1125 4600 1523 4664 Antichristus,
1555 4604 1611 4654 et
1640 4616 1761 4655 ma-
1843 4601 2190 4672 deponerent
2216 4597 2538 4670 superbiam
2582 4597 2825 4652 radicem
2869 4596 3120 4651 omnium
3148 4596 3442 4667 vitiorum.

199 4686 326 4742 xima
351 4705 476 4761 pars
514 4689 898 4745 membrorum
928 4691 1050 4760 ejus
1083 4706 1118 4743 a
1154 4689 1442 4757 Michaele,
1473 4693 1538 4744 ut
1565 4689 1762 4745 beatus
1845 4688 2242 4745 Pusillanimes
2270 4691 2460 4742 autem
2479 4686 2730 4758 praecipit
2755 4685 3031 4740 consolari
3060 4683 3339 4748 blandius,
3373 4687 3440 4740 ut

202 4774 476 4847 Gregorius
493 4780 650 4843 dicit,
673 4785 729 4834 et
755 4785 822 4834 ut
852 4779 1046 4834 beatus
1072 4779 1280 4834 Paulus
1305 4779 1442 4833 dicit
1463 4779 1765 4834 :Dominus
1848 4795 1950 4851 per
1975 4777 2422 4833 exhortationem
2451 4781 2510 4830 et
2536 4774 2975 4830 consolationem
3006 4773 3440 4845 praepositorum

201 4863 340 4921 Iesus
365 4868 660 4924 interﬁciet
679 4885 808 4923 eum
824 4869 1030 4940 spiritu
1052 4869 1164 4923 oris
1196 4868 1306 4936 sui,
1327 4868 1384 4922 id
1414 4873 1499 4922 est
1527 4868 1586 4922 in
1599 4869 1766 4924 verbo
1849 4868 2250 4923 roborarentur
2277 4866 2337 4920 in
2363 4864 2622 4919 omnibus
2650 4863 2831 4917 bonis.
2859 4863 3146 4930 Suscipite,
3171 4862 3442 4918 subaudis

204 4968 289 5008 suo
314 4956 368 5010 in
391 4957 598 5013 virtute
629 4975 748 5013 sua.
783 4958 943 5022 Quod
997 4963 1300 5028 utrumque
1346 4973 1538 5012 verum
1583 4961 1770 5028 potest
1850 4958 1910 5013 in
1937 4957 2180 5012 ofﬁcium
2208 4954 2518 5019 charitatis,
2551 4956 2803 5029 inﬁrmos
2828 4951 2890 5007 in
2927 4952 3060 5020 ﬁde,
3096 4951 3157 5008 in
3185 4969 3441 5025 corpore.

205 5056 342 5098 esse:
373 5047 502 5118 quia
543 5048 594 5102 si
642 5047 873 5102 Michael
918 5047 1078 5101 illum
1105 5046 1464 5113 interfecerit,
1498 5062 1612 5100 non
1639 5063 1764 5117 sua,
1846 5049 2119 5101 Patientes
2144 5050 2302 5099 estote
2339 5045 2411 5096 ad
2435 5058 2638 5096 omnes.
2684 5042 2846 5097 Modo
2877 5042 3146 5100 admonet
3185 5043 3448 5114 praelatos

207 5132 287 5185 sed
305 5134 397 5188 Dei
419 5136 592 5191 virtus
608 5136 716 5191 erit
735 5141 791 5190 et
803 5136 1002 5207 jussio.
1018 5136 1151 5190 Post
1172 5141 1409 5190 mortem
1435 5141 1623 5190 autem
1645 5136 1764 5206 ejus
1846 5141 1911 5190 ut
1938 5135 2320 5205 subjectorum
2346 5130 2760 5202 improbitatem
2805 5137 2864 5187 et
2905 5132 3321 5205 impatientiam
3349 5148 3454 5205 pa-

206 5224 554 5280 remanebunt
582 5225 954 5296 quadraginta
995 5224 1241 5296 quinque
1284 5225 1422 5292 dies,
1453 5224 1514 5279 in
1568 5222 1769 5296 quibus
1852 5225 2063 5280 tienter
2079 5224 2282 5289 ferant,
2306 5222 2441 5276 dum
2459 5221 2517 5275 in
2536 5221 2724 5294 aliquo
2748 5226 2947 5278 contra
2959 5239 3056 5278 eos
3073 5227 3449 5278 murmurant.

209 5310 367 5365 multa
393 5313 499 5367 erit
526 5329 654 5385 pax,
684 5320 750 5368 ut
775 5314 834 5368 in
863 5313 973 5368 illis
1011 5313 1173 5368 electi
1200 5313 1295 5386 qui
1324 5314 1538 5384 aliquid
1567 5313 1773 5368 tituba-
1854 5315 2049 5370 Solent
2077 5313 2228 5368 enim
2249 5310 2489 5383 inquieti
2513 5316 2571 5366 et
2599 5311 2920 5367 immodesti
2942 5329 3042 5368 seu
3068 5312 3451 5386 impatientes,

209 5405 389 5455 verunt
429 5401 487 5456 in
525 5403 928 5475 persecutione,
961 5402 1353 5476 paenitentiam
1383 5408 1554 5474 agant
1581 5408 1638 5458 et
1667 5404 1774 5459 sal-
1855 5403 2079 5476 quando
2125 5402 2509 5475 corripiuntur
2539 5417 2573 5455 a
2609 5402 2875 5474 praelatis,
2918 5402 3212 5474 insurgere
3259 5404 3456 5458 contra

209 5492 407 5562 ventur,
433 5491 678 5557 ministri
699 5497 890 5550 autem
900 5491 1233 5553 Antichristi
1254 5492 1352 5570 qui
1377 5498 1772 5551 remanserunt
1855 5509 1970 5567 eos,
2003 5499 2061 5550 et
2083 5492 2446 5568 impatienter
2468 5490 2616 5548 ferre
2644 5492 2873 5568 illorum
2890 5493 3321 5569 corr-optionem,
3348 5503 3458 5546 non
