3966 6156
491 242 594 298 775

920 239 1294 295 HAYMONIS
1333 228 1819 292 HALBERSTAT.
1865 224 2085 281 EPISC.
2129 221 2286 280 OPP.
2331 225 2512 282 PARS
2553 229 2595 283 Ι.
2643 260 2695 270 υ-
2740 230 3108 286 COMMENT.
3156 233 3330 288 BIBL.

3631 239 3718 295 776

492 371 671 424 lentes
692 366 762 419 ab
786 365 867 419 eis
888 363 1114 434 corripi,
1150 362 1245 417 sed
1273 377 1432 416 suam
1457 357 1805 412 voluntatem
1835 350 2086 421 implere.
2107 353 2154 409 A
2182 351 2326 404 nihil
2352 356 2572 420 potestis
2593 354 2769 420 facere
2789 356 2966 419 (Joan.
3001 360 3107 421 xv).
3138 356 3265 410 Haec
3287 363 3384 424 est,
3418 359 3607 430 inquit,
3641 380 3725 416 vo-

495 458 746 520 Quorum
775 452 1191 506 animositatem
1223 450 1428 504 debent
1473 443 1688 518 praelati
1739 441 1810 495 ad
1863 444 2086 508 tempus

498 545 794 604 sustinere,
819 547 876 596 et
907 541 1109 594 iterum
1139 545 1393 609 tempore
1411 539 1726 607 Opportuno
1753 535 1810 584 et
1839 542 2086 598 congruo

499 650 628 689 cum
653 631 883 687 consilio
913 634 971 684 et
997 628 1203 682 auxilio
1233 625 1532 681 emendare

582 724 771 785 Videte,
799 719 854 773 id
885 723 969 772 est
997 722 1202 781 cavete,
1225 733 1290 769 ne
1323 718 1446 784 quis
1475 716 1720 766 vestrum
1749 709 1963 760 malum
1985 720 2089 773 pro

501 816 648 867 malo
661 812 838 864 alicui
853 809 1062 861 reddat.
1086 807 1202 860 Hoc
1221 805 1340 858 vult
1358 801 1652 856 ostendere
1672 796 1970 868 Apostolus
1983 794 2090 847 isto

501 903 710 964 inloco,
735 904 800 953 ut
823 913 933 951 non
954 896 1131 950 solum
1157 895 1366 948 malum
1387 908 1488 962 pro
1503 889 1650 944 bono
1662 904 1774 942 non
1789 884 2092 939 debeamus

499 990 752 1054 reddere,
787 986 886 1041 sed
915 1001 1018 1039 nec
1047 983 1256 1037 malum
1290 997 1389 1052 pro
1420 979 1585 1034 malo.
1628 975 1884 1042 Quatuor
1913 971 2093 1026 modis

497 1079 876 1141 redditur,aut
901 1074 1109 1128 bonum
1129 1088 1231 1142 pro
1258 1070 1424 1134 bono,
1443 1073 1542 1122 aut
1567 1066 1776 1119 malum
1800 1079 1900 1134 pro
1921 1060 2088 1115 malo.

499 1168 717 1222 Bonum
757 1180 858 1236 pro
888 1162 1036 1216 malo
1061 1159 1334 1223 redditur,
1366 1157 1510 1210 sicut
1538 1154 1880 1222 Redemptor
1903 1154 2094 1204 noster

499 1255 660 1310 nobis
690 1252 786 1323 qui
809 1249 1015 1304 mortui
1055 1254 1112 1302 et
1142 1245 1344 1318 perditi
1375 1259 1618 1307 eramus,
1650 1246 1820 1310 atque
1865 1242 2095 1309 propter

499 1347 727 1416 peccata
761 1357 794 1393 a
837 1339 952 1392 Deo
988 1335 1176 1400 alieni,
1209 1333 1433 1405 quando
1462 1348 1562 1402 per
1588 1332 1904 1401 passionem
1926 1342 2092 1416 suam

501 1414 559 1488 et
587 1427 850 1501 baptismi
878 1425 1119 1496 gratiam
1145 1440 1245 1477 nos
1275 1421 1532 1476 redemit.
1551 1419 1774 1473 Bonum
1796 1432 1897 1487 pro
1926 1414 2090 1481 bono,

503 1521 648 1574 sicut
691 1518 748 1571 in
797 1516 887 1570 die
926 1512 1122 1584 judicii
1153 1510 1308 1565 dabit
1349 1509 1558 1572 electis,
1585 1507 1774 1560 dicens
1804 1505 1883 1558 eis
1909 1522 1920 1558 :
1950 1501 2096 1568 Quia

501 1609 709 1662 esurivi
729 1611 775 1658 et
795 1605 1016 1658 dedistis
1037 1601 1180 1654 mihi
1209 1600 1564 1656 manducare,
1582 1597 1837 1664 percipite
1860 1608 2093 1660 regnum

2168 437 2355 493 luntas
2371 440 2500 507 Dei,
2524 448 2586 495 ut
2608 443 2817 508 malum
2843 459 2942 512 pro
2963 443 3110 497 malo
3127 460 3236 498 non
3258 446 3497 501 reddatis
3520 448 3729 504 :bonum

2167 543 2390 598 semper
2407 530 2715 592 sectamini.
2739 531 2858 584 sine
2897 531 3309 587 intermissione
3330 537 3521 598 oretis,
3541 543 3603 591 ut
3617 555 3732 608 gau-

2172 615 2354 669 deatis
2383 616 2442 670 in
2475 618 2730 683 Domino,
2769 626 2826 674 et
2853 620 2910 674 in
2942 621 3200 675 omnibus
3244 622 3293 676 ei
3319 625 3528 694 gratias
3556 627 3736 681 refera-

2172 704 2264 758 tis.

2243 795 2521 861 Spiritum
2551 799 2717 850 nolite
2747 801 3109 865 exstinguere.
3134 798 3394 856 Dicamus
3431 802 3535 856 hoc
3563 819 3736 860 secun-

2174 883 2306 936 dum
2320 884 2599 938 Ambrosii
2620 901 2844 940 sensum
2867 905 2878 938 :
2901 887 3173 957 Spiritum
3194 889 3367 943 nolite
3384 892 3733 963 exstinguere,

2175 970 2232 1023 id
2259 976 2341 1024 est
2374 971 2421 1024 si
2447 972 2689 1042 aliquem
2725 974 2795 1027 ad
2838 974 3033 1028 horam
3067 976 3310 1046 Spiritus
3335 985 3558 1034 sanctus
3584 983 3738 1052 reple-

2175 1059 2316 1112 verit
2347 1076 2450 1113 sua
2475 1063 2678 1130 gratia,
2706 1068 2771 1116 ut
2791 1064 2967 1132 possit
2993 1063 3352 1136 interpretari
3381 1068 3592 1122 divinas
3613 1070 3739 1124 Scri-

2175 1153 2390 1218 pturas,
2420 1155 2478 1203 et
2499 1150 2686 1204 divina
2717 1153 2989 1222 mysteria
3017 1153 3190 1224 loqui,
3233 1155 3406 1210 nolite
3431 1173 3555 1210 eum
3585 1159 3742 1228 prohi-

2175 1237 2308 1291 bere
2329 1237 2465 1308 quin
2488 1238 2753 1309 loquatur
2778 1249 2836 1294 et
2853 1241 3080 1297 doceat:
3110 1243 3241 1312 quia
3253 1244 3404 1298 Deus
3420 1247 3514 1315 qui
3529 1263 3587 1300 os
3597 1247 3741 1302 asinae

2176 1326 2414 1396 aperuit,
2449 1344 2572 1398 quae
2603 1330 2722 1382 seni
2753 1345 2866 1383 non
2897 1330 3080 1401 aperit
3107 1332 3314 1386 revelat
3364 1351 3513 1404 saepe
3558 1336 3742 1404 juniori

2179 1415 2325 1484 quod
2356 1416 2558 1469 melius
2607 1423 2710 1470 est.
2765 1417 2945 1472 Aliter
2990 1419 3296 1474 secundum
3341 1423 3736 1492 Augustinum:

2180 1503 2420 1574 Spiritus
2440 1509 2666 1559 sanctus
2684 1505 2777 1576 qui
2799 1506 2967 1560 unius
2987 1507 3315 1563 substantia:
3335 1516 3426 1562 est
3457 1527 3578 1564 cum
3601 1512 3742 1566 Patre

2179 1596 2237 1646 et
2259 1592 2397 1646 Filio
2426 1593 2481 1646 in
2512 1609 2615 1646 sua
2643 1602 2866 1656 natura,
2886 1611 2996 1649 non
3022 1602 3208 1665 potest
3229 1598 3529 1669 exstingui,
3553 1599 3638 1653 sed
3662 1616 3744 1670 per

503 1697 650 1750 vobis
674 1698 942 1762 paratum
977 1690 1190 1759 ullatth.
1225 1689 1372 1753 xxv).
1411 1686 1618 1740 Malum
1661 1699 1760 1754 pro
1790 1681 1934 1735 bono
1965 1681 2094 1735 red-
2112 1693 2156 1751 Β
2177 1681 2371 1735 vitium
2404 1686 2656 1735 nostrum
2697 1684 3104 1754 exstinguimus
3134 1686 3293 1739 illum
3327 1687 3385 1740 in
3428 1687 3600 1751 nobis,
3631 1689 3741 1742 dum

500 1784 668 1844 ditur,
725 1781 869 1835 sicut
905 1779 1077 1834 Judas
1121 1783 1178 1831 et
1222 1774 1400 1830 Judaei
1431 1773 1672 1827 Domino
1702 1770 2088 1825 reddiderunt.

475 1873 659 1941 .Unde
690 1870 808 1941 ipse
836 1868 975 1922 dixit
1005 1866 1084 1920 eis
1114 1881 1214 1936 per
1241 1863 1566 1918 Zachariam
1599 1861 1928 1932 prophetam
1974 1878 1985 1912 :
2029 1857 2092 1912 Si

501 1963 704 2015 bonum
727 1963 799 2013 est
829 1961 892 2010 in
921 1958 1092 2010 oculis
1123 1957 1333 2017 vestris,
1357 1954 1545 2018 a/ferte
1563 1950 1860 2003 mercedem
1887 1963 2085 2012 meam,

499 2055 559 2105 et
611 2054 699 2104 est
745 2061 944 2102 sensus
991 2043 1295 2098 :lnﬁrmos
1349 2045 1560 2094 vestros
1605 2038 1812 2104 curavi,
1843 2037 2092 2107 leprosos

499 2137 786 2203 mundavi,
819 2139 1070 2189 mortuos
1101 2130 1382 2192 suscitavi,
1430 2128 1738 2182 esurientes
1786 2125 1933 2196 pavi,
1966 2125 2095 2179 date

498 2226 642 2280 mihi
667 2241 730 2278 ex
771 2223 875 2276 hoc
918 2218 1254 2282 mercedem,
1287 2217 1332 2270 si
1363 2216 1596 2285 dignum
1627 2220 1684 2267 et
1711 2212 1920 2266 bonum
1950 2216 2037 2265 est
2077 2227 2090 2262 :

499 2321 548 2370 et
579 2313 961 2383 appenderunt
991 2309 1288 2361 mercedem
1319 2321 1497 2358 meam
1541 2304 1776 2370 triginta
1814 2305 2096 2368 argenteos

497 2405 794 2476 (Zach.x1).
818 2399 1026 2454 Malum
1049 2412 1149 2466 pro
1174 2396 1322 2448 malo
1343 2392 1540 2447 reddet
1560 2391 1833 2445 Dominus
1845 2387 2097 2460 reprobis

498 2491 561 2547 in
579 2490 668 2544 die
683 2486 901 2560 judicii,
924 2485 1116 2539 dicens
1135 2484 1216 2537 eis
1243 2501 1254 2536 :
1277 2481 1422 2548 Quia
1441 2482 1652 2535 esurivi
1673 2484 1721 2532 et
1743 2494 1855 2531 non
1874 2479 2096 2530 dedistis

501 2581 645 2634 mihi
673 2577 1033 2638 manducare,
1052 2577 1124 2627 ite
1144 2575 1205 2626 in
1224 2575 1407 2639 ignem
1430 2575 1698 2623 aeternum
1732 2567 2091 2635 (Matthxxv).

501 2669 855 2738 Quapropter
903 2679 1014 2717 non
1052 2659 1321 2715 debemus
1370 2657 1673 2712 vindictam
1723 2659 2004 2725 expetere,
2033 2658 2098 2707 ut

500 2756 804 2812 reddamus
828 2752 1037 2806 malum
1069 2765 1168 2820 pro
1193 2745 1498 2817 malo,quia
1525 2761 1637 2800 non
1668 2758 1966 2815 possumus
1991 2741 2096 2795 hoc

501 2841 808 2914 tranquilla
835 2843 1023 2894 mente
1049 2853 1234 2908 agere,
1269 2834 1368 2889 sed
1405 2833 1673 2888 debemus
1701 2831 1781 2885 illi
1807 2846 2094 2884 reservare

502 2933 598 3004 qui
625 2946 848 3001 semper
871 2929 1018 2982 idem
1046 2931 1103 2981 et
1137 2923 1366 2996 aequalis
1392 2927 1584 2976 manet
1624 2938 1634 2972 :
1691 2928 1747 2974 et
1793 2918 1890 2990 qui
1915 2918 2088 2972 dixit:

502 2999 644 3077 llihi
655 2999 957 3074 vindictam
979 3020 1260 3070 reservate
1271 3017 1318 3066 et
1336 3027 1427 3080 ego
1446 3010 1946 3079 retribuam(Rom.
1971 3009 2089 3076 xu),
2110 2999 2152 3024 υ

502 3109 614 3165 illis
635 3107 931 3178 supplicia,
948 3104 1101 3159 vobis
1118 3107 1305 3157 autem
1319 3099 1568 3172 praemia.
1585 3099 1794 3153 Malum
1815 3096 2092 3167 siquidem

500 3215 604 3271 pro
639 3197 786 3251 malo
825 3195 1060 3250 reddere
1090 3208 1202 3246 non
1223 3195 1310 3245 est
1337 3189 1565 3255 bonum,
1599 3187 1808 3242 malum
1833 3201 1963 3239 vero
1993 3200 2093 3256 pro

499 3288 665 3352 bono,
707 3284 865 3339 valde
911 3281 1264 3350 nimiumque
1310 3277 1523 3332 malum
1556 3282 1659 3330 est.
1702 3276 1928 3342 Semper
1950 3275 2095 3342 quod

500 3380 704 3432 bonum
733 3379 808 3428 est
835 3368 1217 3434 sectamini,id
1248 3371 1334 3420 est
1361 3364 1660 3419 imitamini
1681 3369 1738 3418 et
1757 3362 2008 3434 perlicite
2029 3365 2092 3415 in

497 3469 754 3528 invicem,
785 3462 900 3516 sive
927 3459 1285 3519 alterutrum,
1311 3460 1360 3508 et
1390 3457 1453 3508 in
1481 3469 1684 3518 omnes,
1714 3453 1819 3506 hoc
1839 3457 1942 3517 est,
1977 3466 2090 3504 non

497 3556 678 3611 solum
704 3553 762 3606 in
781 3549 1090 3613 credentes,
1114 3546 1212 3601 sed
1234 3542 1482 3598 etiamin
1501 3557 1613 3595 non
1635 3538 2092 3609 credentes,quia

495 3645 698 3699 fratres
718 3657 913 3696 sumus
937 3653 1131 3694 omnes
1159 3635 1466 3690 secundum
1486 3646 1710 3686 carnem

566 3732 788 3799 Semper
807 3729 1053 3798 gaudete.
1083 3726 1209 3779 Non
1226 3724 1282 3778 in
1313 3721 1520 3777 divitiis
1547 3719 1770 3774 caducis
1799 3722 1856 3773 et
1879 3722 2094 3788 tempo-

494 3821 707 3876 ralibus
734 3816 1058 3881 honoribus,
1091 3813 1188 3868 sed
1206 3812 1263 3866 in
1295 3811 1530 3867 Domino
1559 3808 1820 3880 gaudete,
1845 3811 1903 3862 et
1927 3806 2090 3860 bonis

494 3907 757 3981 operibus
789 3924 800 3960 :
835 3909 893 3959 et
921 3903 1054 3975 quia
1073 3901 1174 3955 lilii
1195 3900 1298 3956 Dei
1322 3900 1478 3955 estis.

563 3999 695 4055 Sine
706 3995 1114 4051 intermissione
1129 3989 1443 4053 orate.Quis
1456 3987 1749 4042 hominum
1765 3983 2090 4038 mortalium

493 4091 681 4161 potest
724 4099 946 4154 semper
995 4079 1237 4136 orationi
1277 4077 1574 4132 insistere?
1601 4077 1715 4130 Aut
1743 4090 1876 4144 ergo
1906 4079 2089 4127 totum

447 4213 459 4221 -
493 4182 720 4246 tempus
746 4190 846 4245 pro
875 4177 1036 4243 parte
1078 4167 1266 4240 posuit
1293 4165 1614 4237 Apostolus,
1648 4168 1713 4217 ut
1751 4162 1902 4216 dicat
1927 4161 2088 4214 illum

2172 1768 2331 1823 illum
2355 1786 2388 1824 a
2412 1769 2572 1824 nobis
2588 1771 2932 1826 excludimus
2949 1775 3244 1842 peccando.
3265 1775 3511 1844 Spiritus
3525 1782 3740 1842 sanctus,

2171 1857 2374 1928 inquit,
2407 1859 2710 1930 disciplinie
2740 1862 2970 1931 effugiet
2998 1863 3204 1929 fictum.
3243 1863 3388 1917 Dum
3439 1881 3569 1935 ergo
3602 1865 3744 1920 tradi-

2174 1963 2300 2001 mus
2328 1964 2529 2018 corpus
2560 1957 2814 2003 nostrum
2839 1950 3075 2010 libidini.
3109 1957 3165 2006 et
3201 1954 3598 2024 conjungimus
3627 1954 3741 2008 illud

2175 2036 2632 2108 meretrici,quod
2649 2043 2900 2108 tempore
2931 2039 3193 2110 baptismi
3223 2046 3280 2094 et
3310 2057 3518 2096 manus
3545 2043 3742 2113 imposi-

2175 2123 2344 2178 tionis
2373 2125 2580 2179 factum
2622 2133 2706 2180 est
2732 2127 3001 2198 templum
3029 2129 3209 2182 sancti
3238 2130 3508 2200 Spiritus,
3531 2130 3744 2184 excludi-

2178 2227 2302 2266 mus
2329 2212 2487 2267 illum
2513 2231 2546 2268 a
2576 2213 2753 2280 nobis,
2785 2222 2843 2269 et
2868 2216 3152 2286 fugamus,
3182 2223 3238 2271 et
3282 2225 3562 2289 quantum
3601 2225 3676 2272 est
3697 2219 3742 2271 in

2178 2299 2358 2366 nobis,
2387 2307 2451 2355 ut
2468 2303 2818 2372 Augustinus
2847 2304 3000 2365 dicit,
3035 2306 3403 2361 exstinctores
3421 2324 3613 2361 sumus
3627 2309 3739 2376 ejus.

2177 2387 2282 2442 Sed
2307 2405 2376 2443 ne
2397 2390 2502 2444 hoc
2519 2408 2773 2462 agamus,
2792 2393 2874 2446 ait
2891 2395 3500 2463 Apostolus,Spiritum
3520 2403 3741 2450 sanctum

2180 2477 2274 2548 qui
2309 2478 2367 2531 in
2399 2478 2550 2533 vobis
2587 2481 2756 2551 ccepit
2784 2480 3036 2536 habitare
3086 2489 3337 2554 tempore
3388 2484 3738 2555 baptismatis,

2179 2567 2354 2621 nolite
2405 2567 2599 2638 fugare
2648 2585 2682 2622 a
2712 2569 2864 2624 vobis
2911 2587 3093 2642 neque
3122 2573 3500 2642 exstinguatis
3528 2574 3672 2627 illum
3697 2573 3744 2625 in

2179 2653 2334 2709 vobis
2356 2657 2636 2726 peccando
2661 2663 2718 2711 et
2742 2659 3012 2713 tradendo
3032 2676 3236 2731 corpus
3267 2667 3520 2716 vestrum
3543 2659 3747 2715 diversis

2177 2743 2620 2813 turpitudinibus
2638 2746 2784 2816 quod
2811 2748 3082 2817 templum
3115 2749 3235 2817 ejus
3259 2749 3432 2803 debet
3456 2767 3595 2804 esse.

2248 2834 2563 2900 Prophetias
2599 2837 2765 2888 nolite
2801 2851 3075 2902 spernere,
3104 2836 3160 2890 id
3186 2843 3292 2906 est,
3321 2838 3368 2891 si
3390 2839 3595 2909 aliquis
3624 2838 3747 2891 valet

2175 2920 2635 2990 explanaredicta
2656 2925 3079 2994 prophetarum,
3103 2925 3248 2979 sicut
3273 2926 3644 2999 Hieronymus
3663 2941 3749 2980 cae-

2173 3009 2395 3080 terique
2423 3009 2676 3064 doctores
2706 3011 2777 3064 ad
2814 3012 3238 3067 aedificationem
3259 3015 3583 3069 auditorum
3612 3011 3746 3083 loqui

2176 3104 2232 3152 et
2281 3098 2622 3168 praedicare:
2679 3099 2851 3154 nolite
2882 3101 3039 3154 illum
3079 3102 3382 3173 despicere,
3431 3104 3605 3157 nolite
3631 3117 3742 3156 con-

2175 3193 2447 3252 temnere,
2487 3187 2584 3242 sed
2614 3188 2905 3243 humiliter
2932 3191 3204 3244 attendite
3235 3208 3358 3262 quae
3385 3191 3570 3246 docet.

2249 3278 2450 3332 Omnia
2469 3282 2654 3330 autem
2670 3279 2921 3345 probate;
2947 3281 3090 3346 quod
3107 3281 3310 3333 bonum
3331 3285 3404 3333 est
3429 3285 3614 3345 tenete,
3650 3280 3738 3332 hoc

2174 3370 2278 3431 est,
2293 3364 2564 3419 attendite
2581 3366 2771 3420 omnia
2786 3383 2907 3437 quae
2922 3366 3015 3421 ille
3037 3368 3557 3438 loquitur.Probate
3577 3373 3744 3423 utrum

2171 3453 2320 3508 dicta
2347 3455 2498 3508 illius
2518 3459 2574 3509 et
2606 3455 2771 3509 verba
2796 3457 3132 3510 conveniunt
3157 3457 3319 3511 dictis
3353 3457 3657 3528 Evangelii,
3684 3454 3751 3508 di-

2173 3543 2277 3596 ctis
2323 3543 2748 3614 prophetarum,
2779 3551 2834 3598 et
2863 3545 3030 3600 dictis
3081 3546 3484 3617 apostolorum.
3539 3544 3688 3610 Quod
3711 3543 3748 3596 si

2174 3631 2543 3703 probaveritis
2563 3648 2674 3686 non
2701 3633 3017 3704 discrepare
3047 3652 3080 3688 a
3109 3651 3279 3689 sensu
3318 3641 3640 3689 sanctorum
3668 3649 3751 3705 pa-

2174 3725 2326 3775 trum
2355 3719 2523 3774 verba
2547 3721 2715 3787 illius,
2741 3723 2890 3792 quod
2921 3723 3127 3777 bonum
3166 3729 3254 3777 est
3281 3729 3468 3778 tenete
3494 3724 3674 3784 corde,
3706 3725 3752 3774 et

2174 3826 2341 3881 opere
2367 3810 2635 3880 perficite.

2245 3901 2321 3952 Ab
2348 3902 2503 3953 omni
2530 3903 2698 3968 specie
2727 3903 2878 3966 mata
2905 3902 3167 3955 abstinete
3195 3919 3303 3968 vos,
3331 3901 3390 3956 id
3406 3908 3493 3957 est
3521 3902 3591 3956 ab
3619 3898 3751 3956 omni

2171 4004 2232 4042 re
2263 3988 2432 4051 mala,
2482 3993 2540 4042 et
2567 3988 2907 4058 cogitatione
2933 4006 3120 4060 prava,
3190 3997 3247 4045 et
3298 4008 3468 4062 Opere
3511 4003 3750 4062 perverso

2171 4076 2446 4131 abstinete
2475 4093 2590 4130 vos.

2244 4168 2358 4234 Ipse
2379 4170 2565 4219 autem
2596 4167 2736 4219 Deus
2767 4170 2942 4234 pacis,
2963 4167 3019 4221 id
3057 4173 3144 4222 est
3178 4169 3453 4224 Dominus
3470 4170 3649 4235 Jesus,
3671 4163 3754 4238 qui

497 4278 722 4334 semper
743 4277 924 4326 orare,
955 4257 1050 4330 qui
1073 4255 1368 4310 canonicas
1389 4255 1557 4307 horas
1588 4251 1864 4314 observat,
1895 4265 2152 4339 secun-D
2171 4269 2363 4323 pacem
2392 4253 2622 4324 reliquit
2647 4255 2934 4325 discipulis
2968 4257 3104 4321 suis,
3139 4264 3196 4311 et
3235 4258 3293 4311 in
3321 4258 3580 4312 omnibus
3609 4255 3754 4311 nobis

497 4353 630 4407 dum
655 4365 869 4404 morem
890 4352 947 4401 et
965 4344 1424 4400 consuetudinem
1456 4346 1777 4396 sanctorum
1805 4339 2036 4393 Patrum
2073 4358 2084 4392 :

497 4445 600 4496 aut
617 4439 787 4494 etiam
805 4436 988 4504 illum,
1010 4433 1106 4505 qui
1131 4448 1353 4503 semper
1382 4431 1450 4485 de
1491 4431 1606 4484 Deo
1637 4429 1864 4500 cogitat,
1889 4433 1946 4482 et
1975 4429 2090 4483 Deo

441 4567 444 4570 ~
498 4530 718 4604 placere
747 4525 1045 4581 desiderat.
1081 4520 1343 4586 Quandiu
1365 4521 1512 4574 enim
1545 4519 1670 4590 quis
1691 4519 1832 4574 bene
1859 4518 2089 4589 cogitat,

435 4649 459 4671 ι
497 4627 556 4676 et
581 4619 792 4674 bonum
819 4614 1120 4679 desiderat,
1152 4625 1376 4680 semper
1420 4613 1563 4662 orat.
1613 4609 1760 4662 Nam
1816 4609 2090 4681 quidquid

496 4709 631 4767 boni
653 4709 844 4781 justus
893 4703 1026 4776 agit,
1061 4701 1132 4756 ad
1159 4699 1472 4756 orationem
1509 4702 1596 4753 est
1623 4697 2001 4767 referendum,
2035 4705 2092 4755 et

493 4815 785 4872 nunquam
815 4795 1035 4852 desinet
1059 4807 1240 4857 orare,
1273 4789 1385 4844 nisi
1412 4788 1644 4842 desierit
1664 4789 1853 4859 justus
1875 4805 2016 4844 esse.

568 4893 634 4946 In
657 4888 911 4943 omnibus
938 4885 1153 4952 gratias
1171 4882 1334 4950 agite,
1357 4877 1415 4933 id
1441 4883 1527 4932 est.
1558 4878 1616 4931 in
1646 4877 1774 4946 ﬁde,
1807 4894 1924 4950 spe,
1957 4878 2091 4932 cha-

495 4979 684 5042 ritate,
711 4975 1037 5044 ceterisque
1057 4970 1219 5025 bonis
1241 4967 1524 5040 operibus,
1548 4972 1606 5021 et
1628 4966 1685 5020 in
1707 4969 2006 5038 prosperis,
2035 4973 2093 5022 et

495 5065 556 5118 in
581 5063 827 5118 adversis
855 5075 1078 5130 semper
1090 5057 1304 5128 gratias
1326 5062 1384 5110 et
1403 5055 1599 5109 laudes
1629 5055 1779 5125 agite
1804 5057 1937 5122 Deo,
1953 5055 2088 5127 quia

495 5166 680 5222 neque
707 5164 975 5220 prospera
1000 5146 1111 5200 nisi
1129 5162 1193 5200 eo
1219 5146 1483 5212 donante,
1510 5159 1691 5215 neque
1717 5144 1949 5198 adversa
1979 5145 2088 5198 nisi

429 5282 433 5286 -
497 5257 564 5297 eo
597 5237 959 5311 permittente
988 5235 1262 5288 evenient.
1289 5236 1410 5289 Haec
1437 5237 1588 5289 enim
1618 5238 1691 5286 est
1715 5236 1968 5286 voluntas
1991 5235 2088 5287 Dei

496 5335 563 5388 in
591 5327 844 5384 omnibus
870 5327 932 5379 in
959 5323 1172 5378 Christo
1196 5324 1342 5389 Jesu,
1367 5322 1424 5378 id
1452 5328 1538 5378 est
1565 5339 1665 5394 per
1689 5321 1975 5377 Christum
2000 5323 2086 5376 Je-

417 5459 420 5462 ~
496 5431 692 5485 sum,a
715 5429 826 5487 quo
856 5410 1046 5467 omnia
1074 5409 1223 5464 bona
1251 5407 1413 5464 nobis
1428 5409 1730 5477 donantur,
1753 5415 1812 5464 et
1838 5409 1958 5464 sine
1973 5425 2084 5481 quo

496 5506 642 5569 nihil
665 5502 798 5563 boni
821 5515 989 5577 agere
1009 5498 1278 5567 valemus,
1313 5497 1457 5556 sicut
1482 5498 1602 5574 ipse
1629 5499 1807 5558 dixit:
1838 5499 1972 5580 Sine
2000 5515 2110 5572 me,

2173 4342 2401 4398 dicens:
2456 4347 2647 4396 Pacem
2692 4345 2948 4412 relinquo
2979 4349 3123 4398 vobis
3162 4347 3347 4416 (Joan.
3402 4351 3538 4415 xxv),
3572 4351 3626 4401 et
3668 4342 3752 4414 qui

2174 4429 2341 4484 etiam
2378 4447 2478 4484 nos
2509 4431 2821 4501 paciﬁcavit
2855 4439 2911 4486 et
2937 4434 3314 4490 reconciliavit
3339 4436 3455 4490 Deo
3482 4435 3631 4489 Patri
3662 4448 3752 4504 per

2173 4519 2488 4591 passionem
2508 4536 2690 4586 suam,
2713 4521 2832 4591 ipse
2845 4525 3140 4589 sanctiﬁcet
3162 4539 3252 4576 vos
3265 4539 3368 4590 per
3384 4529 3594 4588 omnia,
3607 4523 3659 4576 id
3676 4525 3752 4575 est

2173 4613 2394 4663 sanctos
2447 4609 2616 4662 faciat
2662 4609 2721 4662 in
2764 4609 3023 4664 omnibus
3064 4626 3188 4682 quae
3213 4611 3476 4681 cogitatis
3507 4617 3562 4667 et
3586 4625 3743 4682 opere

2171 4697 2436 4768 perficitis
2457 4715 2469 4764 ;
2484 4702 2543 4751 ut
2557 4701 2766 4767 integer
2780 4701 3012 4766 spiritus
3025 4705 3195 4753 vester
3215 4705 3260 4753 et
3285 4703 3481 4755 anima
3497 4708 3546 4754 et
3570 4714 3752 4768 corpus

2172 4789 2291 4840 sine
2319 4791 2538 4856 querela
2570 4788 2632 4840 in
2661 4787 2899 4842 adventu
2938 4789 3164 4842 Domini
3199 4793 3379 4842 nostri
3405 4792 3530 4843 Jesu
3561 4788 3752 4846 Christi

2171 4875 2600 4939 serretur.Quod
2612 4875 2820 4930 dicitut
2833 4876 3052 4946 integer
3064 4877 3293 4948 spiritus
3307 4882 3492 4932 vester
3507 4883 3562 4932 et
3576 4877 3751 4930 anima

2173 4971 2228 5020 et
2248 4981 2449 5036 corpus
2474 4969 2742 5031 servetur,
2780 4963 3081 5035 dupliciter
3100 4982 3400 5037 possumus
3430 4966 3748 5036 intelligere.

2175 5053 2352 5108 Homo
2377 5058 2598 5107 constat
2617 5069 2680 5107 ex
2705 5069 2938 5124 corpore
2959 5059 3016 5107 et
3038 5055 3228 5108 anima
3251 5061 3308 5109 et
3326 5055 3550 5126 spiritu,
3577 5062 3754 5108 tamen

2167 5142 2226 5196 in
2251 5158 2315 5196 eo
2345 5159 2458 5196 non
2486 5146 2620 5196 sunt
2637 5150 2754 5196 tres
2777 5141 3126 5209 substantiae,
3159 5143 3302 5197 sicut
3337 5144 3607 5216 Didymus
3631 5157 3751 5196 con-

2169 5232 2367 5298 tendit,
2397 5247 2500 5286 nec
2529 5236 2616 5286 est
2642 5231 2842 5285 tertius
2868 5231 2928 5286 in
2975 5231 3292 5287 substantia
3337 5233 3577 5287 hominis
3601 5230 3750 5302 spiri-

2167 5324 2276 5387 tus,
2305 5321 2404 5374 sed
2456 5320 2687 5392 spiritus
2735 5320 2853 5392 ipse
2909 5325 2997 5374 est
3038 5321 3249 5385 anima,
3279 5320 3428 5375 unde
3459 5321 3655 5377 dicitur
3695 5318 3748 5372 in

2166 5409 2769 5480 Evangeliozlnclinato
2779 5412 2953 5478 capite
2968 5410 3149 5466 emisit
3161 5411 3604 5482 spiritum(Joan.
3620 5411 3744 5476 nx),

2165 5503 2223 5556 et
2245 5499 2451 5557 idcirco
2479 5499 2797 5575 appellatur
2825 5499 3016 5557 anima
3036 5499 3289 5574 spiritus,
3303 5514 3370 5556 eo
3388 5498 3535 5572 quod
3545 5495 3750 5575 spirita-
