3966 6156
225 280 328 341 777

224 409 294 462 lis
323 415 549 469 natura
569 419 672 482 est,
705 418 792 473 vel
821 422 971 492 quod
1005 427 1182 497 spiret
1240 432 1298 488 in
1331 435 1558 496 homine
1591 461 1604 497 :
1643 445 1794 498 anim

224 513 354 551 vero
383 499 538 557 dicta
565 509 652 558 est
679 522 744 560 eo
765 511 914 578 quod
933 513 1002 568 ad
1034 515 1426 579 viviﬁcandum
1452 528 1666 585 animet
1693 549 1817 587 cor-

222 602 346 655 pus,
381 595 440 642 et
465 591 535 644 ad
562 593 860 652 videndum
886 605 1104 672 corpori
1136 607 1267 662 data
1298 612 1389 666 sit.
1408 613 1498 670 Ita
1525 619 1695 674 etiam
1725 639 1818 676 ra-

223 674 567 733 tionabilitas
593 688 650 735 et
685 685 1012 744 excellentia
1056 695 1258 751 animae
1288 717 1399 771 qua
1449 706 1720 776 sapimus,
1759 674 1819 765 et

221 762 596 822 discernimur
604 770 674 824 ab
685 772 810 827 aliis
821 781 1112 846 creaturis,
1121 784 1348 853 spiritus
1364 795 1636 862 appellari
1647 801 1810 867 solet,

223 851 367 907 sicut
389 857 708 913 ostenditur
724 861 803 916 ibi
830 881 843 916 :

219 1116 408 1173 dimus
438 1122 629 1177 anima
658 1126 916 1197 vivimus,
957 1135 1158 1204 spiritu
1187 1138 1553 1214 intelligimus
1585 1157 1643 1205 et
1665 1154 1820 1224 sapi-

217 1220 363 1260 mus.
387 1208 469 1263 De
491 1227 600 1281 quo
616 1213 818 1284 spiritu
840 1219 954 1274 sive
972 1224 1411 1286 rationabilitate
1441 1236 1663 1304 animae,
1695 1208 1820 1312 qua;

217 1295 628 1355 rationabilitas
657 1304 827 1359 etiam
878 1325 1037 1365 mens
1083 1317 1420 1388 appellatur,
1444 1295 1820 1395 loquitur

213 1383 518 1454 Apostolus
547 1405 675 1444 cum
729 1394 812 1448 ait
845 1413 857 1448 :
893 1398 966 1452 Ut
1015 1383 1235 1472 integer
1273 1383 1724 1478 spiritus-vester

214 1472 424 1539 anima,
450 1481 554 1530 etc.
581 1478 720 1534 Orat
753 1498 887 1553 ergo
907 1487 1206 1556 Apostolus
1255 1472 1320 1549 ut
1345 1499 1598 1569 spiritus,
1637 1505 1695 1560 id
1732 1472 1820 1562 est

215 1562 624 1620 rationabilitas
653 1573 1177 1646 nostra,integra,et
1198 1562 1716 1664 incorrupta,atque
1736 1596 1818 1651 in-

211 1649 421 1705 violata
451 1665 821 1724 permaneat:
854 1668 911 1716 et
965 1666 1158 1723 anima
1211 1677 1268 1726 et
1315 1691 1516 1746 corpus
1557 1680 1818 1740 similiter

210 2179 574 2250 desiderium,
609 2186 735 2241 ideo
765 2191 901 2246 dicit
929 2179 1114 2252 totum.
1165 2200 1222 2254 in
1254 2202 1482 2261 homine
1537 2214 1811 2269 mundum

212 2283 333 2322 esse
357 2269 583 2326 debere.
616 2275 828 2333 Aliter:
872 2281 1115 2352 Spiritus
1152 2299 1378 2347 sanctus
1408 2312 1554 2368 saepe
1583 2302 1814 2370 ponitur

209 2372 311 2438 pro
329 2360 518 2427 gratia
546 2367 603 2416 et
621 2364 784 2420 donis
813 2369 948 2433 suis,
981 2372 1128 2428 sicut
1154 2377 1213 2430 in
1243 2360 1503 2450 epistola-
1522 2360 1705 2456 prima
1740 2393 1809 2446 ad

213 2443 570 2502 Corinthios:
603 2451 872 2523 Spiritus,
895 2457 1098 2530 inquit,
1121 2443 1811 2546 prophetarum-prophetis

211 2535 482 2602 subjectus
508 2543 583 2591 est
610 2539 669 2610 (I
695 2541 815 2596 Cor.
846 2549 980 2617 xw),
1009 2547 1066 2603 id
1115 2559 1202 2607 est
1228 2555 1376 2611 dona
1405 2535 1649 2630 Spiritus
1677 2584 1810 2624 san-

210 2622 300 2689 cti,
324 2623 454 2694 quia
480 2641 596 2680 non
623 2638 831 2700 cogunt
859 2634 1146 2694 hominem
1175 2642 1328 2714 loqui
1371 2622 1518 2704 sicut
1564 2622 1805 2728 arrepti-

205 2755 1268 2786 .___..__________

852 295 1234 362 EXPOSITIO
1267 309 1345 366 IN
1375 313 1530 376 EPP.
1565 318 1622 372 S.
1660 319 1897 378 PAULI.
1931 357 1996 368 -—
2027 329 2108 386 IN
2139 334 2362 394 EPIST.
2397 339 2453 396 II
2487 343 2586 400 AD
2614 345 2858 412 THESS.

3391 371 3498 436 778

1801 462 1834 500 a
1852 449 2048 562 Atium
2081 461 2139 510 et
2165 459 2589 525 daemoniacum.
2617 475 2706 530 Sic
2734 478 2794 532 in
2832 480 2941 538 isto
2969 484 3090 544 loco
3127 497 3314 562 potest
3337 499 3500 558 intel-

1897 538 1997 609 Ιίεί
2014 559 2076 612 ΡΥ
2079 561 2112 598 0
2132 551 2317 616 gratia
2330 570 2434 608 sua
2448 574 2572 628 quae
2585 563 2744 620 nobis
2758 538 3187 649 daturtempore
3198 538 3500 656 QQJQKQ.

1899 628 1972 656 ιε..
2014 648 2115 656 η.--
2143 652 2229 656 ..-η
2299 640 2312 656 1
2542 648 2556 656 .
2746 655 2771 656 η

3013 628 3080 649 Ἴ
3095 628 3143 633 -_
3160 628 3186 636 ν
3201 628 3268 638 νυ.
3311 628 3500 646 ..ωηα-

1899 628 1993 693 tis,
2011 648 2122 701 qua
2141 640 2483 698 mundamur
2506 648 2576 702 ab
2606 655 2865 712 omnibus
2881 628 3322 734 inquinamentis
3342 678 3501 734 vitio-

1900 732 2045 785 rum,
2067 739 2235 792 quam
2262 737 2387 784 orat
2406 735 2706 803 Apostolus
2727 750 2790 797 ut
2814 732 3052 820 integra,
3077 758 3493 837 etincorrupta,

1900 809 2436 840 ninnnim...---_1_l_
2469 839 2475 840 ,
2675 835 2683 840 .
2712 830 2722 840 .
2866 836 2879 840 _
2907 837 2916 840 _

1964 2220 2164 2276 Fidelis
2184 2231 2278 2292 est,
2309 2227 2366 2281 id
2397 2237 2482 2285 est
2524 2251 2689 2291 verax
2744 2241 2803 2296 in
2853 2251 3314 2315 promissionibus
3351 2220 3488 2334 suis,

1894 2309 1996 2373 qui
2004 2315 2213 2365 vocavit
2233 2331 2323 2369 vos
2341 2319 2412 2372 ad
2431 2321 2597 2378 ﬁdem
2619 2333 2678 2380 et
2695 2332 2937 2399 gratiam
2956 2354 3114 2396 suam
3143 2362 3156 2411 ;
3192 2350 3294 2414 qui
3319 2309 3492 2409 alia";

1893 2396 2353 2496 .faeiet,su-baudis
2374 2407 2430 2462 id
2451 2413 2597 2480 quod
2620 2396 3156 2485 prdmisitFideleni

1892 2481 1951 2536 in
1979 2488 2444 2554 promissionibus
2472 2499 2612 2569 suis,
2643 2508 2706 2558 ut
2759 2512 2942 2566 securi
2985 2515 3055 2570 de
3077 2525 3310 2589 praemio
3338 2534 3491 2588 recte

1890 2581 2306 2634 conversentur.

1269 2779 3474 2858 —____.___________

663 2875 780 2968 IN
822 2879 1466 2982 EPISTOLAM
1526 2893 1606 2985 ll
1665 2897 1822 2988 AD
1873 2902 3038 3027 THESSALONICENSES.

205 3292 332 3332 cum
361 3281 747 3350 pervenissent
766 3285 1004 3356 legendo
1024 3290 1094 3342 ad
1121 3291 1281 3346 illum
1313 3295 1495 3349 locum
1517 3297 1614 3354 ubi
1629 3281 1806 3372 loqui?

199 3369 291 3418 tur
318 3368 629 3437 Apostolus
658 3388 723 3425 ex
744 3390 981 3443 persona
1008 3378 1333 3448 electorum,
1368 3383 1463 3454 qui
1507 3385 1563 3440 in
1593 3368 1802 3460 die—ju-

200 3450 328 3507 dicii
363 3455 683 3512 inveniendi
715 3467 848 3515 sunt
875 3463 1001 3530 vivi,
1034 3465 1294 3537 inquiens
1322 3489 1333 3523 :
1369 3473 1574 3528 Deinde
1594 3493 1690 3531 nos
1710 3483 1810 3547 qui

196 3544 458 3607 vivimus,
495 3550 597 3614 qui
615 3550 1019 3618 relinquimur,
1039 3559 1211 3611 simul
1241 3563 1530 3628 rapiemur
1548 3570 1807 3622 cumillis

189 3901 338 3948 esset
374 3897 648 3953 Dominus
677 3901 748 3954 ad
770 3903 1072 3974 judicium,
1100 3914 1157 3963 et
1184 3910 1459 3968 timebant
1505 3916 1587 3970 illi
1644 3920 1794 3976 mitti

191 3997 315 4036 cum
349 3984 577 4040 diabolo
603 3987 663 4041 in
693 4007 975 4047 carcerem
1007 3998 1200 4051 aeterni
1222 4003 1498 4071 supplicii,
1524 4021 1590 4058 eo
1620 4010 1790 4077 quod,

185 4072 347 4127 tarde
373 4076 665 4131 venientes
689 4080 760 4133 ad
791 4081 1296 4154 ﬁdem,imperfecti
1326 4072 1792 4166 essent.Quap|'o;

183 4162 310 4226 pter
333 4163 664 4234 Apostolus,
688 4173 751 4221 ut
771 4171 1042 4240 comperit
1063 4172 1188 4228 illos
1216 4192 1386 4247 super
1414 4179 1517 4233 hoc
1554 4162 1789 4252 tristari,

171 4693 330 4760 regni
358 4693 630 4764 Romani,
649 4713 720 4751 ne
749 4699 894 4753 forte
923 4702 978 4756 in
1011 4705 1303 4761 credentes
1332 4714 1782 4779 persecutionem

171 4779 472 4837 excitaret.
493 4783 805 4841 Denuntiat
827 4789 996 4844 etiam
1027 4793 1330 4851 adventum
1355 4800 1688 4858 Antichristi
1726 4810 1783 4859 et

166 4866 629 4929 interfectionem
661 4875 709 4945 ej
717 4891 804 4933 us.

700 5021 934 5078 CAPUT
961 5023 1266 5084 PRIMUM.

227 5140 456 5195 Paulus
485 5148 533 5196 et
564 5143 850 5200 Silvanus.
871 5147 1037 5218 Idem
1095 5157 1181 5205 est
1227 5152 1472 5223 initium,
1515 5156 1776 5230 idemque

158 5242 361 5282 sensus
385 5245 559 5299 quem
590 5231 648 5285 in
677 5233 852 5304 priori
883 5239 1258 5307 exposuimus.

225 5316 613 5384 Supercrescit
642 5322 772 5386 ﬁdes
817 5329 995 5379 vestra
1063 5327 1226 5383 Fides
1269 5338 1574 5402 augmento
1611 5341 1767 5406 eget;

155 5404 305 5457 unde
329 5407 584 5475 apostoli
613 5407 808 5464 dicunt
848 5411 1088 5470 Domino
1121 5434 1132 5469 :
1166 5419 1389 5488 Adauge
1438 5425 1594 5477 nobis
1606 5404 1770 5491 ﬁdem

151 5491 494 5562 (Luc.xvn).
513 5495 583 5550 Et
605 5498 834 5568 quidam
856 5501 1001 5557 alius
1025 5521 1036 5556 :
1064 5505 1250 5574 Credo,
1283 5509 1535 5580 Domine,
1566 5514 1770 5582 adiuva

153 5579 570 5637 inﬁdelitatem
598 5591 979 5650 meamUllarc.
1010 5593 1105 5664 Ix).

405 5679 675 5745 PATROL.
722 5686 958 5751 CXVII.

1881 3915 2032 3970 viora
2049 3923 2270 3990 reprobi
2293 3932 2350 3980 et
2376 3927 2584 3986 inimici
2613 3936 2766 3992 illius
2785 3941 2841 3995 in
2873 3945 2964 4000 die
2978 3915 3119 4018 justi
3141 3915 3472 4025 judiciiBDei

1875 4006 2200 4077 suscipient.
2226 4010 2258 4064 J
2267 4021 2454 4071 ustum
2481 4019 2582 4074 Dei
2598 4023 2874 4091 judicium
2898 4034 3055 4103 dicit,
3084 4006 3217 4112 quia
3237 4051 3370 4105 tunc
3377 4054 3468 4122 ju-

1875 4091 2076 4122 A:nn‘-\:6
2108 4097 2255 4122 ΠΛ.--
2295 4102 2379 4122 --.ι
2400 4121 2411 4122 γ
2442 4121 2445 4122 ,
2513 4112 2522 4122 .
2693 4113 2704 4122 .
2904 4121 2911 4122 ,

1874 4091 2079 4149 dicabit
2108 4097 2258 4153 Deus
2287 4102 2477 4158 orbem
2508 4112 2670 4166 terrae
2691 4113 2746 4167 in
2772 4091 3054 4189 aequitate:

1943 4182 2007 4237 Si
2033 4189 2216 4241 tamen
2231 4193 2453 4258 justum
2480 4202 2554 4250 est
2581 4204 2732 4266 apud
2775 4182 2948 4264 Deum
2977 4220 3278 4279 retribuere
3303 4232 3467 4288 malis

1866 4628 2015 4678 mini
2023 4629 2366 4688 Jesudeccelo
2394 4638 2665 4695 venientis
2709 4647 2779 4698 ad
2803 4649 3102 4724 judicium,
3134 4679 3258 4719 cum
3284 4628 3454 4740 cinge-

1872 4714 2177 4740 1.·-...·..ι-..ι.·-
2207 4724 2263 4740 -3-
2389 4724 2400 4734 ι
2485 4732 2495 4740 .
2533 4727 2544 4738 ο
2685 4731 2721 4740 ..
2766 4735 2776 4740 -
2902 4739 2910 4740 ,

1868 4714 1935 4766 lis
1950 4717 2178 4772 virtutis
2195 4724 2332 4788 ejus,
2356 4724 2502 4780 sicut
2529 4727 2647 4798 ipse
2667 4714 2841 4788 dixit:
2879 4739 3016 4796 Cum

1863 4802 2123 4869 hominis,
2166 4814 2216 4862 et
2235 4827 2420 4866 omnes
2443 4821 2629 4884 angeli
2647 4835 2773 4874 cum
2789 4839 2845 4878 eo
2865 4827 3085 4897 (Matth.
3109 4844 3258 4909 xxv),
3300 4851 3357 4902 et
3392 4850 3454 4906 in

1859 4893 2201 4951 revelatione
2229 4898 2452 4956 Domini
2478 4904 2611 4960 Jesu
2639 4909 2825 4965 dantis
2852 4893 3154 4978 vindictam
3175 4893 3451 5008 reprobis,

1859 4980 1919 5008 ἐν.
1960 4985 2182 5008 luna”..-
2216 4989 2356 5008 ,νὴ-θ,
2398 4991 2410 5008 ι
2442 4994 2452 5004 ο
2595 4997 2604 5008 .

1859 4980 1924 5033 in
1951 4985 2184 5051 ﬂamma
2212 4989 2360 5054 ignis
2390 4991 2476 5044 his
2503 4997 2604 5062 qui
2632 5011 2741 5051 non
2769 5014 3041 5062 noverunt
3068 4980 3267 5083 Deum:
3282 5022 3341 5080 id
3366 4980 3454 5088 est

1857 5073 2113 5142 paganis,
2143 5080 2193 5128 et
2224 5080 2323 5144 qui
2370 5095 2483 5133 non
2539 5083 2798 5141 obcdiunt
2827 5091 3140 5170 Evangelia,
3168 5073 3448 5175 Μένᾶὶὲῐὲ

1855 5159 2130 5227 videlicet,
2165 5172 2222 5217 et
2245 5165 2400 5220 falsis
2430 5167 2786 5240 Christianis,
2816 5159 3000 5252 atque'
3029 5159 3448 5264 ,Ι

1856 5248 1915 5302 in
1946 5249 2173 5305 ﬂamma
2199 5251 2346 5322 ignis
2375 5255 2509 5310 dicit
2534 5258 2800 5319 daturum
2829 5248 3127 5334 Dominum
3144 5248 3447 5352 vindictam

1854 5337 2123 5409 reprobis,
2148 5341 2277 5410 quia
2298 5341 2446 5412 ignis
2460 5350 2738 5416 praecedet
2769 5370 2917 5425 eum,
2949 5337 3445 5447 tantumspatiu;

1852 5426 1999 5480 aeris
2013 5439 2597 5501 occupans,quantum
2629 5447 2920 5515 occupavit
2946 5465 3095 5524 aqua
3120 5458 3179 5514 in
3209 5426 3441 5533 diluvio.

1853 5513 1947 5584 qui
1971 5514 2192 5570 ardebit
2219 5523 2432 5575 terram
2460 5532 2518 5578 et
2526 5513 2956 5593 crassitudinem
2967 5513 3134 5606 aeris,
3167 5513 3443 5626 et—pil—r‘g;

1853 5600 1929 5626 ιιι.
1952 5604 2174 5626 -”Ι--Λ--,
2207 5609 2426 5626 ..-κημια
2533 5618 2541 5626 .
2762 5620 2799 5626 --
