3966 6156
537 312 646 389 ῗῖβ
977 316 1356 375 HAYMONIS
1386 310 1875 374 HALBERSTAT.
1908 308 2142 367 EPISC.
2183 304 2341 366 OPP.
2375 302 2557 364 PARS
2584 308 2629 363 Ι.
2664 334 2733 351 ο·-
2763 302 3134 363 COMMENT.
3172 304 3353 398 BIDL.
3658 299 3746 365 780

538 447 604 498 in
635 446 820 512 ignem
846 449 1115 498 zternmn
1144 443 1359 501 (Matth.
1390 444 1535 503 xxv).
1567 438 1920 492 involvantur
1933 436 2005 489 ab
2024 435 2133 488 isto
2150 437 2200 494 A
2219 434 2353 487 deos
2367 433 2618 502 gentium
2645 431 2974 486 :Herculem
3004 428 3274 497 videlicet,
3305 433 3646 504 Appolllncm,
3673 434 3749 487 Jo-

537 531 687 604 igne,
721 538 779 586 et
808 533 1109 587 trahentur
1134 531 1207 585 ad
1236 530 1509 599 supplicia
1534 528 1755 581 inferni.
2222 540 2363 581 vem.
2387 522 2481 591 qui
2503 524 2641 575 falso
2657 520 3089 577 dicunturdli.et
3104 538 3273 591 supra
3286 530 3471 574 omnes
3483 518 3660 574 electos
3674 522 3750 589 qui

611 623 720 690 Qui
748 608 970 691 reprobi
995 622 1206 673 dabunt
1226 632 1409 686 pa’nas
1430 624 1657 669 arternas
1678 619 1739 668 in
1769 614 2135 667 interituDa-
2218 612 2594 680 nuncupatim
2626 618 2891 662 vocantur
2919 611 3016 668 dii,
3048 617 3109 663 ut
3168 613 3394 680 Moyses,
3425 610 3514 679 qui
3544 609 3714 661 dicitur
3738 628 3747 660 :

537 710 679 765 bunt
706 726 899 780 poenas
925 709 1070 770 aliis,
1089 709 1187 761 sed
1223 707 1325 759 sibi
1363 705 1577 760 dabunt
1606 711 1663 757 et
1692 704 1933 758 intererit
1958 721 1967 753 :
1999 702 2134 770 quia
2214 701 2343 753 Ecce
2363 702 2627 751 constitui
2653 705 2699 750 te
2724 701 2886 750 deum
2930 700 3241 752 Pharaonis
3272 699 3458 757 (Exod.
3496 696 3611 764 vn);
3637 702 3683 749 et
3705 697 3747 749 in

532 799 687 853 mala
706 798 1070 867 feceruntpro
1088 796 1290 866 quibus
1306 795 1445 849 talia
1476 793 1760 862 recipient.
1783 792 1927 845 Dare
1958 791 2128 843 etiam
2213 786 2366 855 lege:
2396 789 2514 839 Diis
2546 803 2611 840 ne
2650 786 2908 841 detrahas
2926 788 3121 847 tErod.
3167 788 3325 852 xx").
3358 780 3413 838 id
3441 789 3520 837 est
3545 786 3751 837 sacerdo-

530 886 838 957 aliquando
867 886 1096 956 ponitur
1124 896 1222 955 pro
1247 885 1544 943 sustinere,
1579 882 1725 934 sicut
1755 882 1809 933 in
1842 879 2077 948 Virgilio
2113 894 2124 928 :
2213 876 2401 941 tibus;
2441 882 2533 929 et:
2567 878 2675 941 Ego
2705 876 2827 927 diri
2859 893 2874 926 :
2908 877 2998 927 Dii
3040 878 3164 927 estis
3196 876 3364 937 (Psat.
3394 878 3581 933 Luxu.
3609 872 3751 941 Igitur

566 1034 575 1045 κ
749 973 807 1022 Et
832 988 923 1037 pro
950 986 1189 1037 purpureo
1216 985 1379 1034 pinnas
1402 973 1482 1019 dat
1505 970 1667 1031 Scylla
1698 967 1893 1029 capillo.
2210 981 2381 1033 super
2400 981 2595 1017 omnes
2614 964 2749 1017 istos
2780 964 3007 1016 extollet
3024 978 3083 1016 se
3114 961 3504 1025 Antichristus,
3543 966 3594 1014 et
3616 963 3752 1029 majo-

524 1042 585 1111 id
614 1060 702 1109 est
727 1054 970 1109 sustinet
1000 1070 1212 1125 pcenas,
1265 1053 1345 1106 ita
1375 1056 1435 1104 et
1468 1051 1528 1104 hi
1571 1048 1787 1104 dabunt
1816 1060 2027 1117 poenas,
2070 1046 2128 1100 id
2212 1069 2329 1104 rem
2354 1052 2849 1106 sodicetomnibus
2872 1052 3014 1105 istis.
3037 1056 3095 1104 et
3114 1066 3224 1103 non
3252 1051 3435 1103 solum
3467 1062 3620 1119 super
3636 1042 3747 1111 illos,

524 1148 611 1200 est
637 1144 1021 1199 sustinebunt.
2209 1141 2303 1193 sed
2327 1142 2527 1203 etiam(
2534 1140 2681 1210 quod
2707 1138 2890 1208 majus
2913 1148 3016 1205 est)
3047 1155 3219 1210 supra
3238 1152 3405 1192 omne
3434 1138 3570 1208 quod
3591 1138 3754 1190 colitur

598 1233 740 1288 Cum
757 1235 966 1285 venerit
982 1232 1291 1298 gloriﬁcari
1310 1232 1372 1281 in
1391 1230 1595 1281 sanctis
1609 1229 1744 1293 ejus,
1767 1224 1819 1277 id
1845 1224 2124 1278 estclarUS
2207 1229 2264 1281 id
2297 1241 2383 1282 est
2413 1246 2579 1299 supra
2612 1236 2861 1281 sanctam
2903 1228 3257 1287 Trinitatem,
3285 1243 3408 1297 quae
3453 1225 3751 1280 solummodo

524 1304 801 1392 apparere
824 1318 973 1372 eiset
993 1317 1251 1381 blandus,
1269 1314 1522 1385 reprobis
1551 1319 1739 1367 autem
1769 1311 2039 1365 terribilis
2065 1316 2124 1365 et
2205 1318 2435 1370 colenda
2459 1325 2515 1370 et
2545 1318 2832 1369 adoranda
2861 1323 2946 1370 est
2988 1316 3058 1368 ab
3107 1317 3260 1369 omni
3304 1320 3580 1370 creatura.
3607 1313 3680 1367 Ita
3707 1330 3752 1366 se

523 1404 870 1475 sevusQuia
890 1408 1159 1460 creditum
1183 1410 1255 1458 est
1271 1405 1649 1457 testimonimn
1674 1407 1927 1454 nostrum
1957 1415 2121 1466 super
2202 1407 2431 1459 extollet
2455 1410 2520 1459 ut
2548 1406 2602 1458 in
2637 1406 2842 1475 templo
2865 1406 2962 1459 Dei
2999 1405 3208 1467 sedeat,
3255 1405 3551 1457 ostendens
3583 1418 3635 1455 se
3657 1408 3752 1456 tan-

522 1512 635 1567 tjos,
656 1496 717 1550 id
747 1500 833 1549 est
861 1494 994 1565 quia
1043 1499 1329 1562 receptum
1362 1498 1419 1545 et
1456 1491 1730 1544 creditum
1764 1496 1849 1543 est
1877 1490 2120 1557 Evange-
2200 1508 2370 1563 quam
2404 1495 2479 1547 sit
2507 1494 2665 1547 deus.
2699 1495 2814 1546 Hoc
2848 1493 3147 1562 dupliciter
3173 1499 3358 1562 potest
3387 1490 3643 1560 intelligi:
3669 1484 3751 1543 Na-

522 1584 665 1660 lium
695 1588 753 1638 et
781 1582 1100 1654 praedicatio
1132 1588 1323 1635 nostra
1345 1581 1401 1633 in
1433 1579 1593 1633 nobis
1614 1585 1723 1631 eta
1742 1577 1914 1641 vobis,
1948 1580 2011 1629 in
2029 1579 2117 1629 die
2201 1588 2388 1634 scatur
2413 1581 2871 1634 Antichristusin
2888 1580 3171 1649 Babylone
3187 1582 3257 1633 de
3283 1580 3438 1633 tribu
3475 1574 3600 1634 Dan,
3624 1578 3751 1646 juxta

518 1675 636 1738 illo,
660 1671 716 1725 id
747 1677 834 1725 est
861 1676 1092 1741 propter
1118 1670 1279 1723 illum
1304 1669 1473 1731 diem,
1497 1674 1562 1721 ut
1608 1666 1968 1735 Evangelium
1994 1681 2116 1734 per-
2144 1734 2157 1741 _
2200 1670 2349 1739 quod
2370 1670 2538 1723 Jacob
2577 1670 2745 1722 dicit:
2787 1672 2903 1722 Fiat
2933 1667 3054 1722 Dan
3087 1671 3305 1721 coluber
3331 1672 3395 1721 in
3430 1671 3534 1727 ria,
3564 1672 3749 1719 cerastes

513 1734 709 1835 hibeat
724 1734 880 1813 vobis
899 1734 1288 1812 testimonium
1317 1754 1666 1810 credulitatis
1694 1754 1752 1808 in
1772 1734 1873 1807 die
1902 1754 2016 1817 illo,
2056 1759 2116 1807 et
2136 1734 2182 1801 B
2200 1734 2262 1810 in
2284 1761 2477 1810 semita
2505 1759 2837 1825 (Gemxmx).
2861 1758 2929 1810 Et
2949 1772 3075 1812 cum
3094 1757 3307 1810 venerit
3328 1754 3749 1824 Hierosolymam.

516 1847 806 1918 recipiatis
819 1846 1134 1901 mercedem
1152 1851 1443 1900 aeternam.
1472 1846 1540 1899 In
1569 1860 1695 1912 quo,
1723 1842 1992 1896 subaudis
2022 1858 2114 1895 ne-
2193 1846 3075 1910 circumcidetse,dicensludteis:
3101 1842 3217 1913 Ego
3240 1844 3614 1898 sumChristus
3630 1840 3749 1893 vobis

511 1935 689 2007 gotio,
722 1950 973 2000 oramus,
1010 1935 1092 1989 vel
1111 1934 1184 1988 ad
1204 1935 1310 1988 hoc
1336 1949 1569 1988 oramus
1586 1944 1796 2000 semper
1818 1946 1921 1999 pro
1945 1933 2109 1997 vobis,
2196 1934 2536 2003 promissus;
2567 1941 2703 1988 tunc
2728 1932 3015 1988 continent
3033 1934 3102 1987 ad
3138 1949 3264 1986 eum
3292 1948 3492 1986 omnes
3508 1931 3683 1993 Judaai,
3706 1934 3749 1982 et

512 2030 620 2081 etc.
2194 2023 2611 2076 resediﬁcabunt
2637 2024 2931 2093 templum,
2961 2023 3111 2093 quod
3138 2028 3225 2075 est
3250 2022 3592 2075 destructum
3616 2035 3645 2072 a
3668 2019 3748 2071 Ro-

2191 2112 2394 2174 manis,
2420 2113 2747 2182 sedebitque
2775 2112 2870 2172 ibi,
2895 2112 3085 2166 dicens
3105 2128 3165 2164 se
3193 2127 3314 2164 esse
3341 2111 3640 2170 Christum,
3668 2104 3747 2159 Vel

593 2273 597 2277 ν
1136 2164 1371 2220 CAPUT
1408 2160 1486 2218 ΙΙ·
2190 2160 2394 2263 θείωηᾷ
2416 2206 2477 2254 in
2513 2160 3657 2269 tangis-isisrs;senatus,
3676 2210 3745 2247 οφ

580 2295 856 2364 Rogamus
880 2291 1219 2357 vos,fratres.
1240 2305 1343 2356 per
1361 2291 1659 2342 adventum
1680 2288 1906 2341 Dmnim'
1932 2289 2114 2340 nostri
2191 2290 2430 2343 tendens
2458 2306 2517 2343 se
2539 2296 2807 2360 tanquam
2835 2289 2910 2342 sit
2940 2290 3106 2343 Deus.
3142 2289 3283 2341 Nam
3315 2286 3465 2341 sicut
3486 2289 3541 2340 in
3565 2284 3747 2339 Christo

507 2384 636 2438 Iesu
656 2383 865 2451 Christi
882 2386 937 2435 et
975 2384 1173 2435 nostra:
1192 2380 1633 2445 congregationis
1654 2379 1716 2429 in
1734 2378 1937 2442 unum.
1965 2376 2110 2429 Duos
2191 2378 2373 2430 omnis
2401 2378 2690 2447 plenitudo
2711 2377 3020 2430 divinitatis
3050 2376 3341 2446 requievit,
3375 2376 3458 2429 ita
3486 2376 3544 2429 in
3564 2374 3647 2428 illo
3669 2373 3749 2424 ho-

512 2469 738 2526 Domini
763 2469 1038 2523 adventus
1086 2466 1345 2537 legimus,
1398 2464 1642 2535 primum
1672 2464 1731 2517 in
1765 2464 2104 2527 humilitate,
2194 2468 2347 2519 mine
2375 2467 2469 2535 qui
2490 2467 2867 2519 Antichristus
2898 2466 3233 2535 appellatur,
3266 2481 3333 2518 eo
3363 2464 3517 2534 quod
3567 2462 3630 2517 sit
3650 2476 3750 2514 cou-

515 2559 821 2613 secundum
850 2558 908 2610 in
940 2555 1209 2627 potentia,
1243 2554 1466 2623 quando
1496 2552 1680 2605 veniet
1714 2552 1788 2606 ad
1812 2552 2108 2621 judicium,
2194 2555 2402 2608 trarius
2433 2555 2676 2614 Christo,
2707 2555 2994 2624 plenitudo
3025 2554 3254 2607 malitiae
3282 2560 3340 2606 et
3368 2553 3552 2607 omnis
3579 2549 3751 2620 iniqui-

510 2649 580 2703 de
609 2664 719 2718 quo
756 2647 854 2701 hic
880 2646 1024 2700 ratio
1046 2644 1250 2715 agitur.
1287 2643 1788 2712 Congregationem
1820 2658 1979 2695 suam
2011 2659 2112 2711 ap-
2193 2644 2326 2697 tatis
2356 2643 2647 2706 habitabit,
2679 2644 2879 2713 quiain
2910 2644 3030 2713 ipso
3050 2640 3157 2696 erit
3188 2648 3357 2712 caput
3388 2643 3633 2696 omnium
3655 2650 3750 2692 ms-

512 2737 688 2811 pellat
711 2733 1133 2811 multitudinem
1165 2733 1491 2795 electorum,
1524 2730 1609 2782 vel
1637 2746 1759 2799 quae
1797 2747 1921 2783 cum
1946 2747 2009 2783 eo
2027 2747 2111 2784 ve-
2190 2732 2374 2785 lorum
2415 2732 2688 2794 diabolus,
2721 2732 2816 2801 qui
2848 2739 2934 2784 est
2962 2749 3057 2785 rex
3083 2748 3252 2801 super
3292 2748 3493 2785 omnes
3520 2731 3652 2784 ﬁlios
3679 2741 3753 2780 su-

507 2810 651 2889 niet,
677 2824 763 2878 vel
787 2840 909 2894 quae
935 2822 986 2875 ei
1006 2821 1253 2875 obviabit
1274 2821 1341 2873 ad
1383 2819 1678 2889 judicium.
1712 2816 1777 2869 In
1809 2817 1990 2887 ipsum
2023 2818 2109 2870 di-
2191 2819 2416 2890 perbiae.
2452 2821 2550 2873 His
2582 2820 2761 2873 verbis
2780 2820 3188 2873 demonstravit
3213 2820 3521 2889 Apostolus
3557 2819 3751 2871 Thessa—

511 2914 589 2966 cit
602 2913 762 2983 quasi
782 2912 840 2964 in
871 2912 1012 2982 ipso,
1037 2910 1164 2979 quia
1207 2909 1264 2961 in
1293 2904 1516 2962 Christo
1547 2912 1678 2959 stmt
1705 2921 1899 2959 omnes
1924 2904 2104 2963 electi.
2190 2908 2585 2971 lonicensibus,
2620 2925 2731 2961 non
2758 2909 2914 2978 prius
2943 2913 3236 2961 venturum
3264 2906 3570 2961 Dominum
3599 2905 3658 2958 ad
3681 2905 3753 2973 ju-

514 2995 1745 3070 utpotemembraadhaerentesilli.Rogamus
1759 2994 2104 3057 vos,fratres,
2192 2996 2419 3060 dicium,
2453 2997 2548 3066 qui
2569 2997 2725 3065 regni
2759 2996 2989 3050 humani
3013 2997 3248 3049 deiectio
3270 2997 3449 3057 fieret,
3478 2994 3623 3066 quod
3652 2993 3749 3061 jam

510 3105 614 3159 per
630 3088 929 3141 adventum
962 3086 1185 3140 Domini
1206 3086 1233 3138 J
1240 3101 1358 3148 esu,
1393 3083 1460 3136 ad
1491 3082 1785 3152 judicium,
1811 3087 1868 3134 et
1888 3098 1987 3151 per
2007 3083 2167 3152 ad-C
2191 3100 2293 3137 nos
2316 3084 2608 3154 impletum
2624 3085 2893 3145 videmus,
2917 3090 2973 3138 et
3001 3084 3408 3138 Antichristum
3424 3098 3684 3154 apparere
3708 3078 3754 3131 in

509 3180 736 3231 ventum
766 3176 971 3230 nostrae
993 3170 1441 3244 congregationis
1466 3170 1523 3223 in
1551 3166 1760 3240 ipsum,
1791 3169 1847 3222 id
1887 3176 1973 3223 est
1986 3188 2107 3224 om-
2190 3172 2399 3225 mundo
2430 3172 2525 3243 qui
2554 3172 2852 3227 interﬁciet
2880 3172 3089 3226 Christi
3119 3178 3416 3242 martyres.

508 3254 667 3319 ilium
697 3266 1019 3319 sanctorum
1052 3262 1145 3331 qui
1175 3260 1233 3314 in
1264 3260 1386 3330 ipso
1416 3257 1744 3320 consistunt,
1772 3263 1833 3310 ut
1865 3275 1977 3311 non
2003 3263 2107 3311 cito
2261 3261 2385 3314 Non
2413 3264 2661 3313 retinetis
2701 3262 2842 3328 quod
2899 3277 3027 3313 cum
3073 3262 3254 3314 adhuc
3303 3277 3465 3314 csse-in
3496 3261 3643 3330 apud
3665 3274 3752 3321 eos,

508 3355 864 3419 Moveamini,
897 3349 955 3403 id
986 3355 1071 3403 eSt
1090 3352 1152 3402 ut
1176 3364 1288 3401 non
1314 3347 1423 3400 cito
1451 3342 1883 3410 conturbemini,
1936 3363 2107 3414 neque
2193 3350 2299 3402 hac
2318 3350 2559 3402 dicebam
2580 3351 2723 3402 vobis
2740 3354 2763 3400 Ρ
2794 3349 2861 3402 de
2892 3349 3135 3403 adventu
3162 3348 3491 3403 Antichristi
3524 3356 3581 3403 et
3605 3348 3666 3402 de
3683 3346 3755 3399 die

508 3442 858 3505 terreamini,
891 3440 1054 3506 quasi
1084 3441 1246 3490 instet
1275 3437 1388 3487 dies
1412 3436 1651 3493 Domini,
1686 3451 1852 3502 neque
1877 3450 1978 3500 per
2002 3439 2109 3503 spi-
2183 3437 2405 3506 judicii.

504 3530 707 3593 ritum,
726 3524 783 3582 id
814 3534 900 3582 est
927 3527 974 3580 si
1005 3524 1207 3595 aliquis
1236 3541 1295 3577 se
1322 3522 1522 3576 dixerit
1542 3520 1890 3575 admonitum
1923 3539 1957 3575 a
1986 3522 2108 3594 Spi-
2261 3527 2326 3579 Et
2357 3542 2507 3579 nunc
2534 3528 2669 3595 quid
2710 3527 2955 3580 detineat
2983 3529 3153 3588 scitis,
3182 3532 3246 3579 ut
3271 3527 3552 3581 reveletur
3584 3527 3639 3580 in
3672 3538 3755 3577 suo

508 3608 624 3673 ritu
653 3621 867 3680 sancto,
902 3614 1051 3686 quod
1080 3611 1198 3666 dies
1232 3610 1436 3681 judicii
1478 3609 1788 3669 immineat.
1826 3609 1996 3664 nolite
2025 3612 2105 3664 illi
2189 3619 2462 3684 tempore.
2514 3614 2693 3667 Dicit:
2715 3615 2878 3669 Scitis
2905 3615 3035 3685 quid
3065 3615 3316 3668 detineat
3335 3621 3392 3668 et
3421 3632 3531 3669 non
3561 3616 3758 3669 demon-

507 3700 755 3770 credere,
806 3720 991 3773 neque
1037 3700 1364 3755 terreamini
1416 3701 1535 3768 ejus
1568 3698 1768 3761 verbis,
1811 3716 1980 3768 neque
2006 3715 2106 3768 per
2189 3709 2333 3756 strat
2358 3703 2683 3773 quid.Quod
2702 3703 2840 3755 nihil
2864 3703 3066 3756 melius
3079 3703 3152 3756 ibi
3180 3704 3515 3774 intelligitur
3547 3702 3757 3756 voluisse

505 3791 893 3857 serntonemjd
916 3798 1000 3844 est
1025 3806 1124 3861 per
1142 3789 1529 3844 tractatum.Si
1557 3788 1758 3858 aliquis
1780 3789 2107 3861 explanator
2189 3792 2506 3861 significare
2533 3808 2701 3862 quam
2731 3791 3169 3845 destructionem
3201 3794 3360 3862 regni
3402 3793 3755 3845 Romanorum

508 3888 562 3938 et
584 3886 857 3936 tractator
878 3879 1301 3952 prophetiarum
1324 3877 1477 3931 vobis
1499 3876 1718 3930 dixerit:
1742 3877 1953 3946 Collegi
1974 3893 2103 3930 sen-
2184 3880 2254 3932 de
2271 3897 2378 3950 qua
2395 3880 2628 3933 obscure
2674 3880 2765 3933 hic
2802 3880 3020 3933 locutus
3039 3886 3143 3945 est,
3171 3898 3241 3933 ne
3269 3881 3414 3934 forte
3450 3881 3649 3951 aliquis
3673 3879 3761 3933 Ro-

504 3973 626 4027 sUm
646 3966 926 4043 prophetia
944 3968 1188 4031 lsaiee,et
1208 3967 1473 4029 Danielis,
1499 3965 1849 4036 aliorumque
1866 3967 2039 4036 proph
2049 3982 2103 4018 e-
2187 3986 2483 4023 manorum
2501 3969 2716 4039 legeret
2743 3970 2887 4022 hanc
2902 3970 3219 4039 epistolam,
3236 3975 3290 4022 et
3303 3970 3569 4023 excitaret
3586 3974 3758 4022 contra

502 4053 709 4123 tarum,
733 4064 789 4114 et
808 4052 1084 4130 praevideo
1114 4046 1262 4112 diem
1277 4055 1473 4127 judicii
1514 4053 1828 4119 imminere,
1850 4060 1908 4107 et
1939 4054 2102 4108 Chri-
2186 4075 2245 4112 se
2275 4058 2525 4128 aliosque
2557 4057 2906 4111 Christianos
2934 4058 3381 4128 persecutionem
3412 4059 3651 4119 illorum,
3678 4052 3759 4124 qui

502 4156 654 4205 stum
684 4148 871 4203 venire
884 4146 954 4201 ad
969 4145 1453 4218 judicium,nolite
1498 4144 1622 4198 ideo
1662 4142 1883 4196 terreri.
1919 4144 2102 4211 Neque
2184 4164 2243 4201 se
2274 4146 2551 4217 putabant
2579 4162 2802 4218 semper
2830 4154 3163 4216 regnaturos
3183 4147 3240 4200 in
3265 4151 3384 4200 toto
3416 4146 3637 4201 mundo.
3664 4143 3758 4196 Vos

496 4246 598 4305 per
627 4236 910 4304 epistolam
938 4241 1204 4301 tanquam
1230 4248 1331 4299 per
1374 4249 1468 4285 nos
1524 4236 1776 4284 missam.
1804 4231 1863 4285 Si
1897 4232 2101 4302 aliquis
2182 4237 2354 4297 scitis,
2385 4235 2591 4304 inquit,
2621 4236 2756 4301 quid
2794 4237 3041 4288 detineat
3069 4234 3226 4288 illum
3255 4235 3677 4297 Antichristum,
3713 4220 3761 4282 et

503 4318 1004 4395 pSeudoapostolus
1025 4323 1130 4375 hoc
1155 4320 1398 4378 ﬁnxerit,
1421 4320 1593 4373 nolite
1614 4320 1664 4374 ei
1695 4320 1942 4373 credere.
2183 4322 2317 4392 quid
2347 4328 2599 4376 moretur
2629 4322 2810 4386 illum,
2844 4323 2977 4393 quia
3032 4318 3273 4376 necdum
3319 4322 3658 4376 destructum
3685 4322 3760 4370 est

578 4412 851 4478 Quoniam
882 4412 997 4462 nisi
1019 4411 1225 4463 uenerit
1255 4410 1501 4461 discessio
1527 4411 1800 4476 primum,
1847 4413 1908 4461 ut
1929 4409 2101 4462 disce-
2120 4400 2168 4457 D
2187 4427 2425 4480 regnum
2455 4412 2857 4473 Romanorum,
2876 4428 2981 4466 nec
3000 4418 3356 4466 recesserunt
3367 4427 3557 4465 omnes
3578 4412 3759 4479 gentes

500 4494 638 4556 dant
666 4498 857 4554 omnia
887 4513 1060 4567 regna
1086 4513 1119 4550 a
1141 4512 1312 4566 regno
1343 4504 1399 4549 et
1422 4496 1655 4566 imperio
1677 4497 2057 4550 Romanorum
2087 4515 2099 4550 :
2188 4499 2256 4552 ab
2287 4500 2418 4553 illis.
2454 4502 2513 4554 Ut
2561 4504 2851 4571 reveletur,
2900 4501 3015 4555 sive
3064 4500 3455 4554 manifestetur
3482 4501 3591 4570 ipse
3612 4494 3759 4550 Anti.

498 4594 551 4644 et
573 4591 864 4651 revelatus,
889 4585 1004 4640 sive
1036 4584 1444 4650 manifestatus,
1465 4588 1639 4652 fuerit
1678 4586 1834 4638 homo
1877 4585 2101 4652 peccati.
2187 4587 2446 4647 Christus,
2475 4592 2535 4641 in
2555 4604 2652 4640 suo
2679 4593 2935 4655 tempore,
2952 4589 3007 4641 id
3027 4595 3374 4658 estcongruo
3391 4594 3633 4658 tempore
3658 4590 3708 4637 et
3729 4596 3758 4632 α

495 4672 874 4734 Antichristus
896 4668 1167 4737 videlicet,
1204 4674 1298 4744 qui
1329 4674 1462 4727 licet
1506 4675 1672 4727 homo
1720 4673 1813 4733 sit,
1854 4672 1975 4726 fons
2014 4679 2095 4726 ta-
2180 4675 2294 4728 Deo
2311 4676 2599 4745 disposito,
2625 4683 2919 4746 postquam
2943 4676 3133 4730 omnia
3148 4692 3325 4745 regna
3363 4672 3709 4729 discesserint
3731 4684 3762 4721 ει

495 4784 626 4821 men
649 4765 757 4821 erit
781 4765 1030 4819 omnium
1065 4770 1442 4833 peccatorum.
1467 4763 1532 4816 Et
1553 4764 1705 4828 filius
1740 4762 2090 4828 perditionis,
2179 4763 2432 4817 Romano
2455 4763 2716 4834 imperio.

494 4854 553 4911 id
583 4850 669 4911 est
690 4850 837 4909 ﬁlius
868 4847 1093 4917 diaboli,
1130 4869 1243 4906 non
1272 4868 1371 4922 per
1399 4856 1679 4911 naturam,
1712 4850 1812 4903 sed
1833 4867 1932 4920 per
1960 4850 2090 4903 imi-
2244 4853 2389 4905 Nam
2418 4856 2747 4920 mysterium
2779 4856 3095 4920 iniquitatis
3108 4856 3230 4920 jam
3259 4858 3540 4921 operatur.
3571 4850 3762 4921 Myste-

496 4942 792 4998 tationem.
825 4942 931 5005 Qui
962 4941 1087 4994 ideo
1121 4940 1436 5010 appellatur
1474 4938 1733 5011 perditio,
1758 4938 1889 5007 quia
1908 4956 2007 5008 per
2024 4939 2091 4992 il-
2174 4939 2320 4992 rium
2353 4940 2561 4999 Greece.
2592 4940 2791 4993 Latino
2813 4940 3076 4994 vocabulo
3109 4941 3317 4995 dicitur
3358 4943 3567 5012 aliquid
3595 4936 3762 4991 occul-

498 5032 617 5084 lum
651 5029 801 5083 venit
830 5028 1280 5100 perditio,etipse
1304 5027 1547 5097 perdidit
1570 5027 1877 5079 humanum
1898 5044 2099 5096 genus.
2185 5033 2304 5081 tum
2324 5033 2377 5081 et
2389 5034 2685 5081 secretum.
2705 5026 3032 5099 Mysterium
3056 5046 3188 5099 ergo
3208 5029 3521 5100 iniquitatis
3535 5026 3764 5099 appellat

571 5117 677 5185 Qui
696 5118 1042 5180 adversatur,
1063 5116 1119 5169 id
1151 5122 1237 5170 est
1268 5115 1581 5170 contrarius
1607 5120 1692 5168 est
1726 5114 1949 5168 Christo
1980 5133 2100 5169 om-
2182 5113 2623 5170 interfectionem
2654 5125 2977 5171 sanctorum
3014 5124 3334 5188 martyrum
3374 5125 3435 5174 et
3470 5112 3759 5188 persecutio

485 5202 763 5278 nibusque
790 5205 1077 5259 membris'
1099 5205 1243 5275 ejus,
1302 5212 1350 5259 et
1380 5207 1685 5267 extollitur,
1720 5204 1834 5257 sive
1863 5205 2100 5274 erigitur
2180 5220 2330 5270 nem,
2348 5222 2513 5274 quam
2531 5204 2841 5259 inferebant
2860 5207 3006 5260 Nero
3020 5213 3075 5259 et
3089 5206 3372 5277 principes
3389 5209 3508 5277 ejus
3521 5201 3758 5259 ﬁdelibus

481 5299 543 5353 in
570 5290 890 5366 Superbiam
936 5310 1108 5361 supra
1142 5309 1298 5346 omne
1349 5294 1492 5361 quod
1541 5294 1757 5344 dicitur
1810 5293 1965 5357 Deus,
1998 5299 2095 5346 aut
2182 5292 2409 5347 Christi.
2436 5294 2568 5356 Quae
2585 5292 2710 5347 ideo
2735 5295 3054 5366 appellatur
3076 5296 3430 5363 mysterium,
3465 5295 3587 5365 quia
3610 5285 3753 5360 quod

497 5386 643 5455 Quod
668 5386 871 5437 colitur
891 5398 912 5449 ;
937 5398 1045 5436 non
1063 5387 1155 5435 est
1194 5398 1386 5435 verum
1411 5382 1556 5451 quod
1579 5380 1658 5434 ait
1683 5399 1693 5432 :
1718 5382 1868 5446 Quod
1882 5382 2092 5435 dicitur
2176 5381 2430 5435 diabolus
2455 5388 2719 5453 operatus
2747 5390 2836 5436 est
2884 5384 3178 5437 manifeste
3208 5401 3308 5455 per
3336 5382 3751 5441 Antichristum,

478 5470 641 5538 Deus,
666 5472 769 5526 aut
797 5472 940 5540 quod
968 5475 1189 5526 colitur.
1230 5471 1475 5524 Extollet
1502 5487 1561 5523 se
1581 5468 1958 5525 Antichristus
1988 5488 2083 5526 su-
2172 5471 2556 5524 interficiendo
2618 5478 2841 5526 sanctos
2907 5480 3183 5544 martyres
3234 5473 3414 5528 Eliam
3453 5479 3508 5527 et
3546 5466 3733 5524 Enocll.

476 5579 579 5642 pra
594 5579 760 5620 omne
808 5560 958 5636 quod
1009 5560 1215 5617 dicitur
1276 5559 1437 5627 deus,
1457 5558 1518 5614 id
1544 5565 1630 5614 est
1682 5575 1854 5630 supra
1885 5576 2077 5616 omnes
2175 5558 2427 5631 aliosque
2484 5560 2778 5631 plurimos,
2818 5561 2925 5617 hoc
2962 5568 3227 5635 operatur
3254 5564 3383 5635 jam
3417 5560 3615 5620 occulte
3640 5568 3743 5629 per
