3852 6154
80 344 155 407 nt
661 331 1043 390 EXPOSITIO
1073 333 1152 387 IN
1184 329 1341 387 EPP.
1377 334 1436 387 s.
1471 326 1706 385 PAULI.
1743 352 1812 373 --
1842 324 1920 384 IN
1952 324 2172 383 EPIST.
2206 325 2258 381 11
2297 324 2394 379 AD
2424 320 2673 380 THESS.
3187 316 3295 381 732

78 468 421 528 meinbmmao
443 459 803 515 Neronem“
823 458 1099 528 Ρνίηείρθε
1120 460 1258 527 eius»
1285 456 1692 514 interﬁCicnsA
1712 471 1805 539 qui
1839 468 2099 522 nesciunt
2126 466 2257 537 quid
2282 469 2472 534 agant.
2515 466 2581 517 In
2607 464 2764 515 omni
2791 464 3014 526 virtute,
3044 462 3219 527 signis
3249 465 3299 513 et

87 576 167 631 per
184 557 293 610 illos
315 548 605 621 principes,
626 554 902 616 martyres
923 548 1225 617 apostolos.
1253 546 1407 599 Istud
1426 550 1628 614 myste-
1706 560 1977 625 prodigiis
2001 557 2378 617 mendacibus,
2397 550 2665 605 subaudis
2691 550 2801 603 erit
2828 550 3100 604 adventus
3128 547 3301 603 Anti-

86 649 206 704 rium
230 636 521 709 init]uitatis
560 642 804 704 εωνιυηι
837 642 923 688 est
946 653 978 687 ει
1010 636 1254 702 Nerone,
1286 633 1381 703 (ἰυί
1414 633 1628 686 “cum
1711 646 1927 701 christi.
1964 646 2135 715 Signa
2166 652 2222 698 et
2256 642 2512 713 prodigia
2536 657 2636 711 pro
2678 656 2790 693 uno
2830 639 3202 709 accipiuntur.
3234 636 3304 693 In

87 733 345 801 instigante
366 730 516 795 Patre
537 741 637 777 δυο
658 723 897 787 ("alio").
917 724 1032 776 ΖΘῙΟ
1054 723 1331 776 ίάοῙοιὌῐη
1354 720 1632 775 interimit
1713 735 1887 803 signis
1907 750 2039 802 ergo
2066 738 2120 785 et
2152 731 2419 801 prodigiis
2440 726 2800 783 mendacibus
2817 725 3305 797 operabitur,quin

86 824 271 873 sanctos
287 819 572 880 martyres,
596 817 652 865 et
672 812 924 881 pervenit
944 828 1118 880 usque
1131 810 1200 863 ad
1226 809 1631 862 Diocletianum

1778 822 1920 875 iebit
1940 827 2190 874 mortuos
2209 819 2499 881 suscitare,
2523 824 2582 871 et
2598 817 2710 871 alia
2729 816 2902 869 multa
2922 816 3084 885 signa
3100 814 3301 878 facere,

87 906 389 961 etJulianum
410 900 1633 970 apostatam.quiplurimossanctorumpere-
1716 910 1809 963 sed
1844 909 2139 962 mendacia
2182 913 2350 960 erant
2379 912 2436 959 et
2466 923 2496 959 ει
2530 906 2764 958 veritate
2806 904 3008 966 aliena‘
3045 902 3179 972 quia
3205 917 3308 971 per

84 995 292 1048 merant.
322 990 471 1043 Sicut
493 1005 623 1057 ergo
645 987 921 1051 Christus,
952 986 1044 1056 qui
1069 988 1153 1039 est
1181 988 1349 1056 caput
1382 984 1632 1037 omnium
1718 998 1993 1068 magicam
2024 1004 2202 1050 artem
2234 1000 2292 1049 et
2319 994 2671 1065 phantasiam
2694 984 2920 1046 deludet
2948 982 3308 1055 hominesmi-

88 1084 369 1137 electorum,
400 1076 562 1143 longe
598 1082 728 1127 ante
779 1091 941 1128 suum
973 1075 1294 1134 adventum,
1329 1072 1541 1125 occulte
1580 1076 1637 1123 et
1718 1094 1814 1141 cut
1842 1091 1897 1139 et
1936 1086 2128 1139 Simon
2152 1100 2350 1153 magus
2378 1082 2582 1136 delusit
2612 1082 2772 1136 illum
2802 1080 2915 1151 qui,
2946 1085 3150 1149 putans
3178 1094 3312 1133 eum

84 1187 169 1241 per
182 1165 490 1237 mysterium
511 1164 900 1232 prtefiguratus
921 1170 1024 1225 est,
1050 1163 1194 1215 sicut
1209 1161 1266 1213 in
1282 1166 1459 1212 morte
1475 1158 1632 1222 Abel,

87 1268 131 1312 et
155 1254 507 1309 immolatione
530 1253 703 1315 Isaac,
740 1252 870 1304 etin
904 1252 1075 1303 David
1106 1268 1254 1319 rege,
1290 1250 1383 1319 qui
1416 1249 1632 1301 Goliam

1722 1172 1994 1239 occidere,
2028 1174 2262 1225 arietem
2302 1170 2596 1223 decollavit
2639 1185 2737 1239 pro
2767 1185 2853 1222 eo.
2900 1168 3001 1221 Vel
3031 1167 3204 1221 etiam
3249 1167 3311 1221 in

1719 1262 1893 1333 signis
1924 1276 1980 1315 et
2022 1260 2289 1331 prodigiis
2318 1258 2679 1312 mendacibus
2712 1258 2820 1310 erit
2870 1257 3141 1310 adventus
3170 1258 3309 1325 ejus,

84 1339 1638 1412 interfecit,quidiabolumsigniﬁcabat,quemCliristusin
1721 1353 1853 1422 quia
1883 1367 1981 1420 per
2010 1350 2172 1418 signa
2198 1354 2255 1400 et
2283 1346 2539 1417 prodigia,
2567 1346 2709 1399 falsa
2737 1362 2859 1415 quae
2882 1344 3159 1397 videbitur
3186 1360 3316 1414 ope.

85 1452 168 1490 sua
193 1440 357 1486 morte
377 1436 433 1485 et
459 1431 720 1502 passione
742 1430 1060 1487 debellavit,
1085 1430 1162 1483 ita
1182 1428 1438 1483 diabolus
1470 1428 1562 1497 qui
1586 1428 1640 1480 in
1722 1440 1856 1504 rari,
1888 1438 2074 1492 tradet
2103 1437 2357 1490 homines
2398 1436 2467 1489 ad
2520 1433 2871 1489 mendacium
2901 1433 3218 1497 colendum,
3258 1431 3317 1484 id

86 1521 388 1578 Antichristo
419 1520 547 1580 erit.
580 1520 635 1572 in
686 1519 957 1571 membris
1016 1520 1151 1581 suis,
1199 1518 1378 1581 malis,
1432 1516 1643 1569 scilicet
1727 1534 1813 1583 est
1839 1527 1909 1580 ad
1941 1524 2328 1595 semetipsum,
2361 1524 2457 1594 qui
2495 1529 2583 1579 est,
2612 1523 2848 1577 mendax
2890 1528 2947 1576 et
2984 1528 3144 1592 pater
3173 1520 3315 1589 ejus.

84 1610 292 1680 regibus,
325 1608 717 1679 praeﬁguratus
738 1614 823 1660 est
848 1607 1063 1659 occulte
1094 1611 1149 1659 et
1172 1622 1270 1675 per
1292 1604 1640 1674 mysterium.

1778 1618 1972 1670 tomni
2000 1616 2308 1668 seductione
2340 1612 2454 1666 sive
2486 1612 2809 1681 deceptione
2856 1612 3176 1678 iniquitatis
3215 1596 3323 1663 erit

92 1701 481 1764 Tantmnutqui
501 1702 637 1749 tenet
657 1713 827 1762 nunc,
858 1701 1053 1753 teneat,
1072 1696 1314 1746 donecde
1333 1695 1504 1745 medio
1524 1696 1639 1759 ﬁat.
1729 1709 1813 1759 his
1837 1708 1936 1772 qui
1956 1708 2209 1773 ρενευιιι,
2245 1702 2300 1754 id
2347 1706 2432 1753 est
2460 1700 2665 1754 Judagis
2695 1705 2753 1753 et
2782 1699 3033 1771 paganis,
3068 1714 3134 1753 eo
3172 1688 3324 1768 quod

84 1789 132 1841 1d
150 1796 223 1841 est
241 1788 336 1839 hoc
354 1784 709 1839 εοιυηιῐῐιοάο
727 1789 921 1845 restim
949 1790 1012 1835 υί
1028 1782 1297 1851 ΝθΓονίίυί
1321 1798 1467 1835 ηυηο
1494 1786 1648 1834 tenet
1664 1803 1710 1861 B
1729 1794 2063 1848 charitatem
2093 1789 2345 1843 veritatis
2368 1806 2476 1843 non
2500 1794 2834 1858 receperunt
2855 1793 2915 1841 ut
2943 1786 3081 1841 salvi
3099 1787 3320 1853 ﬁerent,

87 1876 345 1946 imperium
380 1875 556 1927 totius
589 1873 962 1937 orbis,tandiu
992 1876 1182 1924 teneat
1212 1871 1349 1924 illud
1375 1871 1551 1923 donec
1579 1870 1647 1924 de

1778 1882 1786 1935 l
1816 1886 1903 1934 est
1931 1879 2189 1951 spiritum
2223 1878 2431 1933 Christi
2473 1878 2564 1949 qui
2598 1876 2737 1930 dixit
2768 1893 2780 1930 :
2812 1878 2923 1943 Ego
2954 1892 3080 1930 sum
3122 1879 3326 1930 veritas

88 1965 241 2018 medio
269 1964 459 2017 mundi
492 1963 725 2015 tollatur
748 1968 996 2032 potestas
1027 1961 1428 2013 Romanorum.
1450 1960 1513 2011 In
1537 1960 1649 2012 Ne-
1732 1972 1913 2028 (Joan.
1943 1971 2071 2035 sm),
2104 1984 2206 2039 per
2226 1983 2392 2038 quem
2422 1966 2694 2036 Spiritum
2726 1972 2983 2019 sanctum
3011 1963 3330 2020 infunditur

92 2070 201 2107 none
222 2051 643 2123 comprehendit
654 2049 1227 2119 omnesimperatol‘es
1250 2050 1533 2101 Romanos
1557 2048 1651 2117 qui
1734 2055 1959 2109 dilectio
1976 2054 2075 2109 Dei
2096 2060 2152 2108 et
2181 2054 2418 2125 proximi
2444 2054 2498 2107 in
2517 2053 2777 2108 cordibus
2797 2053 3023 2109 nostris.
3047 2053 3177 2109 Ideo
3196 2052 3331 2124 quia

88 2148 192 2212 post
224 2142 373 2195 illum
405 2139 634 2210 imperii
663 2146 883 2208 sceptra
921 2142 1251 2191 tenuerunt.
1306 2138 1437 2190 Ideo
1468 2136 1604 2189 dicit
1637 2153 1649 2188 :
1735 2160 1917 2214 neque
1934 2143 2220 2198 Chi-istum
2244 2159 2425 2213 neque
2453 2142 2724 2212 Spiritum
2749 2146 3007 2196 sanctum
3036 2142 3336 2196 voluerunt

90 2233 236 2284 Donec
260 2230 320 2282 de
347 2231 528 2281 medio
554 2227 803 2287 tollatur.
837 2226 969 2296 quia
1014 2225 1261 2294 undique
1291 2240 1356 2277 ex
1396 2223 1655 2277 omnibus
1742 2232 2010 2303 recipere,
2039 2235 2215 2285 mittet
2245 2234 2360 2285 illis
2384 2233 2905 2297 Dcusoperationcm
2926 2233 3155 2293 erroris,
3175 2229 3233 2282 id
3253 2233 3340 2286 est

89 2318 316 2389 gentibus
359 2316 725 2371 conﬂuebant
778 2315 1034 2379 Romam,
1089 2320 1145 2366 et
1183 2313 1342 2383 quasi
1375 2313 1431 2365 in
1476 2312 1659 2365 medio
1742 2322 2036 2393 permittet
2081 2320 2151 2373 ad
2182 2336 2276 2373 eos
2320 2320 2510 2372 venire
2537 2318 2949 2373 Antichristum
2988 2323 3343 2389 operatorem

93 2407 259 2460 mundi
286 2413 423 2462 erat.
451 2405 674 2458 habens
702 2404 759 2456 in
789 2402 1026 2456 circuitu
1070 2418 1170 2455 suo
1199 2418 1394 2454 omnes
1422 2407 1618 2470 gentes
1644 2419 1657 2466 ;
1744 2408 2041 2462 mendacii.
2076 2407 2209 2460 Plus
2252 2416 2337 2459 est
2367 2407 2515 2476 quod
2558 2406 2701 2459 dixit
2742 2406 3146 2476 Operationem,
3175 2421 3347 2477 quam

98 2496 165 2548 vel
190 2494 448 2565 quidquid
482 2494 641 2547 intra
669 2492 894 2545 initium
920 2497 977 2543 et
1004 2492 1144 2544 ﬁnes
1172 2490 1507 2554 continetur,
1542 2506 1664 2542 me—
1745 2502 2121 2567 operatorem,
2164 2495 2295 2565 quia
2338 2495 2516 2567 ipsam
2548 2511 2666 2548 rem
2698 2494 2886 2547 mittet
2914 2494 3015 2557 eis,
3046 2493 3103 2547 id
3133 2499 3220 2547 est
3255 2494 3344 2565 ip-

91 2585 218 2637 dium
246 2590 425 2655 potest
457 2583 599 2638 dici.
1744 2601 1868 2637 sum
1893 2583 2245 2636 mendacium
2268 2586 2320 2635 et
2343 2590 2561 2652 patrem
2584 2582 2767 2636 omnis
2799 2582 3027 2635 malitia:
3057 2587 3115 2635 et
3131 2581 3339 2651 iniqui-

151 2674 205 2725 Εἰ
234 2689 395 2726 nunc.
451 2670 742 2726 Subaudis
770 2686 897 2722 cum
926 2667 1119 2722 ablata
1147 2669 1319 2722 fuerit
1343 2672 1592 2738 potestas
1630 2683 1667 2721 a
1746 2674 1902 2726 tatis.
1938 2674 1999 2725 Ut
2020 2674 2246 2725 credant
2271 2672 2573 2733 mendacio,
2615 2671 2673 2725 id
2706 2676 2793 2724 est
2812 2669 3053 2731 diabolo,
3090 2675 3152 2725 ut
3174 2671 3343 2738 judi-

96 2761 316 2815 Romano
371 2760 639 2830 imperio,
676 2760 1029 2815 revelabitur,
1085 2756 1198 2809 sive
1232 2756 1670 2809 minifestabitur
1750 2767 1965 2825 centur,
1997 2760 2111 2814 sive
2140 2760 2501 2825 damnentur,
2530 2775 2714 2812 omnes
2731 2761 2835 2826 qui
2858 2775 2969 2813 non
2988 2760 3347 2813 crediderunt

96 2850 171 2901 ille
186 2853 422 2917 iniquus,
440 2847 1016 2914 Antichristus,quem
1038 2847 1304 2898 Dominus
1323 2848 1475 2897 Jesus
1492 2848 1668 2897 inter-
1752 2851 1995 2911 veritati,
2020 2846 2261 2907 Christo,
2284 2847 2373 2899 sed
2401 2850 2791 2899 consenserunt
2819 2848 3130 2913 iniquitati,
3155 2845 3347 2901 diaboo

93 2941 208 3004 ﬁcz’et
226 2942 422 3006 spiritu
444 2941 571 2991 oris
592 2936 832 3001 sui,si\e
855 2936 1127 2988 Dominus
1144 2936 1306 2987 Jesus
1328 2934 1671 2988 interfecerit
1751 2937 1827 3001 lo,
1877 2936 2025 3005 quod
2073 2934 2307 3004 elegerit
2335 2950 2437 2987 nos
2473 2932 2759 3003 apostolos
2789 2934 3067 3003 primitias
3101 2934 3161 2988 in
3191 2935 3345 2991 salu-

100 3025 230 3079 illum
252 3028 497 3096 potentia
518 3025 794 3094 jussionis
818 3040 952 3085 suae,
982 3024 1095 3076 sive
1115 3024 1349 3076 Michael
1372 3024 1671 3077 interfece-
1752 3031 1866 3078 tem
1926 3024 2179 3077 omnium
2222 3022 2497 3092 gentium.
2532 3022 2780 3092 Apostoli
2810 3022 3072 3092 primitias
3096 3022 3346 3090 fuerunt,

97 3113 155 3166 rit
184 3132 319 3179 eum,
346 3116 568 3168 virtute
595 3112 815 3167 Domini
835 3113 965 3166 Jesu
996 3111 1299 3173 occidetur,
1333 3129 1445 3165 non
1469 3113 1670 3166 virtute
1687 3116 1730 3174 C
1753 3113 1885 3183 quia
1911 3112 2076 3182 primi
2102 3112 2563 3166 credideruntJn
2582 3114 3004 3178 acquisitionem
3033 3114 3222 3178 gloria
3250 3113 3351 3166 Do-

98 3202 368 3257 Michaelis.
389 3204 700 3259 Occidetur
719 3207 908 3254 autem
930 3200 1093 3262 (sicut
1128 3201 1382 3254 doctores
1419 3187 1678 3270 tradunt)
1757 3204 1904 3255 mini
1922 3204 2067 3263 Jcsu,
2110 3200 2168 3253 id
2200 3205 2285 3254 est
2314 3206 2377 3254 ut
2420 3216 2514 3253 vos
2556 3199 2818 3268 acquisiti
2852 3199 2926 3252 ad
2954 3199 3123 3254 tidem
3159 3206 3355 3257 nostra

96 3290 143 3343 in
166 3298 336 3346 monte
354 3292 564 3347 Oliveti
586 3291 645 3343 in
671 3289 949 3360 Babylone
972 3297 1028 3342 et
1047 3290 1187 3343 solio
1205 3307 1325 3355 suo,
1347 3290 1443 3343 illo
1468 3290 1527 3342 in
1557 3290 1675 3343 loco

102 3388 267 3434 contra
293 3398 459 3451 quem
479 3380 760 3434 Dominus
782 3378 1038 3431 ascendit
1066 3378 1124 3431 in
1150 3379 1336 3431 caelos.
1362 3378 1523 3441 Quod
1547 3394 1674 3432 vero

104 3466 566 3539 dicitApostolus:
598 3468 754 3520 Tunc
784 3466 1125 3519 revelabitur
1152 3465 1246 3518 ille
1278 3466 1501 3535 iniquus
1524 3471 1679 3535 post-

103 3572 244 3624 quam
269 3557 439 3611 fuerit
469 3558 825 3610 destructum
869 3555 1183 3607 Romanum
1212 3554 1532 3623 imperium,
1566 3570 1679 3608 non

104 3652 176 3698 est
199 3647 269 3700 ita
291 3644 909 3716 intelligendum,quod
939 3643 1128 3696 statim
1152 3644 1356 3696 dixerit
1372 3643 1527 3696 illum
1550 3658 1677 3695 ven-

99 3740 280 3797 turum,
310 3737 405 3791 sed
442 3736 698 3806 primum
729 3734 863 3786 illud
912 3732 1333 3791 destruendum,
1378 3749 1441 3785 ac
1474 3732 1676 3785 deinde

99 3824 479 3878 Antichristum
505 3830 831 3883 venturum,
874 3827 1123 3890 tempore
1163 3838 1196 3873 a
1238 3822 1351 3874 Deo
1381 3821 1671 3887 disposito.

99 3912 151 3963 Et
180 3916 569 3975 illustratione,
601 3911 717 3965 sive
743 3910 998 3962 claritate
1028 3912 1291 3961 adventus
1329 3914 1420 3963 sui
1437 3912 1676 3969 destruet

100 3996 340 4053 Dominus
367 4002 537 4054 Iesus
567 4014 717 4063 eum,
752 3996 809 4049 id
838 4002 923 4048 est
956 3996 1383 4049 Antichristum.

154 4087 308 4156 Cujus
328 4095 403 4142 est
425 4090 705 4141 adventus
728 4086 1025 4138 secundum
1045 4089 1415 4150 operatioiwm
1438 4087 1676 4140 Satanae.

104 4174 200 4227 Hoc
216 4178 284 4230 ad
307 4177 488 4248 ipsam
513 4177 671 4230 diem
686 4174 881 4243 judicii
900 4173 1157 4243 pertinet,
1185 4174 1409 4243 quando
1427 4175 1686 4228 destrue-

100 4270 176 4317 tur
194 4266 302 4333 ipse
320 4265 719 4320 Antichristus
748 4279 878 4315 cum
922 4262 1182 4316 omnibus
1236 4263 1502 4317 membris
1544 4265 1682 4323 suis.

101 4354 318 4410 Audient
344 4357 502 4411 enim
537 4374 575 4409 a
610 4354 847 4408 Domino
882 4370 892 4405 :
928 4354 1010 4408 Ite
1042 4354 1101 4406 in
1156 4353 1344 4422 ignem
1394 4361 1684 4410 aeternum.

1756 3290 2169 3360 praedicatione,
2216 3294 2583 3358 augmentum
2610 3287 2826 3343 faciatis
2871 3287 3093 3361 corpori
3122 3288 3352 3356 Christi,

1759 3385 1815 3432 et
1838 3379 2187 3448 gloriﬁcetur
2216 3394 2316 3448 per
2342 3394 2436 3431 vos
2466 3384 2637 3447 atque
2664 3377 2929 3431 laudetur
2969 3378 3134 3447 juxta
3162 3377 3305 3433 illud
3332 3397 3347 3433 :

1730 3532 1745 3541 .
1773 3469 1992 3521 Videant
2022 3483 2183 3535 Opera
2208 3472 2383 3519 vestra
2413 3468 2572 3528 bona,
2594 3471 2641 3517 et
2672 3469 2980 3532 glorificent
3002 3468 3222 3520 Patrem
3245 3480 3356 3521 veo-

1762 3561 1914 3609 trum
1940 3559 2040 3623 qui
2069 3559 2132 3609 in
2152 3556 2298 3609 catis
2319 3560 2393 3608 est
2420 3555 2643 3624 (Matth.
2668 3554 2740 3620 ν).

1829 3646 1969 3698 Deus
2007 3647 2169 3698 Pater
2205 3646 2305 3709 qui
2348 3642 2632 3696 intentum
2672 3644 2865 3696 dilexit
2908 3658 3026 3706 nos,
3058 3648 3122 3697 ut
3148 3643 3355 3698 Filium

1758 3751 1922 3787 suum
1946 3750 2045 3803 pro
2074 3732 2234 3786 nobis
2264 3732 2442 3795 daret,
2482 3738 2529 3785 et
2556 3734 2703 3785 dedit
2745 3735 3170 3786 consolationem
3196 3738 3357 3786 aiter-

1760 3838 1891 3876 nam
1912 3822 2291 3892 promittendo
2312 3820 2471 3874 nobis
2491 3837 2726 3890 regnum
2739 3822 3083 3881 caelorum,“
3102 3837 3250 3889 spem
3271 3822 3355 3875 ba-

1760 3928 1914 3977 nam,
1931 3910 2408 3981 exspectationem
2432 3910 2749 3963 futurorum
2769 3909 3064 3974 bonorum,
3093 3912 3155 3963 in
3165 3912 3356 3976 gratia

1759 4018 1879 4062 sua,
1907 4015 2019 4053 non
2039 3999 2096 4052 in
2130 3998 2331 4051 merito
2364 4003 2575 4060 nostro,
2600 3998 2939 4063 exhortatur,
2959 3997 3019 4051 id
3043 4002 3129 4051 est
3155 3996 3355 4052 doceat

1762 4090 1933 4144 corda
1952 4093 2159 4142 nostra.

2378 4228 2612 4286 CAPUT
2639 4224 2749 4286 III.

1844 4358 1913 4411 De
1939 4362 2123 4411 cetera
2152 4361 2303 4410 orate
2330 4371 2430 4424 pro
2454 4357 2626 4420 nobis,
2649 4360 2711 4408 ut
2739 4371 2916 4409 sermo
2945 4356 3043 4411 Dei
3069 4357 3361 4424 currat,ab

101 4442 391 4500 Notandum
418 4446 563 4516 quia
587 4459 699 4497 non
723 4442 910 4495 statim
936 4443 1118 4495 veniet
1150 4444 1418 4496 Dominus
1439 4445 1507 4497 ad
1528 4446 1680 4513 judi-
1708 4434 1861 4499 Dore
1891 4452 2081 4499 nostro
2109 4447 2177 4499 ad
2219 4462 2385 4499 aures
2414 4452 2644 4505 vestras.
2680 4450 2737 4498 et
2772 4444 2843 4498 ab
2871 4445 3104 4501 auribus
3131 4448 3200 4500 ad
3240 4464 3358 4511 cor,

102 4532 245 4597 cium,
276 4535 369 4588 ubi
389 4534 577 4589 fuerit
607 4532 988 4585 Antichristus
1019 4532 1365 4593 interfectus,
1390 4534 1487 4585 sed
1522 4535 1686 4587 {sicut

101 4636 154 4674 ex
194 4623 326 4679 libro
370 4623 636 4678 Danielis
681 4621 1073 4690 intelligimus)
1108 4629 1229 4691 post
1271 4630 1505 4675 mortem
1537 4624 1687 4676 illius

102 4712 453 4766 concedentur
467 4710 676 4767 electis
696 4710 765 4763 ad
782 4710 1166 4779 paenitentiam
1182 4711 1300 4763 dies
1314 4711 1688 4780 quadraginta

103 4798 338 4871 quinque.
365 4800 957 4868 Quantulumcunque
992 4815 1123 4851 vero
1143 4799 1389 4867 spatium
1420 4800 1687 4869 temporis

103 4885 164 4937 sit
182 4904 464 4959 usquequo
516 4887 800 4943 Dominus
842 4886 1045 4951 veniet,
1099 4887 1321 4955 penitus
1373 4886 1684 4956 ignoratur.

104 4972 347 5048 Quodque
362 4978 510 5032 dicit
535 4995 546 5028 :
578 4976 758 5045 Cujus
780 4975 1050 5028 adventus
1080 4981 1203 5027 erat
1235 4978 1540 5029 secundum
1566 4995 1692 5047 ope-

103 5065 352 5120 rationem
401 5069 665 5129 Samnm,
699 5064 1123 5131 intelligendum
1153 5072 1238 5117 est
1264 5065 1392 5134 quia
1421 5066 1693 5137 quidquid

102 5155 421 5223 operabitur,
441 5155 683 5210 diabolo
708 5153 1012 5221 instigante
1041 5158 1096 5205 et
1124 5161 1475 5222 cooperante,
1502 5156 1696 5225 imple-

102 5238 189 5300 bit.
215 5246 307 5313 qui
328 5263 398 5299 ex
424 5250 553 5298 toto
586 5242 751 5295 illum
780 5239 1101 5311 possidebit,
1120 5246 1310 5295 tamen
1334 5258 1442 5295 non
1473 5244 1696 5296 amittet

104 5344 326 5395 sensum,
359 5342 426 5389 ut
453 5334 797 5403 ignoranter
819 5330 970 5383 dicat
996 5346 1054 5382 se
1076 5330 1289 5384 nescire
1308 5332 1696 5402 Deum,neque

102 5421 371 5477 vexabitur
399 5440 435 5476 α
481 5419 740 5481 diabolo,
773 5420 915 5475 sicut
946 5419 1255 5488 phrenetici
1288 5438 1300 5471 :
1338 5421 1487 5489 quia,
1522 5421 1569 5473 si
1617 5422 1697 5475 ita

103 5518 252 5576 esset,
284 5525 667 5583 nequaquam
690 5516 974 5579 peccatum
1000 5508 1232 5562 haberet
1264 5510 1535 5580 quidquid
1563 5527 1698 5580 age-

102 5608 205 5685 ret;
230 5602 382 5659 sicut
400 5602 497 5661 illi
514 5614 647 5659 non
667 5598 875 5656 habent
901 5598 999 5670 qui
1032 5598 1357 5671 phronesim
1382 5599 1697 5672 patiuntur,

1768 4538 1958 4604 sicque
2016 4540 2265 4587 vertatur
2300 4534 2358 4588 in
2412 4534 2813 4604 operationem.
2856 4534 2915 4587 Ut
2952 4537 3255 4589 liberemur
3288 4538 3360 4589 ab
3404 4546 3425 4555 ’

1769 4626 2125 4690 importunis,
2159 4623 2253 4692 qui
2285 4639 2393 4676 non
2425 4628 2578 4677 stant
2606 4624 2664 4677 in
2694 4628 2860 4692 portu
2889 4623 3114 4693 quietis.

1837 4713 2105 4765 Dominus
2116 4717 2301 4765 autem
2317 4714 2526 4779 dirigat
2542 4714 2706 4765 corda
2724 4719 2919 4775 vestra,
2951 4711 3007 4764 id
3023 4716 3109 4764 est
3130 4728 3141 4763 :
3157 4711 3205 4764 si
3225 4711 3360 4781 quid

1768 4799 2111 4853 fortitudinis
2149 4800 2205 4853 in
2236 4800 2388 4853 vobis
2417 4801 2672 4865 habetur,
2713 4806 2937 4869 augeat,
2968 4804 3026 4852 et
3052 4798 3216 4852 faciat
3239 4815 3354 4865 vos,

1769 4905 1870 4958 per
1899 4888 2290 4941 rectitudinem
2322 4889 2447 4943 vitae
2472 4888 2780 4949 ambulare,
2820 4892 2878 4940 et
2922 4893 3104 4941 rectos
3134 4903 3363 4957 gressus

1773 4979 1943 5047 ﬁgere
1968 4976 2024 5030 in
2056 4977 2199 5030 bono
2219 4994 2405 5047 opere.
2442 4980 2506 5031 In
2534 4978 2800 5029 charitate
2828 4976 2924 5028 Dei
2951 4982 3007 5028 et
3033 4976 3292 5046 proximi,
3313 4982 3363 5030 et

1771 5071 2041 5137 patientia
2058 5068 2283 5127 Christi,
2307 5072 2370 5119 ut
2388 5065 2660 5135 patientes
2690 5064 2812 5117 sitis
2834 5065 2984 5118 inter
3007 5065 3237 5119 adversa
3261 5066 3367 5121 hu-

1771 5159 1865 5227 jus
1911 5155 2119 5219 sseculi,
2152 5154 2291 5208 sicut
2319 5154 2574 5207 Christus
2604 5153 2834 5222 pertulit
2863 5153 3144 5224 patienter
3170 5170 3371 5225 oppro-

1777 5246 1919 5309 bria,
1952 5245 2258 5308 irrisiones,
2292 5242 2530 5311 ﬂagella,
2552 5257 2775 5295 crucem
2806 5257 2819 5292 :
2848 5243 2931 5296 vel
2951 5243 3117 5307 (sicut
3140 5244 3373 5314 quidam

1778 5334 1995 5387 codices
2026 5331 2246 5391 habent)
2280 5332 2338 5384 in
2376 5331 2791 5401 exspectatione
2821 5331 3049 5399 Christi,
3081 5340 3149 5389 ut
3175 5349 3374 5404 exspe-

1779 5424 1940 5476 ctetis
1972 5422 2179 5475 Christi
2211 5421 2512 5475 adventum
2546 5421 2614 5475 ad
2634 5421 2932 5491 judicium.

1853 5512 2037 5566 Gratis
2063 5525 2267 5579 panem
2294 5525 2408 5565 non
2430 5510 2910 5581 manducavimus,
2940 5509 2998 5565 id
3027 5515 3116 5566 est
3146 5508 3267 5564 sine
3291 5507 3375 5562 la-

1784 5599 1940 5659 bore.
