3852 6154
497 313 606 372 783

951 314 1328 372 HAYMONIS
1366 311 1855 368 HALBERSTAT.
1891 311 2111 368 EPISC.
2155 311 2316 366 OPP.
2357 312 2542 366 PARS
2572 312 2618 366 Ι.
2653 341 2718 352 -
2751 310 3124 368 COMMENT.
3156 311 3342 368 BIBL.

3653 311 3738 369 784

563 441 630 496 Si
647 442 772 508 quis
802 455 914 494 non
945 442 1118 494 obedit
1146 441 1324 505 verbo,
1361 436 1628 492 subaudis
1657 442 1850 490 nostro
1870 443 1969 491 aut
1989 454 2082 491 ve-
2101 457 2146 513 Α
2172 440 2327 490 omni
2353 438 2666 504 epistolaJn
2687 439 2797 490 ﬁne
2817 438 3066 492 omnium
3093 438 3458 509 epistolarum
3484 436 3738 493 Hebraicis

492 533 628 590 stro,
658 534 721 583 ut
741 545 852 583 non
882 529 957 583 sit
984 528 1214 591 otiosus,
1238 543 1335 595 per
1363 529 1668 595 epistolam,
1703 525 1970 578 subaudis
2004 543 2090 580 ve-

491 623 690 680 stram,
720 619 869 672 hunc
895 622 1074 671 notate
1112 615 1290 680 nobis,
1326 622 1383 669 et
1409 632 1512 669 nos
1550 630 1745 684 aspere
1775 614 2088 684 increpabi-

493 721 620 760 mus
643 705 825 760 illum.

2173 525 2377 578 litteris
2408 532 2465 579 et
2485 527 2676 579 Graeco
2699 543 2957 580 sermone
2975 544 3178 580 nomen
3201 543 3366 580 suum
3386 525 3665 593 scribebat,
3683 544 3738 582 ne

2171 613 2309 667 illud
2349 615 2496 683 quod
2545 615 2800 684 sequitur
2855 615 2926 668 ab
2958 616 3146 685 aliquo
3177 616 3735 686 pseudoapostolorum

2172 703 2448 773 potuisset
2495 719 2798 774 corrumpi.
2853 705 2939 758 Ita
2977 705 3172 757 scribo.
3219 703 3508 767 Quomodo
3539 703 3733 759 :Gratia

562 793 840 848 Salutatio
878 808 999 846 mea
1046 809 1226 847 manu
1266 792 1630 860 Pauli,’quod
1653 797 1730 845 est
1757 794 1985 859 signum
2025 794 2090 845 in
2170 793 2396 846 Domini
2426 795 2604 846 nostri
2621 795 2747 846 Jesu
2777 794 2946 846 Cristi
2967 810 3094 846 cum
3123 794 3402 846 omnibus.
3430 794 3619 846 Amen.

1067 1085 1207 1160 ΙΝ
1276 1084 1963 1160 EPISTOLAM
2035 1085 2080 1158 Ι

1016 1329 1542 1384 ARGUMENTUM.

556 1439 884 1492 Timotheus
914 1436 1061 1490 filius
1107 1437 1212 1491 fuit
1242 1437 1493 1490 mulieris
1519 1436 1717 1496 viduae,
1751 1441 1910 1506 patre
1938 1452 2079 1503 gen-

490 1527 574 1582 tili
608 1529 800 1582 Graeco
829 1534 1174 1597 procreatus.
1210 1527 1343 1590 Quae
1374 1532 1574 1589 mater,
1611 1525 1744 1578 dum
1775 1525 1942 1578 vellet
1968 1524 2078 1576 cir-

483 1616 801 1672 cumcidere
843 1615 1149 1669 secundum
1202 1619 1538 1684 praeceptum
1576 1613 1728 1682 legis,
1763 1618 1923 1682 pater
1950 1628 2077 1681 pro-

484 1705 685 1771 hibuit,
718 1704 814 1774 qui
844 1709 965 1757 erat
991 1703 1427 1762 incircumcisus,
1459 1709 1524 1755 ut
1545 1708 1672 1771 pote
1692 1700 2080 1770 gentilis.Tra-

482 1794 634 1848 ditus
664 1801 850 1847 autem
883 1792 1104 1854 litteris,
1139 1792 1393 1845 eruditus
1423 1797 1510 1844 est
1533 1797 1648 1843 tam
1675 1789 1876 1843 divinis
1926 1789 2075 1843 Scri-

481 1882 663 1954 pturis
693 1898 859 1952 quam
893 1879 1215 1934 liberalibus
1235 1879 1451 1933 artibus
1476 1897 1488 1930 :
1523 1878 1880 1948 sociatusque
1909 1877 2075 1930 beato

480 1969 675 2032 Paulo,
702 1971 882 2024 factus
912 1976 998 2023 est
1035 1969 1084 2023 ei
1115 1985 1302 2022 comes
1330 1969 1386 2021 in
1419 1966 1810 2038 praedicatione
1841 1985 1852 2018 :
1880 1982 1945 2018 ac
1975 1982 2075 2036 po-

480 2065 600 2114 stea
631 2059 702 2113 ab
727 2059 823 2113 illo
852 2059 1147 2111 ordinatus
1177 2064 1233 2110 et
1259 2056 1598 2110 constitutus
1618 2055 1938 2125 episcopus.
1970 2053 2073 2107 Cui

478 2148 780 2218 Apostolus
809 2146 1014 2200 direxit
1041 2147 1185 2198 hanc
1213 2145 1529 2214 epistolam,
1548 2143 1831 2197 instruens
1853 2159 1982 2196 eum
2004 2143 2073 2195 de

478 2235 832 2290 ordinatione
861 2235 1232 2304 episcopatus,
1281 2232 1540 2296 diaconii,
1573 2231 1866 2301 omnisque
1905 2231 2075 2284 eccle-

477 2323 714 2378 siasticae
741 2321 1044 2392 disciplinae
1073 2327 1128 2375 et
1159 2320 1370 2374 ordinis
1399 2339 1410 2373 :
1448 2326 1506 2374 et
1534 2319 1814 2391 quomodo
1845 2318 2076 2372 deberet

475 2411 676 2466 docere
705 2411 993 2483 populum.

652 2490 680 2508 α
991 2535 1226 2590 CAPUT
1247 2534 1557 2588 PRIMUM.

542 2664 753 2717 Paulus
772 2662 1056 2730 Apostolus
1069 2659 1279 2713 Christi
1291 2660 1416 2710 Jesu
1439 2657 1742 2710 secundum
1764 2657 2066 2723 imperium

479 2754 594 2813 Dei,
640 2751 697 2804 id
727 2756 813 2804 est
837 2748 1144 2804 secundum
1163 2746 1474 2818 jussionem
1505 2751 1562 2798 et
1583 2745 1928 2797 voluntatem
1961 2743 2067 2797 Dei

464 2837 654 2892 Patris
665 2835 970 2891 Saluatoris
987 2836 1166 2888 nostri
1186 2837 1242 2886 et
1263 2831 1567 2886 secundum
1577 2830 1888 2899 jussionem
1910 2830 2067 2883 Chri-

2144 1083 2318 1160 AD
2387 1085 3156 1162 TIMOTHEUM.

2164 1328 2391 1382 stiones.
2415 1329 2491 1382 Ex
2515 1328 2717 1399 quibus
2737 1345 2916 1398 pauca
2937 1328 3005 1381 de
3022 1327 3277 1398 pluribus
3305 1327 3561 1382 dicamus
3586 1353 3596 1385 :
3625 1330 3731 1383 Tra-

2161 1416 2300 1470 ditio
2322 1417 2546 1469 illorum
2592 1423 2678 1469 est
2709 1417 2765 1469 in
2806 1417 3032 1470 exordio
3069 1417 3211 1470 duas
3245 1416 3515 1469 mulieres
3541 1433 3650 1470 esse
3670 1417 3730 1471 fa-

2161 1512 2299 1566 ctas,
2353 1505 2540 1568 Evam,
2577 1513 2633 1558 et
2670 1505 2926 1568 alteram,
2960 1521 3023 1557 ex
3073 1504 3274 1574 quibus
3312 1505 3508 1558 dicunt
3553 1506 3727 1558 multos

2164 1593 2307 1645 ﬁlios
2340 1610 2462 1647 esse
2517 1600 2697 1655 natos,
2753 1593 2900 1663 quod
2949 1609 3227 1662 nusquam
3259 1610 3422 1646 sacra
3473 1594 3727 1664 Scriptura

2161 1689 2372 1734 narrat.
2405 1683 2569 1736 Tales
2596 1683 2766 1735 etiam
2789 1688 2951 1734 erant
2980 1681 3078 1744 illi,
3103 1681 3172 1734 de
3195 1681 3400 1751 quibus
3421 1682 3552 1736 dicit
3572 1683 3725 1736 Domi-

2158 1786 2264 1824 nus
2295 1771 2630 1838 (.llatth.xv;
2674 1773 2846 1824 Marc.
2893 1775 3016 1835 vn):
3053 1771 3144 1824 Vze
3190 1770 3363 1832 vobis,
3407 1771 3655 1826 Pharisaei
3679 1778 3722 1824 et

2160 1858 2371 1916 scribae.
2408 1859 2502 1928 qui
2533 1859 2846 1928 supponitis
2868 1858 3203 1912 traditiones
3230 1866 3447 1913 vestras
3478 1861 3722 1914 mandatis

2160 1947 2280 2010 Dei,
2312 1948 2561 2000 dicentes
2583 1947 2726 2017 patri
2749 1947 2988 2004 Corban.
3007 1947 3062 2000 id
3093 1954 3178 2000 est
3202 1947 3416 2000 donum
3447 1949 3531 2002 vel
3551 1966 3721 2003 munus

2159 2035 2531 2106 quodcunque
2561 2052 2626 2088 ex
2657 2052 2747 2088 me
2775 2034 2874 2088 tibi
2905 2035 3174 2105 proderit,
3209 2041 3266 2089 et
3286 2037 3470 2090 multa
3488 2037 3570 2091 his
3599 2039 3722 2091 simi-

2156 2123 2252 2176 lia.
2287 2123 2558 2179 Similiter
2600 2123 2672 2175 de
2696 2123 3040 2192 genealogiis
3072 2124 3462 2193 proponebant
3491 2127 3721 2196 quaestio-

2154 2227 2303 2273 nem,
2338 2217 2474 2281 quot
2498 2212 2660 2264 annis
2695 2211 2893 2264 vixerit
2939 2212 3334 2265 Mathusalem.
3378 2212 3582 2277 Heber,
3625 2216 3720 2268 Noe

2155 2299 2452 2369 casterique
2473 2305 2661 2370 patres
2686 2318 2698 2366 ;
2731 2305 2788 2352 et
2831 2299 2965 2370 quid
2995 2299 3244 2365 fecerint,
3278 2306 3337 2354 et
3356 2303 3626 2371 quomodo
3650 2303 3718 2356 vel

2157 2387 2380 2456 quando
2411 2405 2424 2442 :
2471 2386 2618 2440 unde
2644 2393 2963 2458 proponunt
2990 2388 3378 2458 quaestionem,
3412 2391 3459 2443 si
3491 2392 3720 2446 Salomon

2047 2523 2052 2526 .
2157 2473 2486 2528 duodecimo
2515 2491 2662 2527 anno
2687 2475 2868 2528 astatis
2893 2491 3006 2530 suae
3044 2483 3246 2530 unctus
3271 2484 3357 2531 est
3385 2477 3445 2530 in
3475 2488 3723 2549 regem,et

2156 2563 2532 2632 quadraginta
2561 2563 2725 2616 annis
2755 2564 3029 2633 regnavit,
3062 2570 3120 2618 et
3147 2565 3420 2632 Roboam,
3443 2568 3587 2622 filius
3606 2571 3719 2638 ejus,

2153 2651 2593 2722 quadragesimo
2621 2651 2885 2705 similiter
2904 2669 3052 2706 anno
3071 2653 3252 2707 aetatis
3268 2671 3385 2708 suae
3407 2657 3639 2726 suscepit
3649 2673 3721 2710 re-

2153 2756 2350 2809 gnum,
2384 2740 2662 2810 quomodo
2691 2739 2956 2794 Salomon
2987 2741 3261 2796 duodenis
3291 2745 3540 2813 potuerit
3571 2746 3717 2798 ﬁlium

2154 2844 2449 2898 procreare
2469 2829 2494 2880 ?
2537 2829 2670 2892 Quae
2702 2829 3035 2883 traditiones
3061 2835 3119 2883 et
3159 2831 3506 2901 genealogis:
3535 2833 3718 2886 nullam

469 2928 516 2980 ti
537 2928 663 2979 Jesu
694 2927 808 2992 spei
836 2929 1054 2986 nostra,
1073 2921 1312 2976 salutem
1326 2919 1500 2973 refert
1519 2919 1588 2971 ad
1611 2919 1788 2972 Deum
1812 2919 2062 2982 Patrem,
2089 2915 2575 3013 Caedificationem
2606 2917 2706 2970 Dei
2737 2923 3024 2986 praestant,
3059 2935 3181 2988 qua:
3211 2925 3299 2972 est
3327 2920 3388 2973 in
3420 2921 3547 2987 ﬁde,
3577 2921 3626 2974 id
3649 2928 3720 2974 est

463 3018 525 3068 et
543 3028 700 3084 spem
721 3018 972 3066 nostram
1007 3011 1076 3064 ad
1099 3010 1384 3064 Christum
1412 3025 1422 3060 :
1445 3007 1578 3078 quia
1600 3007 1748 3060 Deus
1776 3007 1943 3060 Pater
1973 3006 2068 3059 de-

460 3100 715 3154 ditnobis
729 3101 968 3154 salutem
992 3114 1091 3171 per
1111 3098 1314 3152 Filium
1332 3112 1496 3150 suum
1519 3111 1686 3165 quem
1706 3095 1970 3164 dignatus
1982 3099 2066 3148 est

459 3187 686 3242 mittere
709 3187 889 3249 nobis,
919 3192 978 3240 et
1005 3202 1104 3256 per
1126 3185 1398 3254 Spiritum
1422 3189 1870 3253 sanctum,quem
1905 3182 2064 3236 nobis

457 3275 662 3330 tribuit
709 3280 962 3346 tempore
1007 3272 1378 3342 baptismatis,
1421 3278 1478 3324 et
1505 3277 1760 3342 tempore
1791 3287 2061 3324 manuum

457 3362 857 3434 impositionis.
892 3363 1000 3415 Per
1024 3361 1309 3415 Christum
1340 3366 1528 3413 autem
1575 3358 1847 3412 habemus
1876 3375 2053 3428 spem,

455 3452 516 3507 id
562 3458 649 3507 est
693 3450 1164 3522 exspectationem
1222 3448 1537 3502 futurorum
1583 3447 1892 3514 bonorum;
1926 3449 2058 3518 quia

455 3541 605 3596 sicut
632 3541 726 3595 ille
750 3538 1056 3594 resurrexit
1083 3554 1116 3591 a
1146 3537 1383 3590 mortuis
1413 3542 1470 3590 et
1492 3536 1745 3589 ascendit
1771 3536 1840 3588 ad
1865 3537 2050 3603 caelos,

453 3631 534 3686 ita
562 3647 663 3685 nos
691 3645 986 3700 speramus
1015 3625 1479 3681 resurrectionem
1523 3625 1674 3679 vobis
1705 3625 2054 3695 profuturam

452 3735 555 3791 per
581 3719 788 3790 ipsum,
807 3725 864 3772 et
883 3718 951 3771 ad
970 3717 1208 3787 gloriam
1231 3719 1452 3769 aeternas
1480 3713 1843 3768 beatitudinis
1867 3731 2057 3768 ascen-

453 3823 635 3862 suros.
675 3807 950 3862 Timotheo
983 3807 1174 3859 dilecto
1200 3807 1317 3870 ﬁlio
1341 3803 1395 3856 in
1421 3803 1644 3873 spiritu,
1677 3802 1733 3855 in
1774 3803 2048 3868 doctrina,

454 3898 517 3950 in
544 3897 667 3963 ﬁde,
703 3911 817 3949 non
851 3910 1038 3957 carne,
1082 3893 1294 3956 Gratia,
1327 3907 1436 3962 qua
1480 3891 1658 3960 gratis
1691 3891 2055 3944 dimittuntur

451 3990 699 4056 peccata,
727 3989 786 4037 et
813 3983 1195 4037 misericordia
1225 3986 1273 4034 et
1310 3996 1442 4049 pax,
1476 3995 1588 4050 qua
1621 3979 2048 4034 reconciliamur

450 4075 567 4128 Deo
611 4073 787 4127 Patri.
833 4069 1280 4124 Misericordiam
1324 4068 1567 4122 mediam
1597 4068 1951 4138 interposuit,
1985 4073 2050 4122 ut

452 4161 775 4215 ostenderet
820 4159 954 4229 quia
993 4158 1195 4227 gratia,
1239 4162 1297 4210 et
1323 4173 1429 4226 pax
1473 4173 1572 4227 per
1603 4157 2044 4210 misericordiam

452 4249 555 4302 Dei
585 4247 744 4301 nobis
774 4246 1058 4300 confertur
1088 4263 1100 4298 :
1136 4261 1249 4298 non
1277 4261 1378 4314 per
1396 4245 1664 4298 meritum
1695 4251 1971 4299 nostrum.

2149 3021 2272 3075 quae
2325 3005 2394 3058 ad
2436 3005 2604 3058 fidem
2658 3005 2759 3058 Dei
2814 3006 3074 3075 pertinet.
3117 3007 3432 3061 Ediﬁcatio
3485 3010 3579 3063 Dei
3630 3016 3716 3072 est,

2148 3093 2372 3164 quando
2403 3093 2527 3163 quis
2552 3109 2620 3146 ea
2650 3093 2902 3163 loquitur
2940 3111 3063 3165 quas
3107 3095 3322 3165 aliquid
3360 3098 3613 3151 utilitatis
3637 3098 3719 3150 ha-

2146 3181 2279 3235 bent
2314 3198 2413 3252 per
2435 3198 2559 3252 quae
2587 3193 2865 3252 praeparat
2887 3188 2944 3236 et
2965 3183 3207 3238 aediﬁcat
3239 3185 3352 3238 Deo
3384 3187 3640 3256 templum
3666 3186 3714 3238 in

2143 3269 2406 3324 cordibus
2438 3270 2790 3335 auditorum;
2845 3272 2943 3324 sed
2973 3273 3244 3341 ﬁgmenta
3268 3273 3582 3328 Iudaeorum
3612 3291 3714 3344 quae

2142 3359 2472 3412 memoriter
2496 3359 2738 3412 recitant
2756 3359 2966 3412 nullius
2988 3360 3246 3414 utilitatis
3268 3368 3421 3416 sunt.
3437 3363 3711 3416 Dicitenim

2140 3446 2336 3500 beatus
2358 3446 2740 3517 Hieronymus
2769 3465 2779 3498 :
2816 3447 2959 3510 Quid
3003 3448 3141 3501 mihi
3180 3450 3411 3520 prodest
3438 3451 3575 3505 scire
3598 3456 3714 3521 quot

2137 3536 2298 3589 annis
2312 3535 2546 3588 vixerint
2563 3536 2956 3600 Mathusalem,
2977 3537 3272 3603 Noe,Sem,
3299 3539 3507 3610 aliique
3526 3539 3713 3610 patres?

2139 3622 2296 3676 nihil.
2333 3624 2423 3677 Sic
2451 3623 2876 3693 intelligendum
2915 3630 3002 3678 est
3027 3625 3095 3679 de
3129 3627 3446 3681 ﬁctionibus
3490 3629 3708 3692 illorum,

2137 3727 2171 3762 a
2199 3710 2401 3780 quibus
2437 3711 2736 3781 Apostolus
2766 3712 3016 3784 prmcipit
3055 3713 3134 3766 eis
3161 3731 3263 3784 per
3288 3715 3636 3770 Timotheum
3662 3722 3710 3768 ut

2137 3799 2428 3852 desistant.

2205 3888 2358 3940 Finis
2387 3891 2533 3941 enim
2565 3893 2820 3958 pracepti
2848 3895 2926 3944 est
2960 3892 3227 3945 Charitas.
3268 3891 3426 3946 Finis
3458 3900 3515 3948 et
3542 3893 3709 3948 tenni-

2128 3991 2252 4040 nus,
2279 3975 2406 4029 ﬁnis
2434 3983 2520 4030 est
2546 3978 2900 4048 consumptio
2934 3995 3046 4049 qua
3072 3981 3424 4035 consumitur
3451 3982 3616 4048 cibus,
3653 3988 3706 4035 ut

2129 4063 2278 4117 ultra
2306 4080 2418 4118 non
2449 4066 2523 4118 sit
2551 4066 2697 4135 quod
2734 4072 2854 4120 erat
2883 4083 2895 4117 :
2932 4067 3081 4121 unde
3101 4067 3339 4122 dicimus
3371 4088 3384 4125 :
3409 4071 3621 4126 Finitus
3634 4075 3705 4124 est

2127 4152 2302 4210 cibus.
2334 4152 2489 4207 Finis
2514 4155 2684 4207 etiam
2716 4160 2802 4208 est
2820 4155 3138 4226 completio,
3172 4157 3702 4226 perfectio,consum~

2128 4241 2321 4304 matio,
2367 4259 2481 4312 qua
2537 4249 2959 4297 consummatur
3006 4245 3118 4298 tela
3169 4261 3180 4294 :
3248 4247 3398 4300 unde
3447 4249 3697 4302 dicimus:

524 4336 683 4390 Sicut
706 4337 896 4402 rogari
925 4338 970 4386 te
999 4338 1061 4386 ut
1090 4313 1400 4386 remaneres
1427 4333 1639 4400 Ephesi,
1652 4350 1773 4402 quae
1803 4339 1887 4386 est
1911 4333 2046 4387 civi-
2066 4313 2172 4384 DF
2176 4330 2317 4383 inita
2336 4337 2422 4384 est
2451 4331 2584 4396 tela,
2623 4332 2680 4385 id
2709 4338 2811 4395 est,
2851 4333 3087 4386 texendo
3119 4335 3365 4404 perfecta
3393 4343 3482 4390 est
3510 4344 3566 4391 et
3590 4353 3700 4392 con-

451 4428 542 4477 tas
567 4420 892 4492 metropolis
915 4420 1222 4486 Asiaa,oum
1245 4423 1385 4474 irem
1408 4423 1470 4473 in
1490 4422 1884 4484 Macedoniam,
1915 4439 2046 4493 pro-

451 4510 692 4565 vinciam
723 4510 1066 4575 Grzecorum,
1100 4514 1161 4562 ut
1187 4509 1544 4562 denuntiares
1575 4511 1953 4576 quisbusdam,
1988 4511 2045 4564 id

450 4607 537 4656 est
555 4599 760 4654 Iudaeis
779 4596 1218 4669 judaizantibus,
1265 4603 1322 4650 et
1348 4613 1461 4650 non
1489 4603 1639 4650 recte
1667 4597 2042 4664 credentibus,

447 4707 515 4746 ne
569 4692 738 4743 aliter
789 4689 1056 4752 docerent,
1110 4684 1396 4750 subaudis,
1430 4701 1598 4755 quam
1627 4702 1730 4739 nos
1759 4687 2042 4753 docemus,

447 4795 619 4846 neque
633 4778 979 4832 intenderent
1002 4776 1210 4843 fabulis
1226 4779 1272 4827 et
1290 4775 1620 4842 genealogiis
1645 4777 1842 4828 interm
1853 4779 2042 4842 inatis,

448 4867 505 4919 id
537 4873 622 4920 est
647 4864 1104 4936 generationibus
1137 4880 1258 4934 quae
1287 4861 1592 4916 terminum
1631 4879 1743 4916 non
1781 4863 1990 4917 habent
2030 4883 2042 4916 :

448 4971 565 5019 qua:
583 4953 784 5008 fabulae
803 4961 858 5007 et
868 4952 1231 5023 genealogis},
1257 4953 1575 5020 questiones
1595 4957 1856 5020 praestant
1870 4955 2047 5020 magis

451 5057 619 5106 quam
643 5043 1056 5107 .rdiﬁcationcm
1097 5043 1212 5107 Dei,
1241 5057 1359 5108 qua?
1383 5045 1458 5092 est
1487 5042 1547 5093 in
1575 5041 1696 5106 ﬁde.
1729 5041 1808 5094 De
1838 5041 2045 5094 Judasis

448 5127 714 5196 loquitur,
757 5128 853 5197 qui
899 5133 1101 5197 praeter
1147 5127 1592 5182 Pentateuchum
1623 5134 1680 5182 et
1721 5129 2042 5198 prophetas,

447 5214 699 5284 aliasque
740 5215 1066 5285 scripturas,
1123 5215 1330 5270 habent
1375 5216 1648 5287 quasdam
1691 5216 2040 5282 traditiones,

446 5317 558 5359 non
601 5301 858 5372 scriptas,
885 5301 980 5354 sed
1015 5304 1294 5358 memoriae
1314 5304 1736 5358 commendatae
1767 5320 1831 5356 ex
1863 5303 2040 5358 tradi-

444 5391 596 5444 tione
626 5395 868 5460 patrum,
903 5405 1042 5459 quas
1073 5390 1369 5458 Apostolus
1390 5391 1626 5456 fabulas,
1658 5391 1715 5444 id
1743 5397 1830 5445 est
1859 5392 2038 5445 fictio-

439 5496 538 5537 nes
566 5484 625 5536 et
659 5477 1030 5549 cogitationes
1057 5477 1318 5547 appellat,
1338 5495 1459 5549 quae
1487 5482 1701 5536 nullam
1731 5481 2035 5536 utilitatem

2128 4426 2424 4474 summata.
2462 4419 2552 4474 Sic
2577 4419 2703 4473 finis
2732 4421 3012 4492 praecepti,
3031 4421 3146 4475 sive
3166 4431 3570 4494 praceptorum
3593 4442 3700 4496 per-

2126 4507 2287 4562 fectio
2311 4514 2368 4561 et
2395 4508 2692 4578 completio
2713 4515 2798 4562 est
2827 4509 3296 4565 charitas.Totam
3329 4514 3482 4567 enim
3513 4514 3700 4584 magni~

2128 4596 2381 4649 tudinem
2413 4603 2464 4649 et
2490 4597 2844 4650 latitudinem
2886 4598 3203 4653 divinorum
3245 4600 3595 4672 eloquiorum
3630 4618 3700 4654 se-

2129 4700 2262 4737 cura
2292 4685 2537 4754 possidet
2567 4686 2950 4756 charitas,qua
2973 4687 3260 4757 diligimus
3271 4689 3452 4744 Deum
3471 4698 3529 4745 et
3546 4691 3701 4763 proxi-

2129 4788 2304 4826 mum.
2340 4774 2535 4828 Omnis
2567 4773 2739 4844 igitur
2794 4777 3055 4846 praecepti
3093 4777 3218 4831 ﬁnis
3272 4778 3387 4833 sive
3426 4779 3700 4852 completio

2128 4859 2372 4914 charitas
2426 4867 2528 4926 est,
2578 4862 2635 4915 id
2688 4868 2774 4916 est
2822 4863 2892 4916 ad
2921 4864 3257 4918 charitatem
3283 4867 3533 4922 refertur
3557 4882 3702 4922 omne

2129 4942 2490 5020 prmceptum,
2533 4951 2666 5020 quia
2695 4952 2792 5021 qui
2839 4952 3021 5006 Deum
3063 4953 3267 5024 diligit,
3321 4971 3438 5010 non
3488 4963 3696 5028 peccat:

2128 5046 2185 5091 et
2211 5040 2304 5108 qui
2337 5039 2649 5109 proximum
2677 5046 2832 5093 amat
2857 5047 2922 5094 ut
2943 5041 3214 5112 seipsum,
3255 5059 3367 5098 non
3396 5045 3662 5116 delinquit
3688 5062 3699 5093 :

2127 5125 2260 5197 quia
2285 5143 2398 5180 non
2426 5128 2708 5182 adulterat
2736 5145 2964 5183 uxorem
2995 5131 3136 5199 ejus,
3178 5133 3446 5202 quoniam
3476 5151 3584 5187 non
3604 5133 3703 5186 vult

2126 5229 2287 5267 suam
2316 5215 2620 5269 adulterari
2647 5234 2658 5270 :
2691 5233 2804 5270 non
2840 5217 3043 5272 occidit
3077 5219 3273 5284 alium,
3305 5221 3440 5291 quia
3467 5238 3575 5276 non
3603 5221 3701 5274 vult

2125 5303 2298 5356 occidi
2330 5330 2339 5358 :
2375 5303 2455 5357 sic
2475 5303 2544 5357 de
2593 5305 2809 5358 caeteris
2837 5305 3266 5376 intelligendum
3289 5316 3378 5363 est
3403 5310 3697 5380 praeceptis.

2121 5393 2323 5463 Etipsa
2337 5393 2653 5448 charitasde
2669 5397 2824 5448 corde
2833 5411 2976 5464 pum
2997 5395 3163 5449 debet
3192 5413 3315 5452 esse
3348 5416 3461 5453 non
3482 5401 3548 5453 de
3565 5401 3695 5472 ﬁcto,

2118 5487 2166 5536 et
2187 5485 2518 5537 conscientia
2541 5484 2680 5537 bona
2697 5489 2745 5536 et
2767 5485 2869 5550 ﬁde
2888 5501 2998 5538 non
3019 5487 3163 5552 ﬁcta.
3192 5486 3548 5542 Conscientia
3567 5502 3698 5557 saepe

438 5569 650 5626 habent
683 5568 742 5624 in
786 5583 866 5633 se,
897 5565 1004 5622 nisi
1051 5566 1436 5622 contentiones
1463 5575 1740 5638 generant
1786 5574 1843 5624 et
1883 5585 2037 5641 quas-
2111 5569 2341 5640 ponitur
2365 5587 2466 5642 pro
2496 5587 2614 5643 spe,
2636 5571 2784 5632 sicut
2813 5572 2874 5628 in
2911 5573 3018 5628 hoc
3051 5573 3459 5632 loco.Charitas
3486 5592 3616 5648 ergo
3638 5575 3697 5629 de
