3852 6154
150 268 230 324 785

801 252 1182 316 EXPOSITIO
1211 258 1291 315 IN
1321 258 1475 316 EPP.
1508 260 1565 317 S.
1598 259 1834 319 PAULI.
1873 290 1936 302 -—
1971 256 2050 317 IN
2080 259 2303 319 EPIST.
2331 259 2356 316 Ι
2392 258 2489 315 ΑΙ)
2518 257 2666 318 TIM.

146 410 226 466 spe
237 391 368 445 bona
388 383 562 441 debet
587 383 907 456 procedere,
940 384 1074 455 quia
1098 384 1225 439 ideo
1245 385 1412 441 debet
1434 385 1613 441 Deum
1634 392 1693 442 et
1706 390 1757 449 Α
1775 387 1973 459 utique
1997 387 2149 459 ,quia
2160 386 2268 441 nisi
2283 393 2431 442 esset
2449 386 2689 451 divinus,
2714 401 3070 459 nequaquam
3093 385 3368 460 potuisset
3448 402 3449 405 ‘

154 480 415 555 proximum
444 474 697 543 diligere,
728 478 795 527 ut
839 479 1050 528 aeterna
1108 474 1341 544 praemia
1398 490 1458 528 se
1504 481 1693 546 speret

155 567 318 623 exinde
336 568 695 634 recepturum.
722 562 804 616 De
833 562 943 615 ﬁde
962 562 1129 616 etiam
1160 579 1275 616 non
1305 564 1523 627 ﬁcta,ut
1543 564 1692 635 quod

153 656 300 713 credit
323 658 373 707 et
388 651 659 721 intelligit,
694 666 861 722 opere
889 651 1162 721 perficiat.
1197 651 1341 704 Nam
1371 651 1510 705 ﬁdes
1562 652 1694 706 ﬁcta

148 750 219 802 est
234 758 341 815 qua:
357 741 644 795 conﬁtetur
671 756 790 803 ore,
820 738 918 793 sed
956 755 1069 793 non
1093 744 1322 793 tenetur
1351 739 1537 805 corde,
1596 757 1691 795 ne-

149 849 238 905 que
261 833 542 886 exornatur
562 827 843 899 operibus,
872 844 1041 899 quam
1063 828 1227 883 multi
1242 826 1471 893 habent,
1488 828 1555 882 de
1572 830 1692 898 qui-

146 922 231 976 bus
253 919 466 974 dicitur:
507 917 860 972 Conﬁtentur
887 932 947 970 se
975 933 1141 971 nosse
1168 916 1369 981 Deum,
1400 916 1558 971 factis
1585 933 1688 972 au-

141 1018 236 1066 tem
252 1011 457 1079 negant.
480 1006 645 1060 Fides
666 1012 796 1060 vero
827 1022 956 1059 vera
987 1010 1075 1060 est
1102 1022 1224 1077 qua:
1248 1011 1475 1059 tenetur
1498 1005 1684 1073 corde,

136 1098 395 1171 proﬁtetur
420 1111 534 1158 ore,
556 1095 847 1165 perﬁcitur
875 1110 1060 1165 opere.
1118 1150 1120 1153 ,

193 1187 230 1242 Α
254 1186 431 1255 quibus
458 1183 728 1238 subaudis
756 1183 1073 1251 virtutibus,
1103 1182 1158 1236 id
1191 1187 1278 1237 est
1309 1199 1343 1235 a
1387 1184 1681 1249 charitate,

140 1291 220 1346 spe
244 1273 392 1340 bona,
423 1276 478 1326 et
517 1271 627 1326 ﬁde
656 1288 767 1325 non
798 1272 949 1335 ﬁcta,
991 1274 1309 1325 aberrantes
1337 1274 1565 1340 quidam
1594 1273 1688 1326 Ju-

133 1366 344 1418 dteorum
371 1359 616 1415 conversi
648 1364 779 1413 sunt
828 1363 891 1413 in
944 1363 1356 1428 vaniloquium,
1388 1360 1684 1431 loquentes

133 1469 187 1507 ea
210 1468 316 1523 quae
341 1465 479 1504 vana
525 1432 678 1514 sunt,
709 1448 1035 1521 nullamque
1063 1449 1369 1504 utilitatem
1407 1449 1467 1503 in
1498 1466 1557 1504 se
1577 1450 1681 1504 ha-

129 1541 305 1596 bentia.

191 1629 401 1681 Volentes
427 1643 536 1681 esse
582 1629 713 1695 leg-is
750 1628 1008 1695 doctores,
1050 1644 1164 1682 non
1209 1631 1573 1698 intelligentes
1611 1647 1679 1684 ea

1773 481 2092 547 peccatores
2128 477 2310 531 salvos
2339 477 2541 531 facere.
2566 477 2676 531 Sed
2704 476 3015 531 humanum
3042 477 3204 532 illum
3226 478 3369 535 dixit

1773 563 1888 618 alio
1906 564 2090 628 modo,
2119 565 2253 635 quia
2265 565 2510 620 Verbum
2532 581 2663 619 caro
2687 564 2897 620 factum
2926 571 3031 633 est,
3061 571 3119 621 et
3148 566 3372 621 habita-

1772 652 1851 707 vit
1880 652 1938 706 in
1965 652 2160 720 nobis;
2190 654 2278 708 vel
2307 654 2487 708 ﬁdelis
2514 670 2714 709 .sermo
2761 659 2865 720 est,
2897 653 2953 708 id
2984 660 3072 709 est
3106 672 3272 711 verus
3310 661 3370 712 et

1773 740 1978 811 dignus
1997 747 2102 805 est,
2127 747 2193 795 ut
2220 742 2292 796 ab
2327 741 2588 797 omnibus
2618 730 2879 813 acceptus
2906 742 3201 809 habeatur,
3235 745 3371 816 quia

1773 829 2032 884 Christus
2050 830 2079 883 J
2084 846 2214 885 esus
2245 830 2396 884 venit
2422 837 2742 902 peccatores
2768 831 2951 885 salvos
2972 830 3186 887 facere:
3220 833 3369 888 sicut

1771 917 1892 989 ipse
1911 917 2089 973 dixit:
2128 918 2249 973 Non
2294 922 2423 973 veni
2454 935 2643 973 vocare
2668 922 2870 987 justas,
2929 919 3021 974 sed
3058 925 3364 988 peccatores

1769 1005 1986 1075 (Matth.
2010 1006 2112 1076 Ix),
2136 1006 2207 1060 ad
2229 1007 2637 1077 paenitentiam,
2670 1012 2729 1061 et
2754 1008 2906 1062 venit
2924 1006 3099 1063 Filius
3118 1008 3363 1064 hominis

1768 1093 1983 1148 salvare
2004 1094 2154 1165 quod
2188 1094 2449 1165 perierat.
2495 1095 2605 1149 Sed
2652 1096 3014 1166 querendum
3055 1101 3143 1151 est
3186 1113 3362 1168 quare

1770 1182 1924 1236 dicat
1941 1182 2244 1253 Apostolus
2269 1202 2281 1236 :
2315 1185 2563 1246 Quorum
2587 1182 2803 1254 primus
2816 1201 2919 1255 ego
2936 1186 3359 1257 sum.Nunquid

1767 1277 1898 1325 ante
1927 1286 2057 1324 eum
2080 1287 2191 1325 non
2204 1270 2309 1324 fuit
2324 1278 2583 1342 peccator
2603 1271 3055 1344 Caiu?Nunquid
3074 1280 3205 1329 ante
3223 1290 3355 1330 eum

1765 1375 1879 1413 non
1894 1358 2124 1414 fuerunt
2150 1365 2473 1431 peccatores
2501 1360 2801 1415 Sodomitas
2829 1366 2888 1415 et
2913 1362 3215 1433 Judaei,qui
3234 1379 3361 1419 cru-

1762 1447 2057 1502 ciﬁxerunt
2080 1448 2422 1503 Dominum?
2466 1449 2569 1503 Vel
2600 1448 2856 1520 nunquid
2899 1449 3060 1504 illum
3106 1449 3355 1522 primum

1762 1539 1916 1593 venit
1936 1554 2134 1593 vocare
2164 1543 2222 1592 et
2249 1539 2463 1593 salvare
2483 1538 2509 1591 7
2533 1528 2802 1609 Nunquid
2830 1543 2962 1594 ante
2985 1555 3116 1594 eum
3141 1554 3256 1593 non
3274 1544 3362 1595 est

1760 1632 1987 1681 vocatus
2029 1634 2087 1682 et
2129 1628 2376 1681 salvatus
2404 1628 2625 1693 Petrus,
2653 1627 2861 1698 aliique
2880 1626 3139 1698 apostoli,
3170 1627 3360 1682 multi-

125 1716 241 1770 sicut
260 1715 618 1786 intelligenda
640 1721 791 1777 sunt,
826 1732 997 1784 neque
1014 1733 1132 1785 quae
1158 1705 1741 1788 loquuntur,‘nequeB
1764 1732 1873 1787 que
1900 1717 2191 1771 credentes
2218 1716 2242 1770 ?
2271 1717 2416 1771 Sunt
2440 1716 2672 1786 .utique.
2700 1716 3026 1770 Notandum
3055 1715 3189 1786 quia
3214 1716 3360 1771 sicut

124 1806 174 1858 de
193 1806 368 1873 quibus
394 1807 710 1872 afﬁrmant.
739 1804 917 1859 Judaei
947 1805 993 1859 si
1040 1806 1264 1877 quando
1294 1806 1363 1860 de
1412 1823 1582 1877 prava
1622 1813 1679 1863 et

121 1893 236 1948 falsa
260 1893 513 1964 opinione
542 1910 664 1959 sua,
681 1898 738 1947 et
757 1893 825 1946 de
840 1893 1044 1948 fabulis
1068 1900 1126 1948 et
1143 1895 1542 1950 traditionibus
1561 1897 1678 1952 suis

121 1983 248 2036 vanis
273 1983 604 2054 reprehendi
633 1987 691 2036 et
708 1983 959 2036 convinci
980 1984 1267 2055 cmperint,
1293 1984 1362 2038 ad
1376 1984 1676 2040 defenden-

117 2070 225 2124 dum
258 2071 310 2124 id
338 2071 483 2143 quod
508 2071 807 2125 levissima
860 2073 1180 2126 temeritate
1211 2078 1267 2126 et
1314 2073 1671 2143 cogitatione,

116 2176 293 2214 necnon
322 2166 376 2214 et
429 2160 791 2231 apertissima
840 2161 1106 2226 falsitate,
1130 2160 1393 2215 dixerunt
1447 2162 1670 2216 eosdem

113 2248 255 2303 libros
276 2265 418 2315 suos,
459 2249 616 2303 unde
642 2248 699 2302 id
730 2248 972 2319 probant
998 2249 1246 2320 proferre
1271 2254 1565 2304 conantur:
1587 2252 1672 2305 vel

112 2337 251 2391 etiam
270 2337 611 2402 memoriter,
646 2354 769 2408 quae
796 2337 867 2391 ad
891 2337 1279 2391 testimonium
1308 2338 1491 2392 valere
1518 2338 1671 2393 arbi-

110 2429 315 2492 trantur,
348 2426 534 2481 multa
558 2426 730 2480 verba
760 2426 892 2480 inde
917 2426 1303 2496 pronuntiant,
1334 2442 1446 2479 non
1462 2426 1670 2481 intelli-

106 2521 269 2583 gentes
294 2516 434 2570 sicut
459 2515 835 2586 intelligenda
865 2520 1018 2581 sunt,
1055 2531 1237 2586 neque
1262 2532 1387 2585 qua:
1434 2516 1671 2587 loquun-

108 2610 197 2667 tur,
238 2620 408 2675 neque
450 2604 784 2658 testimonia
844 2620 967 2675 quae
1010 2604 1319 2675 proferunt,
1352 2604 1421 2657 de
1466 2604 1669 2674 quibus

102 2692 266 2747 volunt
296 2693 587 2748 afﬁrmare
616 2708 775 2747 suam
820 2692 1146 2760 falsitatem,
1179 2697 1450 2763 ponentes
1468 2693 1666 2747 incon-

105 2797 222 2849 grus
245 2783 520 2853 exempla.

155 2868 348 2924 Scimus
373 2877 570 2924 autem
592 2873 726 2939 quia
746 2872 885 2923 bona
906 2873 995 2923 lea:
1007 2874 1102 2936 est,
1126 2872 1175 2923 si
1194 2873 1319 2938 quis
1335 2885 1398 2923 ea
1425 2871 1665 2937 legitime

1762 1803 1966 1859 dicitur
1991 1806 2209 1876 primus
2238 1805 2297 1859 in
2320 1805 2467 1859 bono
2492 1805 2642 1859 inter
2662 1804 2825 1872 alios,
2855 1804 2937 1859 ita
2950 1803 3121 1858 etiam
3146 1809 3204 1858 et
3229 1804 3352 1875 pri-

1761 1910 1887 1947 mus
1937 1893 2087 1947 inter
2109 1894 2249 1947 alios
2280 1894 2339 1948 in
2366 1894 2546 1960 malo;
2579 1898 2637 1948 et
2664 1892 2894 1964 ponitur
2920 1892 3224 1962 aliquando
3251 1908 3357 1962 pro

1758 1981 1954 2036 ordine
1980 1983 2064 2037 vel
2103 1982 2511 2053 dignitate.Sed
2533 1982 2590 2036 in
2609 1982 2845 2036 hocloco
2863 1980 3165 2052 Apostolus
3183 1996 3357 2036 causa

1757 2071 2098 2126 humilitatis
2118 2073 2362 2142 primum
2385 2088 2445 2126 se
2475 2070 2632 2137 dixit,
2654 2070 2817 2141 quasi
2832 2070 3078 2143 pejorem
3103 2070 3358 2133 aliis,aut

1755 2160 2061 2230 pessimum
2090 2161 2361 2216 omnium.
2395 2160 2486 2214 Sic
2505 2159 2656 2213 enim
2703 2158 2855 2213 soliti
2897 2174 3094 2212 sumus
3144 2158 3351 2224 dicere,

1755 2246 1910 2300 verbi
1940 2248 2126 2318 gratia
2153 2266 2164 2300 :
2204 2248 2432 2302 Transit
2457 2264 2553 2301 rex
2573 2252 2675 2301 aut
2702 2245 2967 2317 quaelibet
2984 2250 3235 2317 potestas
3253 2261 3356 2317 per

1756 2335 2060 2403 quemdam
2091 2336 2301 2403 locum,
2340 2342 2398 2390 et
2437 2335 2652 2390 invenit
2697 2333 2925 2389 turbam
2967 2334 3276 2400 latronum,
3298 2339 3358 2389 et

1754 2421 1916 2476 dicit:
1951 2424 2088 2487 Quis
2117 2429 2204 2479 est
2226 2425 2443 2496 primus
2470 2424 2531 2478 in
2573 2422 2747 2490 vobis,
2778 2422 3040 2477 adducite
3077 2421 3261 2488 illum,
3293 2421 3354 2476 id

1753 2516 1841 2564 est
1882 2512 2007 2581 quis
2056 2517 2142 2566 est
2188 2513 2403 2583 primus
2441 2512 2513 2566 ad
2559 2512 2791 2577 malum,
2825 2511 3156 2577 adducatur,
3192 2512 3355 2581 cujus

1752 2600 2087 2653 auctoritate
2111 2601 2212 2654 alii
2234 2601 2592 2655 latrocinium
2603 2605 2881 2654 exercent.
2909 2599 3000 2654 Sic
3016 2599 3190 2653 etiam
3217 2597 3356 2652 dum

1749 2688 1966 2743 invenit
1996 2688 2202 2760 aliquis
2229 2690 2473 2743 artiﬁces
2510 2687 2851 2753 laborantes,
2891 2686 3057 2741 dicit:
3089 2686 3228 2750 Quis
3264 2690 3353 2739 est

1746 2777 1839 2831 hic
1866 2778 2271 2848 primus?Non
2316 2778 2631 2847 interrogat
2674 2776 2800 2847 quis
2844 2774 2999 2846 prior
3039 2774 3117 2828 sit
3158 2777 3345 2839 aetate,

1747 2866 1841 2920 sed
1870 2866 1998 2936 quis
2026 2866 2181 2936 prior
2204 2866 2280 2920 sit
2310 2870 2432 2919 arte
2456 2884 2469 2932 ;
2501 2865 2646 2919 sicut
2681 2864 2776 2918 ille
2805 2863 2960 2934 prior
3001 2867 3088 2917 est
3110 2862 3170 2916 in
3198 2865 3343 2928 arte,

101 2959 397 3017 utatur.Ille
424 2959 619 3015 utitur
644 2958 895 3028 legitime
926 2959 1050 3029 lege
1078 2958 1174 3029 qui
1205 2957 1468 3028 intelligit
1487 2974 1662 3029 quare
1688 3019 1724 3029 Α
1749 2953 1830 3008 ita
1857 2954 2003 3008 latro
2035 2954 2251 3026 primus
2277 2959 2361 3008 est
2392 2954 2450 3008 in
2470 2953 2791 3024 iniquitate.
2813 2951 2887 3006 Et
2901 2949 3101 3005 beatus
3116 2952 3353 3021 Aposto-

97 3047 155 3100 sit
183 3047 315 3112 data,
342 3048 614 3103 videlicet
663 3019 732 3101 ad
779 3019 1154 3117 reparandam
1185 3052 1241 3100 et
1279 3019 1657 3100 robdraridam
1682 3019 1725 3078 δ
1744 3043 1832 3097 lus
1860 3043 1966 3097 hoc
1994 3019 2159 3097 modo
2175 3044 2317 3097 dese
2346 3042 2482 3097 dicit
2499 3019 2668 3096 causa
2694 3039 3034 3094 humilitatis
3062 3019 3350 3103 :Quorum

102 3137 375 3191 naturalem
402 3138 616 3207 legem,
650 3152 818 3207 quam
847 3152 1028 3205 genus
1052 3135 1364 3189 humanum
1384 3136 1504 3205 jam
1535 3151 1661 3189 con-

98 3223 330 3279 culcatam
354 3224 687 3289 habebat,et
702 3224 798 3294 qui
819 3222 1084 3293 intelligit
1104 3223 1354 3293 quandiu
1376 3222 1661 3277 observari

98 3309 277 3377 debuit,
306 3313 362 3367 in
384 3313 574 3384 ﬁgura
591 3311 806 3366 scilicet
820 3326 999 3381 usque
1029 3310 1100 3364 ad
1114 3309 1321 3364 Christi
1334 3310 1656 3375 adventum,

96 3404 141 3451 et
161 3400 241 3470 qui
264 3417 329 3455 ea
355 3418 480 3473 quae
506 3401 567 3454 in
590 3400 713 3470 lege
744 3399 1148 3470 praecipiuntur
1177 3398 1479 3452 carnaliter
1515 3404 1573 3451 et
1600 3397 1659 3451 in

93 3487 242 3557 ﬁgura
265 3498 388 3561 post
408 3488 635 3545 Domini
661 3488 963 3542 adventum
992 3486 1323 3558 spiritaliter
1351 3486 1652 3557 intelligit:

92 3578 249 3646 etjam
270 3596 378 3634 non
409 3579 469 3633 in
501 3580 708 3649 ﬁgura,
744 3577 841 3631 sed
861 3576 918 3630 in
947 3576 1181 3645 veritate
1203 3576 1491 3646 adimplet,
1510 3576 1659 3630 vide-

87 3665 194 3720 licet
223 3674 283 3721 ut
312 3668 686 3723 circumcidat
711 3682 790 3732 se,
819 3665 877 3720 id
906 3670 992 3719 est
1032 3665 1304 3735 exspoliet
1330 3682 1433 3735 per
1477 3665 1657 3735 bapti-

88 3769 240 3809 smum
268 3762 323 3810 et
346 3774 448 3828 per
475 3755 875 3829 paenitentiam
902 3753 972 3808 ab
1001 3753 1260 3807 omnibus
1301 3753 1560 3823 peccatis,
1596 3760 1654 3809 et

83 3842 286 3899 celebret
306 3846 613 3900 sabbatum
644 3843 993 3915 spiritaliter,
1018 3841 1354 3913 quiescendo
1394 3858 1429 3894 a
1482 3858 1652 3912 pravo

1744 3131 1960 3201 primus
1984 3148 2087 3203 ego
2108 3147 2256 3197 sum,
2279 3131 2336 3185 id
2351 3137 2436 3185 est
2463 3131 2534 3184 de
2560 3130 2786 3185 illorum
2808 3133 3186 3201 peccatorum,
3206 3141 3348 3199 quos

1741 3221 1895 3274 venit
1921 3220 2182 3275 Christus
2209 3220 2449 3284 salvere,
2481 3235 2584 3289 ego
2613 3235 2739 3273 sum
2763 3217 3060 3289 pessimus.
3083 3216 3166 3271 Re
3193 3216 3347 3271 enim

1740 3324 1875 3363 vera
1904 3310 2146 3364 multum
2169 3315 2294 3363 erat
2311 3307 2579 3373 imbutus,
2601 3307 2921 3378 iniquitate,
2940 3306 3037 3378 qui
3057 3305 3348 3361 Christum

1736 3399 1857 3468 jam
1882 3398 1941 3452 in
1971 3398 2109 3453 caelo
2140 3398 2431 3453 sedentem
2476 3395 2921 3468 persequebatur
2971 3395 3032 3449 in
3088 3399 3241 3450 terra
3281 3393 3344 3449 in

1739 3485 2010 3540 membris
2038 3486 2178 3540 suis.

1811 3575 1917 3630 Sed
1942 3576 2062 3629 ideo
2088 3576 2533 3630 misericordiam
2561 3578 2877 3628 consecutus
2902 3587 3048 3635 sum,
3079 3576 3142 3625 ut
3170 3574 3234 3624 in
3254 3585 3341 3624 me

1730 3666 1990 3731 primum
2011 3666 2311 3717 ostenderet
2329 3664 2578 3719 Christus
2605 3663 2758 3715 Jesus
2779 3676 2993 3715 onmem
3024 3658 3337 3730 potentiam

1738 3750 1952 3820 [Vulg.,
1971 3751 2328 3821 patientiam]
2348 3753 2423 3804 ad
2443 3751 2918 3818 informationem,
2943 3747 3338 3801 siveadexem-

1735 3839 1893 3909 plum
1911 3855 2103 3893 eorum
2124 3842 2224 3908 qui
2238 3841 2512 3893 credituri
2523 3843 2655 3891 sunt
2674 3840 2767 3890 illi
2783 3840 2845 3890 in
2860 3839 3034 3890 vitam
3046 3841 3333 3890 aeternam.

85 3944 239 3999 opere,
269 3939 321 3987 et
348 3939 638 4006 praecepta
652 3932 888 3987 moralia
906 3936 1113 3986 teneat.
1138 3930 1245 3994 Qui
1264 3930 1455 3986 taliter
1477 3930 1655 3985 utitur
1736 3926 1922 3991 Quare
1948 3927 2023 3982 sit
2043 3927 2485 3982 misericordiam
2508 3923 3096 3994 consecutus,exponit
3114 3939 3330 3978 causas:

81 4017 194 4089 lege,
223 4021 362 4078 bona
386 4030 478 4078 est
508 4023 597 4078 illi
636 4023 742 4076 lex.

136 4108 300 4164 Sciens
328 4113 427 4166 hoc
449 4114 595 4181 quia
609 4113 761 4178 justo
786 4124 897 4163 non
918 4114 995 4163 est
1023 4111 1107 4162 lea:
1126 4112 1328 4178 posita,
1358 4109 1414 4163 id
1452 4114 1539 4163 est
1561 4111 1649 4180 ju-

78 4196 280 4254 stiﬁcato
300 4218 402 4271 per
432 4202 611 4255 ﬁdem
643 4204 700 4253 et
722 4197 965 4269 gratiam
994 4197 1440 4268 baptismatis,et
1468 4198 1649 4268 legem

78 4286 247 4341 volenti
273 4289 516 4361 implere
560 4305 677 4343 non
729 4293 816 4341 est
841 4287 932 4341 lex
963 4286 1161 4357 posita.
1188 4285 1246 4340 id
1275 4292 1361 4340 est
1388 4287 1651 4358 imposita

77 4382 126 4426 ut
147 4391 300 4447 supra
336 4379 503 4433 illum
532 4378 631 4432 sit.
660 4378 725 4431 In
755 4376 909 4429 illam
931 4376 1079 4429 enim
1107 4380 1193 4429 est
1214 4376 1419 4446 potius,
1435 4383 1492 4429 et
1518 4392 1646 4430 cum

74 4461 175 4530 ipsa
197 4483 358 4536 quam
395 4467 507 4522 sub
537 4467 657 4531 illa,
690 4465 820 4536 quia
844 4465 1058 4518 amicus
1086 4465 1225 4534 legis
1272 4472 1359 4519 est
1409 4465 1569 4519 Unde
1600 4465 1647 4518 si

73 4566 233 4609 omnes
254 4557 394 4626 justi
427 4560 645 4619 essent,
678 4569 1035 4623 nequaquam
1065 4558 1215 4606 esset
1244 4553 1327 4606 lex
1354 4553 1502 4605 data.
1542 4552 1648 4608 Sed

65 4642 204 4703 justi:
221 4650 267 4697 et
288 4645 681 4714 peccatoribus
708 4642 842 4695 data
867 4648 953 4695 est
981 4641 1086 4699 lex.
1111 4647 1174 4695 ut
1196 4641 1275 4694 illi
1297 4641 1421 4711 ejus
1441 4641 1644 4695 timore

67 4726 291 4788 desinant
311 4750 583 4806 peccare:
613 4730 1207 4800 plagiariis,subaudis
1226 4730 1406 4800 posita
1426 4737 1513 4783 est
1529 4730 1638 4784 lex:

65 4818 285 4888 plagiarii
313 4829 452 4877 sunt
498 4821 848 4885 seductores,
884 4819 983 4891 qui
1029 4819 1285 4872 homines
1324 4819 1641 4873 seducendo

62 4904 290 4966 furantur
307 4918 364 4967 et
385 4911 667 4966 vendunt.

116 4998 297 5052 Fidelis
338 5017 525 5054 sermo
580 5005 630 5053 et
678 5001 836 5053 omni
883 5001 1187 5066 acceptione
1239 4999 1463 5065 dignus,
1505 5000 1639 5065 quia

61 5082 280 5142 Christus
296 5091 457 5143 Jesus
487 5091 643 5142 venit
664 5092 967 5156 peccatores
990 5089 1166 5139 salvos
1192 5088 1639 5154 facere,quorum

55 5177 248 5238 primus
267 5194 359 5245 ego
380 5195 539 5233 sum.
567 5177 633 5231 In
659 5176 852 5230 Graeco
874 5174 1114 5229 habetur
1132 5175 1413 5228 humanus
1432 5190 1635 5239 sermo,

56 5258 102 5313 id
126 5265 526 5335 estjucundus,
557 5272 758 5334 gratus
782 5268 841 5316 et
858 5268 1136 5333 acceptus.
1168 5262 1313 5327 Quid
1352 5263 1503 5316 enim
1552 5264 1639 5332 ju-

54 5351 283 5419 cundius,
316 5354 452 5424 quid
499 5352 725 5424 gratius
768 5351 853 5404 vel
894 5353 1195 5423 acceptius,
1229 5368 1398 5423 quam
1442 5352 1638 5406 audire

54 5438 167 5506 quia
184 5442 443 5496 Christus
468 5440 507 5494 J
511 5458 648 5495 esus
668 5440 819 5494 venit
839 5449 1158 5510 peccatores
1198 5441 1378 5495 salvos
1399 5440 1580 5494 facere
1613 5442 1639 5494 'l

60 5524 108 5578 Si
129 5544 253 5600 ergo
282 5540 372 5586 est
400 5532 717 5598 humanus,
763 5530 1018 5599 nunquid
1047 5536 1136 5585 est
1157 5543 1215 5585 et.
1240 5530 1462 5585 divinus
1488 5530 1513 5583 ?
1541 5530 1639 5584 Est

1662 4007 1712 4064 D
1735 4015 2222 4087 Christusdnquit,
2237 4017 2473 4070 daturus
2496 4015 2714 4069 veniam
2734 4013 3017 4067 conversis
3032 4012 3101 4065 ad
3125 4028 3186 4065 se
3208 4028 3333 4082 pec-

1732 4105 2033 4169 catoribus,
2067 4105 2318 4160 extendit
2331 4105 2661 4159 charitatem
2685 4118 2843 4156 suam
2857 4116 3037 4172 usque
3057 4100 3127 4154 ad
3145 4099 3333 4153 inimi-

1731 4210 1824 4247 cos
1839 4210 2086 4257 suos,me
2100 4195 2344 4265 primum
2368 4192 2821 4264 elegitacriorem
2840 4189 3330 4260 inimicum,quem

1730 4298 1855 4337 cum
1874 4291 2197 4347 sanaret,ne
2210 4300 2299 4337 me
2319 4283 2377 4336 in
2399 4282 2613 4338 caeteris
2629 4280 2975 4351 desperaret,
3006 4279 3120 4349 egit
3134 4276 3329 4332 Domi-

1730 4390 1836 4429 nus
1849 4390 2003 4428 more
2015 4373 2338 4444 peritissimi
2355 4372 2556 4427 medici
2581 4371 2678 4442 qui
2698 4372 2926 4427 veniens
2956 4372 3028 4427 ad
3055 4372 3212 4428 illum
3244 4373 3331 4427 lo-

1730 4480 1855 4518 cum
1888 4463 1984 4518 ubi
2022 4469 2187 4516 antea
2215 4462 2442 4532 ignotus
2483 4467 2623 4526 erat,
2657 4470 2711 4514 et
2734 4460 2831 4515 ubi
2860 4461 3086 4532 plurimi
3116 4460 3330 4515 inﬁrmi

1727 4558 1878 4617 sunt,
1898 4568 2289 4623 quemcunque
2328 4550 2573 4621 graviori
2595 4550 2924 4603 inﬁrmitate
2949 4549 3323 4616 laborantem,

1727 4648 1784 4695 et
1801 4642 1859 4695 in
1889 4640 2278 4713 desperatione
2300 4640 2542 4711 positum
2557 4638 2791 4698 invenit.
2810 4638 2968 4691 illum
2985 4639 3223 4691 assumit
3237 4638 3326 4708 pri

1725 4747 1881 4784 mum
1907 4731 1973 4784 ad
2004 4730 2337 4787 curandum.
2365 4734 2429 4783 ut
2448 4727 2614 4782 inillo
2643 4726 2903 4779 ostendat
2928 4725 3190 4795 peritiam
3207 4741 3325 4780 sum

1722 4819 1879 4884 artis,
1913 4825 1970 4873 et
1988 4825 2049 4873 ut
2079 4819 2175 4872 alii
2203 4817 2412 4871 inﬁrmi
2436 4815 2688 4869 videntes
2716 4814 2875 4867 illum
2913 4821 3175 4867 sanatum
3222 4812 3322 4883 qui

1720 4907 1963 4978 graviori
1978 4906 2173 4961 morbo
2182 4905 2543 4976 gravabatur.
2568 4919 2680 4956 non
2701 4902 3002 4972 desperent
3022 4901 3092 4955 de
3115 4901 3319 4968 salute,

1722 4997 1821 5049 sed
1847 4997 2235 5067 unusquisque
2252 4995 2348 5048 illo
2367 4993 2424 5046 in
2446 4993 2565 5046 loco
2579 4991 2729 5045 dicat
2748 4989 3001 5061 proximo
3013 5006 3115 5045 suo
3135 5006 3146 5038 ε
3167 4990 3325 5045 Vade

1721 5086 1793 5139 ad
1820 5085 1979 5138 illum
2010 5084 2549 5148 medicum,securus
2569 5087 2709 5146 esto,
2727 5078 2952 5134 sanabit
2974 5086 3031 5133 te
3055 5098 3068 5147 ;
3106 5079 3187 5133 sic
3206 5080 3323 5134 Do-

1721 5174 1908 5227 minus
1964 5174 2126 5227 Jesus
2174 5172 2432 5226 Christus
2478 5185 2643 5223 verus
2685 5169 2951 5223 medicus.
2982 5169 3231 5223 ostendit
3264 5169 3326 5224 in

1721 5262 1883 5316 beato
1914 5262 2087 5315 Paulo
2116 5260 2356 5331 gratiam
2388 5275 2505 5313 suae
2537 5258 2846 5322 medicinae,
2874 5258 2932 5312 id
2963 5265 3050 5313 est
3096 5258 3322 5313 miseri-

1720 5351 1966 5406 cordiam
1999 5366 2114 5404 sua
2145 5348 2390 5420 pietatis,
2421 5348 2672 5402 sanando
2692 5349 2851 5403 illum
2882 5363 2914 5401 a
2934 5347 3208 5418 languore
3234 5347 3319 5402 in-

1720 5440 2008 5495 ﬁdelitatis
2036 5446 2095 5492 et
2125 5437 2318 5491 morbo
2341 5437 2625 5503 vitiorum,
2659 5444 2723 5492 ut
2768 5437 2827 5491 in
2866 5436 2963 5490 illo
3001 5436 3323 5490 ostenderet

1721 5530 1856 5601 quia
1904 5529 1951 5583 si
1998 5528 2152 5582 illius
2210 5527 2480 5583 misertus
2534 5533 2642 5599 est,
2673 5526 2771 5598 qui
2805 5527 2929 5597 ejus
2978 5523 3086 5580 fuit
3142 5536 3328 5593 perse-

3267 254 3370 319 786
3437 298 3445 306 -
