3966 6156
501 285 610 350 787

991 285 1371 345 HAYMONIS
1402 284 1892 345 HALBERSTAT.
1926 283 2155 345 EPISC.
2187 283 2345 346 OPP.
2378 281 2612 345 PARSI
2641 313 2707 330 συ-
2736 281 3108 342 COMMENT.
3138 281 3322 339 BIBL.
3659 277 3748 338 788

510 427 674 491 cutor
701 421 762 486 in
787 419 998 496 sanctis
1021 416 1384 495 martyribus,
1418 417 1615 505 utique
1635 425 1692 478 et
1713 415 1838 474 aliis
1867 419 2101 474 misere-
2121 420 2170 480 A
2189 419 2354 484 ﬁdem
2386 416 2880 488 naufragaverunt,
2907 413 2961 469 id
2988 420 3074 468 est
3098 413 3234 468 nudi
3268 416 3326 466 et
3354 409 3520 466 alieni
3553 426 3583 462 a
3625 407 3751 462 veri-

506 509 680 588 bitur.

581 643 712 710 Regi
728 645 914 695 autem
943 641 1270 693 seculorum
1308 636 1644 698 immortali,
1685 635 1979 696 invisibili,
2005 636 2110 688 soli

509 730 620 785 Boo
649 730 826 784 honor
851 731 902 782 at
936 729 1120 795 gloria
1157 729 1222 780 in
1260 729 1457 780 secuta
1499 727 1844 780 seculorum.
1870 722 2106 786 Quidam

511 833 705 889 regem
738 816 1068 872 seculorum
1098 815 1158 868 in
1188 815 1292 868 hoc
1316 813 1438 867 loco
1459 812 1784 881 intelligunt
1811 812 1986 866 Deum
2010 812 2112 864 Pa.

511 911 680 970 tam,
713 921 816 976 pro
845 919 910 958 eo
941 903 1090 974 quod
1121 903 1203 956 ait
1231 902 1533 973 Apostolus
1561 899 2112 965 invisibili,dicentes

511 995 574 1050 in
588 995 704 1050 Deo
724 994 886 1048 illum
899 991 1242 1062 appellatum
1264 1007 1386 1044 esse
1407 989 1476 1044 ab
1491 989 1757 1060 Apostolo
1779 987 2112 1042 invisibilem

515 1084 665 1156 quod
685 1085 808 1153 ejus
825 1097 1066 1152 persona
1092 1081 1150 1133 in
1162 1079 1352 1134 Veteri
1370 1079 1730 1135 Testamento
1744 1094 1844 1147 per
1865 1078 2113 1146 aliquam

514 1171 828 1243 subiectam
853 1176 1174 1224 creaturam
1219 1173 1276 1220 et
1321 1166 1750 1220 similitudinem
1788 1183 1902 1219 non
1943 1166 2115 1219 fuerit

516 1267 763 1326 ostensa,
795 1261 888 1314 sed
924 1258 1073 1318 Filii,
1097 1257 1244 1310 sicut
1264 1262 1486 1308 ostensa
1509 1259 1595 1307 est
1622 1255 1798 1317 Isaias,
1833 1255 1931 1325 qui
1977 1255 2114 1308 vidit

514 1351 678 1406 illum
721 1349 776 1401 in
824 1346 1020 1401 habitu
1071 1345 1359 1414 regnantis
1406 1343 1618 1404 sedere,
1654 1348 1710 1396 et
1759 1343 1976 1397 Danieli
2017 1343 2112 1412 qui

458 1437 464 1443 ’
519 1436 658 1490 dixit
684 1436 854 1505 (Dan.
883 1438 982 1497 vn)
1009 1450 1020 1484 :
1059 1430 1416 1502 Aspiciebam
1447 1430 1505 1483 in
1530 1429 1649 1483 visu
1687 1431 1883 1494 noctis,
1904 1439 1960 1483 et
1989 1445 2113 1483 ecce

521 1523 702 1578 Filius
727 1521 972 1577 hominis
1000 1519 1172 1578 venit.
1204 1526 1260 1574 et
1287 1520 1418 1572 data
1442 1527 1526 1572 est
1575 1518 1626 1570 ei
1665 1523 1932 1587 potestas.
1967 1517 2117 1580 Quos

521 1612 722 1666 beatus
734 1615 1086 1676 Augustinus
1111 1607 1490 1678 reprehendit,
1510 1606 1798 1658 afﬁrmans
1814 1622 2001 1673 regem
2021 1621 2119 1658 satio

521 1702 775 1757 culorum
806 1698 1138 1752 invisibilem
1163 1703 1412 1751 sanctam
1430 1695 1762 1750 Trinitatem
1780 1695 2115 1764 appellatalii

521 1807 662 1853 esse,
697 1789 924 1842 Patrem
953 1787 1225 1848 videlicet,
1263 1793 1319 1840 et
1346 1785 1570 1849 Filium,
1603 1800 1667 1838 ac
1697 1784 1964 1852 Spiritum
1993 1797 2118 1834 san-

523 1885 699 1940 ctum,
731 1894 856 1947 quae
884 1875 1107 1930 trinitas
1155 1891 1520 1944 personarum
1572 1873 1849 1926 unitatem
1881 1871 2118 1926 Deitatis

521 1965 677 2022 facit.
693 1981 818 2036 quia
835 1969 922 2018 est
940 1979 1086 2019 unus
1101 1963 1334 2025 Deus,et
1351 1963 1496 2014 sicut
1515 1968 1600 2014 est
1619 1961 1786 2014 Pater
1805 1958 2114 2014 invisibilis.

523 2056 608 2111 ita
630 2053 801 2108 Filius
828 2051 1144 2114 invisibilis,
1175 2056 1231 2104 et
1271 2051 1514 2119 Spiritus
1543 2056 1771 2106 sanctus
1799 2046 2117 2112 invisibilis,

527 2143 661 2216 quia
679 2141 830 2197 Deus
847 2141 1080 2212 spiritus
1101 2144 1204 2196 est.
1232 2138 1320 2196 Illi
1340 2154 1473 2208 ergo
1496 2139 1589 2208 qui
1613 2137 1808 2191 dicunt
1821 2152 2121 2207 personam

521 2233 709 2288 Patris
736 2247 848 2286 non
877 2245 1002 2286 esse
1031 2234 1312 2283 ostensam
1340 2228 1400 2282 in
1426 2227 1613 2280 Veteri
1635 2227 2017 2288 Testamento,
2042 2233 2124 2278 at-

524 2321 764 2378 tendant
791 2319 925 2390 quid
955 2318 1104 2372 dicat
1129 2315 1329 2372 Daniel
1354 2335 1368 2370 :
1401 2315 1776 2386 Aspiciebam,
1826 2314 2032 2384 inquit,
2068 2319 2126 2367 et

527 2424 657 2466 eccs
685 2409 966 2479 Antiquos
993 2407 1212 2460 dierum
1242 2405 1390 2460 sedit
1413 2405 1625 2474 (Ibid).
1659 2404 2012 2474 Quapropter
2030 2417 2126 2456 rex

526 2499 861 2557 seculorum
891 2501 1084 2550 sancta
1110 2494 1356 2550 Trinitas
1384 2499 1488 2556 est,
1511 2509 1634 2563 quae
1663 2501 1750 2547 est
1776 2509 1922 2548 unus
1945 2497 2002 2548 et
2030 2507 2124 2546 ve-

503 2605 626 2646 .rus
653 2591 825 2652 Deus,
853 2585 1212 2648 immortalis,
1238 2582 1610 2638 immutabilis
1647 2588 1704 2636 et
1745 2581 2043 2638 invisibilis
2069 2582 2130 2636 in

527 2693 634 2735 sua
667 2675 1002 2732 substantia.
1033 2675 1200 2728 Pater
1238 2673 1434 2742 igitur,
1457 2677 1516 2725 et
1570 2671 1839 2734 Filius,et
1886 2670 2130 2740 Spiritus

528 2772 776 2828 sanctus,
795 2781 944 2819 unus
964 2763 1112 2816 Deus
1134 2779 1228 2816 rex
1253 2769 1336 2816 est
1363 2761 1692 2818 saeculorum
1713 2759 2129 2830 praeteritorum

531 2863 590 2912 et
609 2858 960 2920 futurorum;
1001 2852 1170 2908 homo
1191 2866 1322 2904 vero
1353 2853 1680 2918 assumptus
1710 2865 1744 2902 a
1762 2847 1952 2901 Verbo
1983 2863 2048 2900 ex
2065 2863 2132 2901 eo

531 2951 788 3016 tempore
817 2958 914 2996 rex
945 2945 1032 2995 est
1060 2941 1380 2995 futurorum
1403 2955 1469 2994 ex
1502 2953 1612 3007 quo
1642 2941 1966 3006 assumptus
1988 2941 2074 2990 est
2101 2949 2136 2990 a

529 3035 743 3098 Verbo;
776 3047 909 3084 nam
939 3029 1350 3100 praeteritorum
1379 3026 1713 3082 saeculorum
1745 3039 1858 3080 non
1902 3025 2010 3080 fuit
2038 3041 2134 3078 rex
2156 3049 2200 3110 ὓ

531 3122 626 3176 ille
647 3123 818 3177 homo
831 3118 964 3189 quia
988 3134 1100 3171 non
1121 3122 1262 3171 erat.
1295 3117 1411 3171 Soli
1443 3116 1576 3179 Deo,
1605 3115 1661 3169 id
1695 3119 1780 3169 est
1797 3119 2006 3170 sanctae
2017 3114 2136 3168 Tri-

534 3210 702 3264 nitati
727 3209 928 3272 honor,
959 3207 1104 3273 laus,
1124 3205 1402 3274 jubilatio,
1435 3209 1492 3258 et
1522 3203 1706 3272 gloria
1724 3202 1785 3258 in
1815 3202 2006 3257 omnia
2030 3218 2136 3256 sm-

533 3299 663 3353 cula
689 3296 1023 3350 saeculorum
1051 3293 1144 3348 sit.

2189 510 2305 570 tate
2329 506 2458 561 ﬁdei
2485 510 2880 568 remanserunt
2900 505 2985 558 vel
3013 504 3187 558 etiam
3220 499 3526 576 perierunt.

2261 596 2344 651 Ea;
2371 597 2590 667 quibus.
2619 594 2676 650 id
2706 597 2793 647 est
2820 610 2886 648 ex
2917 593 3004 646 his
3025 593 3176 664 quia
3207 591 3440 646 veritate
3459 585 3586 642 fidei
3605 603 3754 642 reces-

2191 689 2404 748 serunt,
2437 688 2510 736 est
2539 684 2860 754 Hymenqu
2889 685 2936 734 et
2957 682 3285 746 Alexander,
3310 694 3442 747 quos
3464 675 3662 728 tradidi
3677 675 3755 732 Sa-

2194 779 2336 840 tanae
2361 779 2423 825 ut
2451 773 2666 824 discant
2697 787 2809 824 non
2832 763 3546 840 blasphemarc.Alexander
3559 763 3753 836 quidem

2192 861 2301 915 fuit
2327 859 2484 914 faber
2513 858 2764 922 aerarius,
2809 859 3038 912 veniens
3092 855 3162 912 ad
3212 856 3380 914 fidem
3433 852 3648 923 Christi,
3677 847 3756 907 sed

2197 955 2392 1020 postea
2420 963 2676 1004 reversus
2704 953 2789 1001 est
2813 947 2882 1002 ad
2913 946 3254 1018 apostasiam
3283 941 3566 1013 suam,qui
3595 944 3758 1012 postea

2195 1043 2320 1092 erat
2349 1036 2498 1107 apud
2529 1037 2778 1090 Athenas
2794 1035 3004 1089 faciens
3024 1035 3171 1088 sedes
3192 1030 3624 1106 Dianaquando
3639 1045 3759 1084 com-

2197 1126 2372 1180 movit
2396 1131 2572 1179 totam
2607 1124 2887 1178 civitatem
2912 1130 3106 1178 contra
3122 1122 3474 1194 Apostolum.
3497 1117 3646 1174 Unde
3663 1118 3759 1187 ipse

2196 1215 2332 1268 dicit
2361 1214 2418 1268 in
2448 1214 2682 1284 epistola
2701 1231 2803 1266 sua
2819 1213 2888 1266 ad
2913 1212 3266 1266 Timotheum
3292 1224 3303 1258 ε
3331 1208 3636 1266 Alexander
3653 1220 3762 1257 ara-

2195 1307 2316 1356 rius
2369 1307 2545 1354 multa
2579 1304 2726 1354 mala
2765 1302 2906 1354 mihi
2933 1301 3165 1354 ostendit
3216 1300 3291 1368 (II
3319 1299 3464 1352 Tim.
3494 1298 3586 1349 ivi.
3617 1291 3752 1347 Multi

2195 1407 2328 1460 ergo
2359 1388 2586 1442 fuerunt
2617 1387 2710 1458 qui
2749 1405 2781 1440 ει
2813 1387 2920 1440 ﬁde
2948 1391 3326 1450 recesserunt,
3361 1401 3428 1437 ex
3459 1380 3648 1452 quibus
3674 1379 3760 1432 fuit

2200 1479 2396 1532 Simon
2427 1493 2642 1544 magus.
2674 1480 2728 1528 et
2751 1474 3110 1544 Hymenaeus,
3131 1481 3300 1543 atque
3319 1469 3761 1537 Alexander,quos

2199 1569 2340 1620 duos
2372 1565 2604 1618 tradidit
2633 1565 2932 1634 Apostolus
2953 1563 3174 1616 diabolo
3192 1564 3260 1616 ad
3291 1559 3591 1614 vexandum
3613 1563 3660 1608 et
3683 1571 3762 1624 pu-

2203 1657 2490 1718 niendum,
2519 1670 2626 1724 quo
2651 1652 2922 1705 suadente
2944 1661 3008 1705 ‘et
3029 1651 3331 1719 instigante
3353 1666 3385 1701 a
3425 1647 3532 1700 ﬁde
3553 1659 3762 1699 recesse-

2140 1735 2182 1793 B
2204 1751 2355 1800 runt.
2387 1751 2443 1796 et
2474 1757 2677 1797 nomen
2731 1739 3130 1812 omnipotentis
3171 1739 3269 1792 Dei
3315 1732 3762 1806 blaspliemabant,

2201 1853 2274 1888 ne
2307 1833 2400 1886 alii
2433 1829 2707 1887 auderent
2735 1827 2996 1884 similiter
3015 1828 3217 1880 facere.
3250 1827 3396 1879 Nam
3417 1829 3582 1883 tantae
3608 1825 3763 1890 potes-

2202 1923 2336 1976 tatis
2359 1925 2480 1973 erat
2527 1918 2851 1988 Apostolus,
2880 1923 3211 1989 tantamque
3256 1912 3500 1984 gratiam
3541 1907 3760 1968 habebat,

2204 2018 2268 2066 ut
2284 2009 2606 2064 recedentes
2629 2022 2664 2059 a
2693 2006 2802 2060 ﬁde
2833 2005 2950 2058 solo
2981 2005 3146 2059 verbo
3184 2003 3439 2056 traderet
3461 1997 3682 2054 diabolo.

2837 2147 3070 2204 CAPUT
3100 2147 3175 2202 II.

2283 2281 2502 2335 Obsecro
2534 2283 2714 2349 igitur
2739 2280 2927 2348 primo
2954 2277 3208 2329 omnium
3236 2275 3364 2340 ﬁeri
3391 2267 3759 2324 obses-ration“.

2206 2372 2500 2435 orationes,
2523 2370 2943 2438 postulationes,
2963 2367 3286 2432 gratiarum
3307 2361 3561 2422 actiones,
3573 2371 3662 2425 pro
3679 2369 3767 2407 om-

2208 2459 2371 2511 nibus
2389 2459 2829 2526 hominibus,pro
2850 2455 3088 2522 regibus,
3106 2458 3152 2505 ct
3177 2451 3434 2504 omnibus
3455 2451 3552 2516 qui
3568 2443 3770 2498 insubli-

2212 2551 2404 2600 mitate
2421 2548 2708 2600 constituti
2727 2545 3093 2599 sunt.Beatus
3111 2539 3414 2612 Apostolus
3428 2535 3660 2604 dirigens
3677 2531 3771 2584 hac

2213 2635 2382 2689 verba
2401 2635 2716 2699 Timotheo,
2753 2633 2811 2686 in
2843 2633 2938 2685 illo
2970 2629 3204 2684 tradidit
3231 2627 3494 2682 omnibus
3539 2617 3772 2694 episcopis

2215 2730 2272 2779 et
2295 2723 2656 2794 presbyteris,
2683 2722 2944 2791 omnique
2975 2717 3234 2773 Ecclesiae
3267 2717 3508 2772 formam
3531 2708 3772 2794 quomodo

2213 2811 2484 2866 deberent
2507 2813 2805 2866 missarum
2828 2809 3100 2864 solemnia
3119 2806 3485 2867 celebrare,et
3506 2791 3599 2872 pro
3621 2798 3775 2852 omni:

2215 2899 2320 2954 bus
2347 2901 2670 2955 hominibus
2700 2916 2897 2966 orare;
2925 2913 3094 2969 quam
3121 2896 3360 2950 formam
3389 2892 3472 2945 vel
3495 2887 3773 2958 exemplum

2219 2990 2402 3044 omnis
2435 2989 2676 3043 Ecclesia
2724 2988 2888 3041 modo
2941 2985 3166 3039 retinet.
3201 2981 3348 3036 Nam
3405 2977 3777 3034 obsecrationes

2219 3086 2351 3132 sunt
2369 3077 2639 3149 quidquid
2653 3073 2983 3150 przeceditin
3007 3073 3304 3127 missarum
3327 3067 3779 3134 solemniis,usqt1e

2219 3168 2290 3221 ad
2319 3168 2478 3222 illum
2507 3169 2690 3220 locum
2710 3165 2806 3219 ubi
2832 3163 3028 3235 incipit
3055 3161 3314 3216 sacerdos
3339 3171 3652 3216 consecrare
3675 3169 3779 3222 my-

2220 3257 2394 3310 steria
2437 3256 2684 3328 corporis
2717 3260 2772 3312 et
2801 3251 3094 3322 sanguinis
3121 3247 3366 3312 Domini,
3416 3246 3692 3316 inquiens:
3717 3241 3779 3295 Te

2219 3345 2414 3417 igitur,
2448 3343 2883 3399 clementissime
2925 3342 3110 3398 Pater,
3163 3337 3476 3412 petimus...
3525 3333 3778 3389 Orationes

608 3422 718 3478 Ποο
739 3423 1092 3490 Ρνιτοερίωην
1133 3415 1390 3488 superius
1429 3417 1659 3506 dif’tums
1697 3415 1830 3506 quia
1876 3417 2138 3506 Christus
2223 3415 2356 3488 sunt
2382 3450 2520 3506 quas
2540 3431 2726 3486 fundit
2753 3427 3014 3484 sacerdos
3043 3426 3101 3480 in
3137 3421 3553 3482 consecratione
3600 3417 3779 3474 Eucha-

537 3514 703 3570 Jesus
739 3509 890 3564 venit
926 3513 1245 3580 peccatores
1267 3507 1448 3560 salvos
1477 3505 1680 3569 facere,
1711 3503 1795 3560 vel
1829 3503 2000 3560 etiam
2036 3505 2128 3560 hoc

2222 3522 2392 3577 ristiae
2409 3539 2580 3593 usque
2599 3519 2669 3574 ad
2692 3519 3020 3574 fractionem
3044 3512 3293 3585 corporis
3307 3509 3550 3575 Domini,
3565 3507 3782 3562 videlicet

538 3604 879 3682 praceptum
897 3598 1208 3650 commendo
1232 3593 1490 3665 tibiquod
1509 3591 1766 3649 dicturus
1785 3599 2021 3662 sum,ﬁti
2051 3597 2143 3650 Ti-
2226 3611 2450 3683 quando
2484 3591 2813 3681 barticulam
2843 3605 3146 3678 quamdam
3191 3603 3454 3657 sacerdos
3493 3601 3548 3658 in
3589 3597 3780 3651 calicem

539 3692 768 3758 τηοίῘιεθν
792 3685 1100 3742 secundum
1123 3685 1501 3757 Pr‘BcedenteS
1531 3683 1590 3737 in
1615 3689 1670 3738 te
1701 3684 2046 3756 Prophetiaso
2081 3689 2146 3738 Ut
2227 3699 2825 3773 ponit.Postulationes
2845 3701 2978 3750 sunt
3007 3693 3425 3748 benedictiones
3459 3683 3776 3762 episcoPaIes.

543 3778 752 3835 milites
765 3776 823 3831 in
840 3776 950 3830 illis
969 3775 1175 3829 bonam
1194 3773 1448 3827 militiam
1461 3773 1810 3844 .Prophetias
1833 3773 2146 3844 przeceden-
2230 3807 2369 3862 quas
2387 3788 2522 3843 dicit
2541 3788 2834 3859 episcopus
2857 3801 3026 3855 super
3044 3781 3600 3855 ροριιιυηιάηνοεεηε
3613 3785 3780 3829 nomen

543 3869 630 3939 tes
660 3863 906 3941 appellat
924 3863 1359 3934 intelligentiam
1391 3863 1816 3949 Prophetarum,
1859 3879 2026 3933 quam
2049 3861 2145 3914 ha‘
2227 3861 2329 3934 Dei
2351 3895 2518 3949 super
2538 3877 2718 3938 illum,
2749 3875 2896 3946 quod
2936 3879 3176 3926 tractum
3201 3874 3286 3924 est
3314 3887 3378 3923 ex
3413 3865 3595 3920 Veteri
3621 3863 3783 3917 Testa-

544 3955 716 4012 bebat
739 3953 1067 4012 TimOtheus
1087 3959 1391 4024 antequam
1413 3947 1706 4004 ordinatus
1737 3956 1884 4005 esset
1930 3950 2146 4023 ePiSCO“
2227 3947 2437 4024 mento:
2465 3967 2572 4020 Per
2601 3966 2830 4036 Moysen
2859 3979 3103 4032 namque
3134 3959 3274 4014 dixit
3295 3947 3784 4012 Dominussacerdo-

543 4063 682 4129 Pus:
713 4043 1078 4106 Commendo,
1113 4041 1316 4113 inquit.
1340 4039 1444 4094 tibi
1488 4037 1592 4094 hoc
1620 4046 1978 4112 Praeceptum:
2013 4038 2146 4094 SUb'
2228 4057 2407 4112 tibus:
2437 4054 2770 4110 Invocabitis
2801 4069 3000 4106 nomen
3028 4066 3210 4104 meum
3237 4063 3403 4115 super
3415 4049 3557 4113 ﬁlios
3580 4039 3778 4096 lsraelet

545 4133 710 4192 ευδίε
733 4132 1160 4204 intelligentiam
1192 4131 1614 4204 Prophetarum,
1642 4146 1764 4201 quae
1782 4129 2066 4201 ΡΥθθοθδδίί
2087 4129 2146 4182 in
2228 4163 2320 4215 ego
2347 4145 2658 4198 benedicam
2687 4145 2762 4196 eis
2788 4137 3412 4210 tNum.vx).Gratiarum
3436 4133 3671 4188 actiones
3683 4130 3785 4182 sunt

550 4223 610 4280 te
638 4228 940 4300 antequam
967 4221 1262 4294 episcopus
1293 4217 1584 4271 ordinatus
1614 4235 1649 4272 ³
1684 4235 1792 4282 τηεν
1824 4230 1889 4272 ιη
1913 4219 2142 4283 milites,
2228 4233 2423 4288 laudes
2459 4249 2598 4304 quas
2619 4229 3028 4284 communicato
3083 4226 3288 4298 populo
3341 4223 3518 4281 refert
3568 4216 3784 4279 sacerdos

549 4308 610 4367 id
641 4315 726 4365 est
749 4316 930 4367 certes
957 4308 1015 4360 in
1042 4305 1151 4366 illis
1179 4305 1487 4378 prophetiis
1531 4305 1736 4360 bonam
1779 4307 2054 4369 militiam,
2088 4306 2142 4360 id
2228 4319 2344 4376 Deo
2367 4321 2540 4384 patri,
2565 4319 2660 4391 qui
2695 4319 2959 4390 dignatus
3010 4319 3097 4370 est
3145 4313 3416 4388 mysteria
3473 4305 3704 4382 corporis
3742 4305 3786 4355 et

539 4401 638 4456 ἐδδ
661 4411 930 4482 Pugnat“,
954 4391 1200 4460 docendo
1237 4397 1294 4447 te
1320 4391 1543 4482 θξθιίοε
1573 4393 1722 4465 (ἰυοά
1751 4393 2020 4466 Pm’dicas
2050 4409 2145 4449 ore
2162 4407 2209 4465 D
2231 4411 2520 4482 sanguinis
2549 4409 2674 4463 Filii
2699 4408 2784 4462 sui
2816 4407 2950 4460 dare
2971 4405 3050 4458 eis
3072 4405 3140 4458 ad
3164 4405 3404 4456 salutem
3423 4407 3482 4455 et
3496 4393 3786 4466 redemptio-

549 4481 891 4559 Ρθΐθθίθηάο
917 4499 1270 4556 οΡθΓθῖηθεηῙ
1291 4477 1495 4536 militia
1517 4483 1724 4537 dieitur
1751 4483 2151 4554 Pugnaretmi"
2233 4477 2384 4556 nem.
2419 4499 2486 4552 Et
2516 4516 2586 4550 ne
2638 4497 2780 4551 forte
2825 4494 3041 4548 diceret
3091 4491 3328 4564 aliquis:
3383 4491 3511 4546 Non
3561 4481 3785 4540 debeam!

556 4575 640 4636 les
659 4578 941 4649 pugnator
946 4615 959 4628 ο
2235 4605 2397 4643 orare
2414 4604 2514 4658 pro
2536 4585 2762 4656 regibus
2783 4583 3100 4638 inﬁdelibus
3118 4587 3174 4635 et
3184 4579 3468 4652 judicibus
3489 4594 3553 4631 ac
3572 4571 3784 4629 ducibus,

625 4681 840 4746 Haben:
858 4683 1040 4750 ﬁdem,
1063 4680 1330 4738 subaudis
1344 4686 1638 4744 rectam,et
1657 4684 2048 4734 conscientiam
2070 4683 2154 4736 bo-
2235 4677 2365 4748 quia
2395 4675 2598 4747 pagani
2627 4680 2777 4739 sunt,
2813 4671 3071 4744 prmcepit
3101 4669 3400 4742 Apostolus
3437 4683 3538 4743 pro
3571 4659 3787 4718 omnibus

554 4787 715 4842 nam,
749 4771 806 4833 id
833 4776 921 4826 est
943 4767 1149 4826 bonam
1173 4787 1350 4841 spem,
1375 4787 1498 4842 qua:
1531 4768 1863 4838 intelligitur
1892 4786 1990 4839 per
2016 4786 2152 4824 con-

555 4859 1025 4924 scientiam,sicut
1046 4858 1212 4930 paulo
1228 4859 1486 4930 superius
1508 4857 1993 4930 praediximusllle
2018 4874 2150 4928 ergo

551 4949 725 5016 habet
750 4948 954 5006 bonam
984 4964 1141 5018 spem
1174 4947 1268 5018 qui
1298 4947 1436 5002 talia
1469 4963 1642 5016 opera
1671 4946 1790 5016 agit
1817 4963 1916 5016 pro
1947 4945 2151 5017 quibus

557 5041 750 5108 sperat
775 5053 834 5090 se
861 5037 1092 5106 praemia
1111 5043 1320 5090 aeterna
1348 5042 1766 5106 percepturum.
1802 5036 1999 5102 Quam,
2025 5035 2152 5089 sub-

561 5124 725 5190 audis
737 5124 904 5181 ﬁdem
927 5124 1010 5178 vel
1029 5141 1206 5195 spem,
1230 5127 1542 5194 repellentes
1556 5125 1806 5192 quidam,
1824 5127 1970 5178 circa
1991 5125 2153 5192 ﬁdem

562 5213 1069 5280 naufragaverunt.
1100 5212 1469 5282 Naufragium
1501 5213 1708 5268 dicitur
1749 5212 1906 5266 navis
1943 5213 2149 5279 fracta;

561 5304 620 5370 et
643 5299 788 5357 sicut
813 5299 907 5358 ille
928 5299 1228 5354 nudatura
1267 5297 1584 5354 substantia
1637 5317 1739 5356 sua
1779 5317 1946 5373 quam
1990 5297 2155 5354 habe-

556 5387 656 5454 bat
678 5387 738 5443 in
765 5386 891 5442 navi
921 5387 1016 5458 qui
1046 5388 1402 5457 naufragium
1440 5390 1674 5460 patitur,
1708 5396 1764 5444 et
1787 5389 2154 5460 insuperipse

555 5476 722 5552 perit,
749 5477 830 5537 ita
847 5477 943 5548 qui
969 5477 1251 5547 repellunt
1275 5477 1440 5532 fidem
1473 5479 1760 5534 nudantur
1788 5497 1822 5533 a
1838 5479 2070 5532 veritate
2093 5479 2154 5538 fi-

556 5567 666 5635 dei,
701 5571 758 5622 et
808 5570 1050 5638 pereunt
1093 5566 1325 5638 insuper
1370 5572 1583 5621 aeterna
1629 5567 1964 5638 perditione.
1988 5565 2150 5622 Circa

2232 4765 2555 4819 hominibus
2580 4779 2760 4829 orare,
2787 4761 2982 4814 eodem
3017 4759 3228 4830 Spiritu
3257 4761 3450 4812 sancto
3471 4755 3786 4816 amatus,qu0

2235 4860 2290 4909 et
2317 4853 2589 4908 Jeremias
2627 4851 2918 4922 propheta,
2971 4847 3067 4918 qui
3108 4846 3259 4900 misit
3291 4845 3584 4918 epistolam
3620 4834 3787 4894 Judaei!

2234 4943 2329 5014 qui
2353 4947 2515 4996 erant
2543 4942 2601 4994 in
2625 4940 2907 5010 Babylone
2935 4943 2999 4992 ut
3029 4940 3256 4991 orarent
3282 4951 3380 5006 pro
3411 4933 3524 4986 vita
3546 4930 3676 5000 regis
3693 4925 3784 5014 Na-

2234 5011 2661 5086 buchodonosor
2682 5031 3040 5100 ﬁliorumque
3070 5028 3278 5097 ejus,et
3316 5040 3418 5096 pro
3430 5038 3564 5094 pace
3591 5011 3789 5072 civitatis

2236 5123 2307 5176 ad
2332 5137 2499 5192 quam
2522 5118 2673 5174 ducti
2699 5123 2862 5174 erant
2916 5115 3140 5188 captivi,
3164 5113 3426 5184 inquiens
3478 5112 3599 5176 (λεν.
3627 5105 3782 5192 χχιιὶ)

2237 5188 2370 5266 Ideo
2402 5209 2618 5264 debetis
2647 5224 2808 5262 orare
2841 5224 2938 5278 pro
2971 5206 3074 5268 eis,
3097 5203 3227 5275 quia
3253 5202 3309 5254 in
3332 5218 3469 5271 pace
3483 5199 3687 5252 illorum
3702 5188 3789 5243 erit

2238 5316 2344 5371 pax
2383 5303 2592 5352 vestra.
2632 5296 2904 5350 Similiter
2952 5301 3010 5348 et
3073 5291 3376 5362 Apostolus
3407 5287 3584 5342 reddit

2237 5362 2411 5458 quare
2441 5386 2576 5440 talia
2609 5385 2915 5456 praecipiat:
2955 5383 3015 5436 Ut
3035 5383 3404 5449 tranquillam
3435 5383 3480 5430 et
3504 5362 3788 5458 quietam,id

2235 5483 2321 5531 est
2347 5475 2843 5546 paciﬁcam,m'tam
2867 5487 3100 5539 agamus
3125 5473 3183 5522 in
3209 5471 3365 5521 omni
3370 5470 3568 5536 pietate
3589 5466 3632 5514 et
3658 5453 3788 5546 casti?

2235 5539 2368 5622 tate:
2406 5565 2593 5618 Pietas
2625 5568 2710 5616 est
2737 5561 2920 5617 cultus
2950 5565 3008 5615 et
3034 5559 3232 5629 religio
3275 5547 3660 5628 omnipotentis
3683 5539 3784 5601 Dei.

3920 4191 3921 4254 ᾖ
