3852 6154
189 222 276 283 789

827 214 1210 273 ΕΧΡΟΒΙΤῙΟ
1238 219 1318 273 ΙΝ
1350 216 1504 273 ΕΡΡ.
1543 217 1598 273 8.
1632 216 1728 272 PA

1834 218 1869 275 l.
1904 247 1968 259 -
1998 215 2078 274 IN
2106 214 2329 273 EPIS’I‘.
2362 214 2392 271 Ι
2430 214 2528 272 AD
2552 210 2702 271 TIM.

3299 207 3410 268 τω

183 351 297 408 Ideo
319 325 441 417 ergo
463 344 731 399 orandum
762 349 847 398 est
873 344 1047 398 servis
1078 346 1175 400 Dei
1214 345 1315 416 pro
1352 346 1501 414 regis
1531 346 1645 398 vita
1673 342 2103 404 etATrinitatis
2149 331 2357 410 venire,
2393 360 2516 414 quae
2563 346 2651 397 est
2685 350 2908 396 summa
2936 342 2995 395 et
3021 336 3416 395 substantialil

183 455 297 513 pace
319 434 480 506 regni,
500 439 561 487 ut
588 433 694 502 ipsi
718 433 948 487 liberius
974 436 1190 505 possint
1210 435 1382 489 dediti
1415 451 1533 487 esse
1555 434 1730 488 cultui

181 536 227 583 et
243 524 474 595 religioni
502 521 615 585 Dei,
650 522 783 592 quia
802 524 1130 593 plerumque
1151 524 1282 577 dum
1313 524 1501 575 hostes
1533 523 1732 590 fugant

180 631 339 675 servos
367 610 455 667 Dei
482 626 515 663 a
542 610 784 679 pmpriis
812 610 1057 671 sedibus.
1082 617 1139 665 et
1166 611 1473 665 desmviunt
1503 610 1647 664 bella
1673 616 1730 663 et

179 703 443 767 seditiones
458 716 552 769 per
570 714 769 768 regna,
788 716 897 753 non
919 706 1155 768 possunt
1173 701 1230 754 in
1252 701 1475 753 cultura
1488 700 1585 753 Dei
1608 715 1728 752 esse

179 790 351 847 intenti
375 804 467 858 per
483 787 669 841 omnia
698 787 843 841 sicut
867 792 1119 857 tempore
1148 789 1315 857 pacis.
1341 789 1527 842 Pietas
1555 788 1727 841 etiam

180 887 253 934 est
268 876 628 931 misericordia
653 893 819 947 quam
842 876 1109 930 debemus
1130 878 1205 930 im
1214 877 1455 947 pendere
1472 878 1729 947 pauperi-

175 968 262 1033 bus
283 974 334 1023 et
360 964 749 1033 indigentibus.
784 965 841 1025 Si
873 980 1006 1033 ergo
1034 966 1425 1034 depraedamur
1453 965 1523 1020 ab
1552 966 1727 1020 hosti-

177 1056 280 1117 bus,
320 1070 423 1117 non
469 1069 768 1123 possumus
817 1069 958 1123 opus
1004 1054 1401 1111 misrricordim
1449 1071 1727 1120 exercere,

179 1145 288 1216 quia
309 1159 409 1199 non
433 1142 577 1201 valet
600 1142 1042 1201 misericordiam
1067 1143 1392 1212 impendere
1420 1144 1606 1209 alteri,
1634 1143 1727 1213 qui

175 1250 268 1297 non
310 1231 464 1287 habet
506 1231 656 1291 unde
696 1230 976 1289 miseriam
1027 1248 1188 1289 suam
1238 1233 1319 1289 vel
1365 1232 1729 1300 semetipsum

173 1326 427 1381 sustentet.
459 1319 565 1375 Sed
594 1326 656 1374 ut
683 1319 989 1375 habeamus
1008 1321 1157 1375 unde
1177 1321 1593 1391 eleemosynam
1623 1321 1728 1381 tri-

175 1410 399 1473 buamus,
419 1409 694 1467 orandum
723 1415 810 1463 est
838 1426 939 1478 pro
971 1409 1082 1465 vita
1108 1409 1256 1478 regis
1290 1426 1355 1465 ac
1396 1410 1727 1479 principum,

175 1503 219 1551 et
243 1514 330 1568 pro
357 1513 483 1567 pace
512 1497 698 1565 regni,
728 1503 783 1549 et
810 1503 876 1550 ut
903 1513 1137 1567 agamus
1168 1498 1337 1553 vitam
1368 1504 1640 1561 nostram,
1674 1499 1731 1554 id

1812 434 2037 489 veritas.

1889 522 2035 575 Unus
2056 526 2205 576 enim
2226 525 2388 588 Deus,
2411 522 2599 581 Pater.
2625 525 2683 575 et
2706 520 2897 583 Filius,
2926 517 3409 595 ac‘Spirituspan-

1810 614 1953 674 etus,
1976 627 2124 663 unus
2149 613 2423 664 mediator
2442 611 2541 665 Dei
2567 615 2617 663 et
2646 610 2936 663 hominum
2969 610 3129 661 homo
3156 607 3411 661 Christus

1808 697 1979 750 Jesus.
2001 696 2271 751 Dominus
2295 698 2463 752 Jesus
2492 699 2549 751 in
2580 713 2693 751 una
2722 708 2961 777 persona
2981 710 3144 749 verus
3176 694 3325 748 Deus
3351 694 3409 747 et

1810 786 1973 838 verus
2002 786 2170 839 homo
2200 792 2285 840 est
2310 805 2322 852 ;
2358 786 2404 840 si
2437 786 2789 839 solummodo
2814 786 2961 838 Deus
2990 788 3155 845 esset,
3179 798 3291 836 non
3312 796 3411 852 pec

1810 878 1957 927 terat
1985 891 2104 927 esse
2133 874 2409 927 mediator
2435 880 2627 927 noster
2652 887 2666 921 :
2698 873 2829 943 quia
2852 872 2972 943 ipse
3002 871 3061 925 in
3090 876 3292 924 natura
3316 867 3409 924 Di-

1807 960 2076 1026 vlnitatis,
2092 962 2257 1016 unius
2275 963 2601 1016 substantiae
2624 967 2710 1015 est
2730 946 2856 1015 cum
2882 961 3063 1014 Patre.
3086 959 3343 1022 Econtra,
3358 957 3407 1011 si

1811 1051 2161 1104 solummodo
2178 1051 2347 1103 homo
2370 1066 2545 1120 purus
2564 1053 2730 1112 esset,
2753 1062 3106 1119 nequaquam
3129 1047 3408 1125 mediator

1811 1145 1959 1191 esset
1984 1139 2133 1191 inter
2150 1155 2253 1191 nos
2280 1144 2337 1192 et
2360 1139 2535 1191 Deum
2560 1138 2806 1201 Patrem,
2832 1138 2962 1207 quia
2982 1141 3241 1209 peccator
3258 1136 3408 1209 esset

1812 1232 1869 1279 et
1892 1226 2091 1279 similis
2107 1226 2267 1279 nobis
2293 1226 2571 1279 omnibus.
2595 1226 2821 1295 Accepit
2843 1242 2974 1294 ergo
2992 1223 3405 1299 humanitatem

1813 1320 2063 1369 nostram
2088 1315 2181 1384 qui
2205 1316 2352 1368 Deus
2375 1319 2495 1367 erat
2522 1330 2534 1365 :
2559 1319 2616 1366 et
2635 1328 2737 1383 per
2758 1314 2863 1366 hoc
2888 1313 3020 1382 quia
3038 1312 3159 1366 sine
3179 1298 3406 1382 peccato

1813 1410 2133 1473 conceptus,
2157 1408 2346 1471 natus,
2368 1407 2425 1456 et
2458 1404 2818 1456 conversatus
2845 1405 2949 1465 est,
2983 1400 3132 1477 Deus
3158 1388 3322 1471 verus
3352 1402 3411 1453 et

1813 1492 1981 1545 homo
2002 1493 2260 1554 existens,
2281 1492 2610 1545 innocenter
2628 1507 2727 1562 pro
2747 1488 2906 1544 nobis
2927 1496 3202 1551 mortuus,
3224 1488 3407 1563 factus

175 1593 244 1647 est
278 1586 532 1641 ducamus
577 1585 637 1639 in
679 1586 832 1639 omni
867 1586 1124 1640 castitate
1157 1586 1424 1656 corporis.
1456 1588 1782 1657 Tempore_
1813 1586 1899 1633 est
1927 1580 2201 1632 mediator
2232 1586 2438 1643 noster,
2472 1579 2603 1657 (lilia
2634 1592 2799 1632 nemo
2826 1583 2915 1632 est
2943 1578 3095 1631 De“!
3119 1582 3177 1630 et
3196 1574 3403 1642 homo.

172 1675 299 1745 pacis
333 1680 612 1744 utcunque
642 1679 699 1726 et
726 1690 853 1728 cum
897 1674 1132 1731 minima
1160 1674 1490 1733 difﬁcultate
1518 1650 1728 1736 servari
1746 1650 1916 1720 Bnisi
1945 1668 2063 1738 ipse
2091 1668 2262 1731 solus,
2296 1684 2428 1721 nam
2462 1653 2738 1743 mediator
2776 1682 2889 1720 non
2932 1670 3121 1738 potest
3147 1678 3268 1718 esse
3294 1662 3408 1741 nisi

170 1768 325 1837 potest
351 1762 595 1821 castitas,
621 1763 844 1833 quando
874 1780 1003 1817 vero
1036 1763 1391 1833 depraedatur
1427 1780 1661 1833 regnum
1695 1781 1729 1819 a

168 1851 481 1921 pradonibus
512 1856 575 1904 et
601 1851 875 1917 hostibus,
906 1868 1260 1921 nequaquam
1282 1857 1468 1921 potest
1494 1853 1723 1918 servari,

169 1940 277 2009 quia
317 1938 536 1994 Domini
569 1939 665 2011 qui
712 1940 1015 2009 depraedati
1044 1947 1178 1994 sunt
1206 1940 1470 2009 captivos,
1506 1942 1729 2010 explent

169 2028 470 2083 voluntatem
495 2044 661 2085 suam
693 2034 749 2081 et
776 2028 1194 2084 immunditiam
1222 2046 1348 2087 cum
1371 2029 1450 2085 eis
1482 2036 1543 2085 ut
1570 2030 1726 2093 libet,

166 2132 248 2168 nec
275 2118 444 2173 valent
492 2116 779 2179 resistere.
826 2118 1178 2197 Quapropter
1206 2118 1481 2177 orandum
1513 2124 1599 2179 est
1626 2135 1727 2189 pro

165 2205 316 2265 salute
340 2210 390 2257 et
418 2205 531 2257 vita
556 2206 799 2261 fidelium
822 2223 1017 2275 regum
1043 2213 1098 2259 et
1120 2206 1454 2277 principum,
1482 2213 1544 2260 ut
1563 2207 1727 2276 longo

164 2298 379 2363 tempore
407 2294 741 2357 conservati,
776 2311 966 2365 pacem
1000 2294 1245 2353 habeant
1284 2301 1339 2350 et
1384 2313 1639 2365 regnum,
1673 2302 1729 2351 et

164 2382 316 2449 magis
335 2398 393 2434 ac
419 2382 605 2449 magis
626 2383 921 2452 proﬁciant
950 2382 1006 2443 in
1036 2383 1253 2437 melius.
1288 2385 1395 2441 Pro
1414 2384 1727 2439 infelicibus

163 2485 350 2539 quoque
378 2471 657 2524 orandum
687 2478 793 2539 est,
820 2478 884 2524 ut
912 2472 1245 2543 resipiscant
1273 2472 1342 2525 ab
1372 2473 1722 2540 infidelitate,

165 2561 211 2608 et
231 2564 500 2612 transeant
527 2559 603 2611 ad
637 2559 823 2623 ﬁdem.
1036 2562 1037 2565 “

220 2721 315 2773 Hoc
335 2724 477 2775 enim
511 2722 720 2775 bonum
749 2728 826 2775 est
854 2737 1042 2775 coram
1068 2724 1352 2778 Saluatore
1382 2728 1566 2776 nostro
1602 2725 1721 2784 Deo,

165 2807 396 2863 subaudis
415 2817 478 2864 ut
496 2827 602 2880 pro
626 2810 883 2864 omnibus
904 2811 1225 2864 hominibus
1241 2828 1484 2877 oremus,
1501 2814 1729 2879 quivult

165 2912 318 2951 mune:
338 2899 581 2951 homines
596 2903 773 2952 salvos
793 2902 936 2966 ﬁeri,
962 2906 1007 2952 et
1035 2902 1108 2953 ad
1120 2902 1460 2966 agnitionem
1482 2903 1728 2953 veritatis

1810 1751 1957 1808 inter
1996 1756 2137 1809 duas
2184 1761 2389 1826 partes.
2426 1757 2523 1809 Est
2552 1742 2741 1831 autem
2773 1754 3049 1808 mediator
3090 1753 3273 1807 malus
3307 1746 3406 1829 qui

1808 1850 2042 1913 generat
2069 1844 2377 1898 discordias
2405 1845 2558 1898 inter
2573 1844 2740 1910 duos;
2772 1843 2952 1917 bonus
2974 1856 3101 1896 vero
3127 1834 3407 1896 mediator

1808 1937 2041 2002 generat
2084 1939 2140 1985 et
2179 1938 2440 2002 procurat
2492 1948 2708 2003 pacem,
2756 1931 2902 1986 sicut
2931 1929 3203 1985 Dominus
3241 1929 3405 2003 lesus

1810 2020 1957 2072 inter
1986 2036 2085 2073 nos
2111 2026 2167 2073 et
2192 2021 2369 2074 Deum
2402 2022 2648 2075 Patrem.

1882 2109 1986 2173 Qui
2023 2110 2168 2160 dedit
2218 2112 2639 2177 redemptionem
2684 2122 2787 2176 pro
2823 2108 3097 2173 omnibus,
3138 2104 3407 2179 subaudis

1810 2196 2018 2249 electis.
2040 2197 2221 2259 Quam
2242 2196 2717 2267 redemptionem?
2737 2198 3101 2262 semetipsum.
3124 2193 3232 2269 Qui
3252 2193 3410 2249 dedit

1810 2286 1979 2338 etiam
2001 2288 2316 2339 testimonia
2325 2302 2395 2343 m,
2410 2286 2677 2339 subaudis
2692 2284 3116 2339 resurrectionis
3133 2289 3337 2357 nostrae
3352 2286 3412 2338 et

1810 2374 2153 2428 ascensionis
2181 2374 2250 2428 ad
2287 2374 2694 2428 beatitudinem
2740 2378 3029 2436 aeternam,
3062 2370 3410 2444 temporibus

1810 2463 1949 2529 suis,
1989 2464 2042 2515 id
2073 2468 2158 2515 est
2202 2467 2458 2533 tempore
2490 2478 2599 2533 quo
2633 2462 2935 2516 resurrexit
2965 2466 3022 2515 et
3057 2458 3309 2535 ascendit
3338 2456 3409 2535 ad

1809 2552 2421 2605 caelosTestimonium
2450 2551 2877 2605 resurrectionis
2897 2549 3070 2613 dedit,
3100 2549 3233 2619 quia
3263 2548 3409 2623 sicut

1808 2639 1928 2709 ipse
1967 2646 2220 2693 mortuus
2266 2645 2370 2703 est,
2416 2645 2474 2693 et
2520 2640 2690 2693 tertia
2731 2639 2822 2692 die
2868 2636 3190 2702 resurrexit,
3238 2641 3411 2713 atque

1809 2727 2165 2797 postmodum
2191 2727 2262 2780 ad
2286 2728 2453 2781 caelos
2474 2727 2744 2793 ascendit,
2779 2727 2861 2780 ita
2884 2741 2986 2779 nos
3010 2723 3288 2779 credimus
3314 2720 3407 2778 re-

1811 2832 2041 2885 surgere
2079 2816 2137 2868 in
2193 2815 2283 2869 die
2333 2817 2552 2885 judicii,
2592 2822 2761 2893 atque
2799 2814 2870 2868 ad
2918 2813 3129 2883 gaudia
3165 2812 3406 2866 ccelestis

1812 2905 1968 2973 regni
1998 2905 2259 2969 transire,
2291 2905 2435 2957 sicut
2463 2902 2581 2974 ipse
2609 2903 2885 2974 promisit.

163 2988 476 3041 cenire.Cum
492 2988 800 3041 Psalmista
814 2988 981 3041 dicat:
1004 2989 1201 3042 Omnia
1215 3004 1546 3057 quacunque
1560 2991 1729 3042 voluit
1751 3003 1794 3063 ρ
1884 2995 1951 3046 In
1995 3009 2103 3061 quo
2139 2993 2484 3055 testimonio,
2516 2993 2572 3045 id
2613 2997 2700 3045 est
2740 2992 2799 3044 in
2828 3006 2929 3062 spe
2953 2989 3405 3057 resurrectionis,

159 3071 394 3129 Dominus
433 3079 560 3143 fecit
591 3078 764 3130 (Paul.
792 3082 940 3142 cxiii)
968 3095 981 3143 ;
1013 3084 1070 3130 et
1098 3078 1401 3146 Apostolus
1435 3094 1446 3130 :
1476 3078 1581 3141 Qui
1612 3079 1727 3131 vult
1803 3084 2018 3149 positus
2042 3094 2166 3135 sum
2195 3098 2289 3149 ego
2312 3082 2659 3150 praedicator,
2689 3083 2756 3134 ut
2772 3072 2928 3137 illam
2957 3079 3312 3137 annuntiem.

160 3172 324 3217 omnes
352 3164 610 3218 homines
658 3165 839 3218 salvos
869 3165 1010 3231 ﬁeri,
1043 3166 1404 3235 quaerendum
1442 3172 1528 3219 est
1554 3182 1728 3236 quare

158 3266 324 3305 omnes
345 3253 605 3307 homines
630 3270 740 3307 non
772 3254 1091 3307 solventur?
1120 3255 1203 3306 Ad
1227 3254 1373 3324 quod
1406 3255 1723 3319 dicendum,

162 3338 269 3407 quia
280 3356 463 3395 verum
486 3347 575 3395 est
592 3342 739 3411 quod
756 3342 1057 3403 Psalmista
1074 3342 1224 3398 dicit.
1237 3342 1375 3408 Quia
1400 3344 1508 3409 ipse
1519 3345 1661 3395 dixit
1680 3349 1730 3395 et

158 3427 281 3492 facta
325 3435 453 3483 sunt
482 3433 660 3501 (Psat.
709 3435 903 3493 xxxu),
947 3430 1207 3491 similiter
1242 3447 1438 3487 omnes
1474 3431 1729 3485 homines

160 3516 255 3568 vult
270 3518 473 3572 salvere
499 3520 602 3589 qui
624 3521 931 3578 salvantur.
956 3526 1011 3572 et
1040 3520 1133 3588 qui
1167 3537 1268 3589 per
1288 3520 1728 3575 misericordiam

158 3612 383 3671 quaerunt
405 3608 638 3660 salvari.
654 3609 856 3661 Totum
878 3608 1025 3661 enim
1051 3625 1150 3679 pro
1182 3615 1341 3679 parte
1362 3611 1548 3680 posuit
1572 3611 1617 3663 Α
1629 3627 1729 3679 po-

157 3692 326 3757 stolus,
346 3696 488 3755 sicut
517 3703 576 3750 et
604 3696 664 3749 in
694 3698 1012 3765 Evangelio,
1044 3697 1138 3750 ubi
1164 3697 1296 3751 dicit
1329 3698 1600 3752 Dominus
1625 3717 1636 3751 :
1671 3699 1728 3752 Si

156 3784 395 3836 uallatus
424 3786 591 3851 fuero
616 3800 650 3837 a
683 3791 852 3849 terra,
871 3789 1060 3839 omnia
1087 3788 1302 3840 traham
1333 3790 1405 3841 ad
1436 3804 1517 3840 me
1548 3791 1722 3858 (Joan.

156 3872 258 3935 In).
274 3871 389 3925 Non
403 3874 554 3928 enim
570 3890 770 3927 omnes
783 3875 1039 3927 homines
1055 3875 1243 3934 traxit,
1264 3882 1363 3929 aut
1373 3876 1546 3930 trahit
1559 3876 1627 3928 ad
1645 3892 1723 3939 se,

157 3957 236 4010 sed
254 3962 453 4020 omnia.
474 3963 750 4017 subaudis
770 3965 965 4027 electa,
985 3969 1042 4017 et
1061 3979 1127 4017 ex
1147 3964 1406 4018 omnibus
1428 3964 1729 4033 generibus

155 4050 204 4097 et
216 4050 478 4116 gentibus,
503 4057 562 4104 et
591 4067 660 4104 ex
680 4052 831 4105 omni
860 4064 1001 4105 sexu
1027 4060 1084 4105 et
1112 4053 1426 4105 conditione
1449 4069 1482 4105 a
1504 4052 1729 4121 regibus

156 4148 305 4204 usque
346 4139 415 4192 ad
443 4140 795 4204 mendicum,
828 4158 863 4194 a
898 4141 1157 4211 perfectis
1187 4158 1364 4211 usque
1393 4142 1461 4194 ad
1492 4158 1728 4212 puerum

155 4224 227 4276 vel
247 4225 508 4282 infantem
538 4229 713 4283 unius
738 4229 868 4283 diei.
893 4231 1071 4284 Nemo
1098 4237 1289 4285 tamen
1318 4237 1502 4301 potest
1526 4232 1728 4285 salvari

155 4311 245 4367 nisi
270 4332 427 4385 quem
450 4318 733 4372 Dominus
764 4319 903 4380 vult,
930 4320 1061 4388 quia
1081 4306 1198 4389 ipse
1220 4321 1381 4388 cujus
1410 4322 1528 4374 vult
1554 4321 1729 4374 mise—

155 4408 288 4456 retur
308 4408 473 4469 (Rom.
497 4414 600 4475 Ix).
623 4407 683 4462 Si
701 4408 846 4460 enim
870 4424 1065 4461 omnes
1088 4408 1339 4462 homines
1360 4410 1416 4461 in
1429 4426 1531 4462 sua
1551 4410 1731 4479 perdi-

155 4488 284 4545 tione
305 4497 664 4551 mansissent.
692 4505 905 4549 rectum
931 4497 1029 4550 Dei
1050 4498 1323 4567 judicium
1348 4505 1521 4564 esset;
1551 4501 1647 4552 sed
1671 4505 1732 4552 ut

155 4579 256 4647 ejus
274 4584 661 4638 misericordia
682 4592 738 4637 et
759 4586 1007 4655 potentia
1027 4587 1435 4647 ostenderetur,
1462 4588 1591 4656 quia
1612 4588 1729 4657 ipse

153 4676 325 4736 potens
352 4680 437 4727 est
468 4691 672 4731 omnes
700 4675 956 4728 homines
988 4676 1221 4733 salvere,
1270 4676 1325 4728 in
1367 4676 1477 4728 illis
1507 4677 1602 4746 qui
1633 4694 1730 4746 pe-

155 4766 298 4812 reunt
324 4764 574 4816 ostendit
605 4780 771 4819 suum
799 4770 1013 4817 rectum
1036 4765 1311 4834 judicium
1345 4772 1399 4818 et
1429 4766 1483 4823 in
1517 4766 1599 4822 his
1634 4768 1730 4835 qui

84 4904 93 4913 ,
153 4845 414 4903 salvantur
440 4868 610 4905 suam
638 4853 1102 4909 misericordiam.
1144 4854 1420 4907 Prtevenit
1449 4855 1598 4907 enim
1634 4871 1732 4907 nos

153 4935 258 5002 eius
275 4942 454 5008 gratia
483 4948 551 4996 ut
582 4942 836 5007 velimus,
863 4943 1026 4997 debet
1048 4950 1240 4996 nostra
1261 4944 1516 4998 voluntas
1537 4944 1731 4995 volun-

153 5024 243 5077 tati
292 5028 439 5083 illius
490 5032 858 5101 concordare,
899 5038 955 5085 et
1004 5039 1141 5086 tunc
1179 5032 1297 5102 ipse
1335 5033 1491 5085 dabit
1547 5044 1729 5101 pesse,

156 5118 302 5183 atque
325 5136 388 5171 ex
412 5120 518 5175 hoc
537 5120 691 5190 quod
721 5121 842 5188 ejus
873 5122 1143 5173 voluntati
1169 5122 1461 5191 jungimus
1483 5128 1732 5174 nostram

156 5202 494 5274 voluntatem,
540 5210 698 5279 digni
756 5226 952 5263 sumus
1009 5211 1478 5263 remuneratione.
1521 5212 1732 5264 Tamen

154 5295 316 5350 totum
332 5296 482 5351 illius
510 5298 711 5368 gratiae
737 5304 822 5352 est
852 5298 1272 5352 retribuendum
1300 5301 1571 5369 quidquid
1604 5300 1731 5357 boni

157 5381 373 5447 agimus.
396 5383 506 5450 Qui
524 5386 664 5453 vult,
678 5387 879 5456 inquit,
899 5404 1092 5441 omnes
1113 5388 1371 5445 homines
1391 5389 1571 5440 salvos
1593 5389 1736 5454 ﬁeri,

156 5467 401 5528 subaudis
439 5475 540 5544 qui
590 5477 898 5544 salvantur,
930 5484 988 5531 et
1024 5478 1097 5531 ad
1143 5477 1488 5546 agnitionem
1530 5483 1737 5531 sanetae

1896 3172 2012 3224 Volo
2041 3186 2167 3237 ergo
2195 3173 2342 3223 viros
2381 3183 2543 3222 orare
2571 3173 2635 3227 in
2665 3172 2820 3229 omni
2850 3172 2977 3227 loco.
3020 3169 3078 3223 Si
3107 3167 3412 3239 Apostolus

1809 3259 1948 3315 vult.
1972 3259 2122 3311 Deus
2142 3258 2259 3311 vult
2280 3258 2374 3328 qui
2400 3254 2617 3311 habitat
2635 3258 2693 3311 in
2724 3274 2819 3324 eo;
2848 3256 2981 3328 quia
3001 3270 3099 3310 vas
3121 3248 3410 3310 electionis

1811 3352 1899 3399 est
1924 3346 2037 3399 ille.
2060 3348 2147 3409 Ne
2172 3346 2316 3400 forte
2348 3352 2613 3416 putarent
2641 3346 2812 3416 aliqui
2841 3358 2953 3399 non
2980 3357 3104 3399 esse
3129 3344 3413 3404 orandum.

1810 3433 1919 3487 nisi
1950 3434 2342 3488 tantummodo
2371 3435 2428 3488 in
2475 3435 2739 3496 Ecclesia,
2774 3434 2856 3487 alt
2891 3434 3192 3503 Apostolus
3221 3453 3235 3487 :
3265 3430 3411 3491 Volo

1811 3523 2066 3576 homines
2095 3540 2255 3577 orare
2284 3524 2342 3575 in
2372 3524 2524 3576 omni
2566 3523 2688 3575 loco
2720 3536 2731 3573 :
2763 3522 2821 3575 in
2850 3522 3020 3591 agris,
3055 3522 3114 3578 in
3143 3520 3317 3585 silvis,
3351 3522 3412 3574 in

1812 3611 2092 3678 domibus,
2122 3612 2180 3665 in
2212 3611 2432 3667 itinere.
2465 3610 2676 3664 Tamen
2721 3624 2835 3667 non
2865 3608 3116 3678 principii:
3150 3620 3312 3661 orare
3349 3608 3412 3662 in

1812 3700 2070 3770 turpibus
2115 3701 2269 3762 locis,
2311 3700 2457 3760 sicut
2504 3705 2590 3752 est
2634 3697 3073 3768 sterquilinium,
3124 3708 3310 3766 neque
3348 3696 3411 3757 in

1809 3789 2050 3860 publicis
2088 3788 2243 3853 locis,
2288 3788 2347 3840 in
2378 3787 2497 3841 foro
2525 3788 2799 3849 videlicet,
2832 3792 2933 3841 aut
2960 3786 3017 3840 in
3046 3785 3262 3857 plateis,
3299 3785 3411 3842 nisi

1810 3895 1979 3932 causa
2010 3877 2249 3938 itineris,
2267 3883 2331 3930 ut
2350 3875 2408 3929 in
2430 3877 2633 3930 itinere
2651 3876 2722 3930 sit
2753 3876 2989 3947 positus,
3013 3890 3085 3929 ne
3104 3875 3410 3945 reprehen-

1811 3967 1980 4027 datur
2007 3967 2100 4020 ille
2129 3966 2258 4019 talis
2287 3980 2414 4034 cum
2446 3965 2761 4028 Pharlseis,
2784 3963 2987 4034 quibus
3010 3963 3272 4017 Dominus
3292 3964 3404 4021 ait:

1810 4056 1906 4110 Vae
1928 4055 2100 4120 vobis,
2128 4032 2390 4109 Pharisaei
2421 4054 2744 4125 hypocritm,
2773 4032 2867 4124 qui
2896 4052 3069 4106 oratis
3098 4048 3158 4105 in
3186 4053 3410 4122 angulis

1812 4146 2147 4216 platearum.
2174 4147 2424 4198 Levantes
2454 4141 2527 4197 ad
2554 4146 2747 4197 calum
2772 4156 2948 4211 puras
2972 4154 3196 4205 manus,
3217 4140 3290 4200 ab
3313 4140 3413 4195 ho-

1814 4234 2056 4296 micidio,
2091 4250 2125 4287 a
2154 4234 2371 4304 rapina,
2406 4250 2441 4286 a
2466 4231 2637 4295 furto,
2680 4244 2715 4284 a
2764 4230 3035 4302 perjurio,
3082 4233 3200 4285 sine
3240 4232 3335 4289 ira
3361 4233 3412 4283 et

1812 4325 2220 4390 disceptatione,
2244 4323 2300 4375 id
2333 4326 2420 4375 est
2447 4320 2745 4376 discordia.

1882 4413 2160 4468 Similiter
2179 4412 2306 4465 volo
2328 4416 2375 4464 et
2407 4414 2666 4463 mulieres
2693 4424 2857 4463 orare
2883 4411 2949 4462 in
2977 4408 3172 4462 habitu
3190 4412 3411 4474 ornato,

1811 4516 1925 4554 non
1965 4506 2166 4555 ornato
2208 4516 2367 4563 auro,
2400 4500 2484 4552 vel
2514 4499 2754 4569 gemmis
2803 4502 2904 4551 aut
2941 4495 3285 4566 margaritis,
3315 4496 3415 4549 sed

1814 4596 2012 4644 ornato
2059 4590 2214 4655 dicit.
2246 4588 2302 4642 id
2351 4595 2436 4641 est
2481 4580 2727 4657 cangruo
2755 4586 2897 4651 sibi;
2940 4585 3074 4654 quia
3104 4584 3298 4641 'nullus
3327 4588 3414 4637 est

1813 4681 1940 4750 plus
1969 4696 2251 4749 congruas
2281 4693 2450 4749 quam
2479 4676 2768 4737 candldus,
2796 4672 2943 4727 sicut
2963 4677 3051 4727 est
3079 4671 3300 4732 sindon,
3320 4671 3413 4724 sed

1813 4771 1958 4835 quod
1985 4772 2125 4822 (tecet
2148 4772 2427 4829 mulieres,
2452 4764 2719 4818 subaudis
2739 4754 2875 4815 illud
2902 4761 3293 4814 indumentum
3316 4759 3414 4812 hl-

1814 4857 2000 4921 beant,
2040 4860 2422 4925 promittentes
2448 4857 2705 4921 pietatem
2729 4865 2830 4917 per
2856 4850 2998 4902 bona
3025 4862 3208 4915 opera,
3242 4846 3300 4901 id
3329 4853 3415 4902 est

1815 4946 2172 4999 Ostendentes
2202 4944 2530 5013 religionem
2554 4946 2612 4993 et
2638 4939 2855 4997 cultum
2878 4936 2980 4990 Del
3007 4951 3069 4991 se
3094 4941 3292 4999 tenere
3311 4948 3415 5008 per

1818 5034 1961 5087 bona
1989 5048 2178 5103 Opera.
2776 5072 2793 5087 ι.
3318 5026 3323 5031 ’

1886 5125 2091 5177 Mulier
2119 5126 2181 5175 in
2211 5123 2431 5175 silentio
2459 5119 2653 5180 discat,
2687 5115 2956 5171 subaudis
2988 5115 3139 5187 quod
3167 5115 3412 5187 ignorat,

1817 5228 1943 5265 cum
1991 5215 2147 5264 omni
2183 5210 2530 5277 subjectione,
2561 5222 2672 5261 non
2702 5206 2760 5259 in
2789 5204 3043 5272 ecclesia,
3075 5220 3264 5276 neque
3288 5216 3416 5260 eum

1819 5299 2101 5369 superbia,
2137 5298 2233 5350 sed
2262 5297 2319 5349 in
2353 5296 2541 5349 domo.

1888 5391 2086 5441 Docere
2112 5391 2297 5439 autem
2329 5388 2560 5439 mulieri
2590 5400 2701 5438 non
2728 5387 3009 5453 permitto.
3043 5384 3109 5438 In
3152 5398 3254 5435 suo
3282 5392 3417 5434 sexu

1818 5474 2168 5547 permittitur
2196 5473 2402 5528 mulier
2428 5474 2632 5529 docere
2659 5474 2718 5528 in
2761 5473 2931 5532 domo
2973 5486 3094 5537 sua,
3128 5475 3186 5524 et
3210 5478 3416 5538 pueros
