3852 6154
460 170 561 235 791
880 177 1260 242 HAYMONIS
1297 186 1787 246 HALBERSTAT.
1828 192 2053 248 EPISC.
2094 193 2255 250 OPP.
2294 195 2479 252 PARS
2516 196 2562 253 Ι.
2604 227 2675 240 -
2711 196 3086 253 COMMENT.
3128 197 3295 258 BIBL.
3554 213 3630 273 ’Μ

465 304 661 373 etiam;
690 304 752 361 in
769 306 1001 363 ecclesia
1032 314 1221 365 autem
1243 310 1592 383 prohibetur.
1618 314 1689 371 Et
1714 316 1820 372 hoc
1846 320 2060 388 quare?
2076 323 2126 381 Α
2143 318 2317 388 biam,
2340 326 2399 375 et
2417 320 2603 376 dicat:
2629 320 2926 392 Indigebat
2950 321 3189 377 Ecclesia
3206 341 3321 380 mea
3334 331 3639 401 sapientiam

467 392 601 464 quia
627 392 882 466 subjecta
918 396 1085 452 debet
1113 414 1236 453 esse
1261 399 1400 464 viro,
1428 401 1563 472 quia
1588 403 1657 457 de
1681 420 1914 476 corpore
1942 408 2066 478 ejus
2148 425 2274 464 meo
2301 410 2525 476 auxilio,
2556 410 2684 466 ideo
2711 426 2803 465 me
2830 410 2903 465 ad
2931 410 3098 465 fidem
3130 413 3355 481 adduxit,
3375 392 3424 473 et
3443 437 3577 493 super
3595 392 3639 482 se

464 479 614 536 facta
626 487 714 537 est
727 501 741 548 ;
764 484 850 538 vel
871 485 1043 539 etiam
1052 485 1261 541 idcirco
1270 503 1385 542 non
1401 490 1751 560 permittitur
1765 493 1814 547 ei
1837 494 2059 561 docere,
2148 497 2457 553 constituit.

467 568 604 639 quia
646 569 899 641 fragilior
924 577 1011 626 est
1040 589 1175 628 sexu
1211 590 1380 645 quam
1408 576 1511 642 vir,
1544 584 1603 634 et
1628 581 1939 637 cavendum
1966 599 2058 649 ne,

466 655 615 710 sicut
658 658 771 712 Eva
811 674 912 730 per
955 668 1273 732 serpentem
1324 664 1554 721 seducta
1594 672 1834 724 mortem
1872 671 2066 727 attulit

467 744 700 809 mundo,
731 745 812 801 ita
839 746 1012 802 etiam
1039 749 1199 804 facile
1227 751 1299 805 ad
1328 768 1578 809 errorem
1615 755 1793 829 lapsa,
1824 759 1965 813 alios
1992 760 2065 814 ad

470 832 732 888 eumdem
762 850 1011 890 errorem
1039 839 1351 908 pertrahat.

542 922 722 976 Adam
741 938 855 978 non
875 928 952 978 est
971 927 1244 993 seductus,
1266 927 1537 986 subaudis
1556 933 1793 1003 primus,
1824 952 1926 1006 per
1946 953 2067 991 ser-

470 1013 700 1080 pentem
727 1029 741 1065 :
772 1015 979 1066 mulier
1006 1019 1194 1069 autem
1213 1018 1453 1083 seducta,
1479 1020 1749 1077 subaudis
1773 1024 1976 1094 prima,
2004 1028 2069 1080 in

465 1102 924 1167 praevaricatione
967 1103 1100 1171 fuit,
1144 1103 1203 1159 id
1249 1110 1338 1161 est
1383 1110 1856 1179 praevaricationis
1892 1130 2070 1185 patrue

474 1183 774 1257 subjacuit.

544 1274 869 1332 Saluabitur
907 1284 1113 1346 autem,
1140 1282 1410 1340 subaudis
1440 1287 1661 1355 mulier,
1697 1306 1797 1359 per
1821 1294 2071 1359 ﬁliorum

473 1367 904 1431 generationem,
935 1369 988 1420 si
1016 1375 1389 1436 permanserit
1418 1374 1615 1430 eadem
1646 1378 1850 1434 mulier
1876 1382 1940 1433 in
1969 1382 2073 1448 ﬁde

473 1450 726 1521 perfecta
760 1458 812 1508 et
847 1454 1140 1510 dilectione
1174 1458 1275 1513 Dei
1311 1465 1371 1515 et
1416 1463 1655 1532 proximi
1682 1482 1749 1520 ac
1769 1472 2077 1537 sanctiﬁca-

481 1541 647 1605 tione,
678 1544 742 1595 ut
784 1548 990 1612 prater
1017 1543 1198 1600 virum
1227 1564 1330 1618 per
1356 1551 1648 1622 proprium
1690 1555 1932 1611 alterum
1961 1574 2075 1612 non

475 1634 794 1697 cognoscat,
829 1646 957 1684 cum
1002 1634 1291 1691 sobrietate
1340 1638 1457 1692 sive
1503 1656 1630 1695 cum
1677 1630 2139 1715 temperantia.B

475 1713 798 1770 Salvabitur
834 1718 1042 1773 mulier
1084 1737 1187 1792 per
1231 1723 1478 1780 ﬁliorum
1518 1713 1963 1798 generationem,
2018 1733 2076 1788 id

476 1805 566 1856 est
591 1818 693 1874 per
717 1803 861 1859 bona
888 1823 1080 1878 opera,
1103 1809 1150 1863 si
1180 1810 1443 1868 habuerit
1471 1815 1823 1880 charitatem,
1856 1820 2077 1875 miseri-

473 1890 746 1959 cordiam,
778 1892 1241 1966 hospitalitatem.
1270 1906 1584 1975 ceteraque
1610 1906 1766 1972 talia,
1801 1923 1923 1979 quae
1951 1908 2079 1965 beae

816 1981 829 1992 .
931 1982 943 1995 .
1091 1985 1103 1997 .
1151 1986 1163 1997 .
1544 1992 1556 2004 .
1752 1995 1762 2006 ,
2161 1979 2297 1998 unus
2325 1979 2527 2000 wualu
2566 1979 2704 2002 υιυιιο
2744 1979 2901 2020 apum
2934 1979 3158 2017 uuuuiu,
3195 1979 3254 2007 ιιι
3281 1979 3375 2023 per
3400 1979 3521 2007 uuuu
3543 1979 3663 2023 opera

473 1979 1464 2113 Σῗιῗδθξςῗῖἱῗιξέζῗ.ἰἚῖξίἒῖἑῖῗηξῗῗὶ
1478 1992 2071 2113 ⁶ἶ¹ς⁰ῗη²ἓὲἰῖθῐηὶξξὶ¹ῗζ
2152 2039 2382 2104 rnerenr
2410 2034 2704 2106 percipere
2731 2036 2962 2108 praemia
2986 2044 3217 2094 aeterne
3245 2040 3500 2096 Habentes
3519 2047 3665 2113 myrte

475 2067 614 2138 quid
645 2069 955 2126 salvabitur
989 2074 1195 2129 mulier
1223 2078 1485 2148 amplius,
1523 2080 1572 2134 si
1615 2085 1987 2153 permanserit
2012 2085 2072 2140 in

602 2121 1490 2201 se;;.?'}};;;;.;.‘;;;;;12:21.12:
1512 2121 2072 2201 Εἷςηῗῖξῗζῗῗῖῖιέῗ
2154 2121 2303 2176 Pium
2331 2122 2483 2188 ﬁdei:
2514 2123 2573 2177 id
2598 2129 2685 2179 est
2707 2125 2876 2180 ﬁdem
2907 2128 3215 2197 Perfectum
3245 2129 3302 2184 in
3330 2146 3419 2201 spe
3440 2129 3574 2184 bona-

474 2158 770 2212 castitate?
790 2159 1027 2230 Utique;
1049 2163 1149 2216 sed
1168 2164 1216 2217 si
1230 2168 1494 2234 genuerit
1511 2169 1677 2235 ﬁlios,
1700 2176 1757 2225 et
1771 2188 1866 2226 eos
1885 2173 1943 2227 in
1964 2174 2074 2229 ﬁde

474 2246 537 2297 et
570 2244 842 2314 religione
870 2228 1270 2319 omnipotentis
1297 2253 1399 2308 Dei
1428 2228 1764 2322 educaverit,
1795 2266 1965 2331 atque
2001 2228 2068 2317 ad

2224 2228 2502 2284 Similiter
2529 2233 2789 2285 mulieres
2817 2237 3042 2303 oportet
3069 2250 3195 2289 esse
3231 2236 3462 2303 pudicas.
3490 2234 3665 2299 Quidam

475 2330 879 2400 perfectionem
891 2316 1051 2391 bona;
1066 2336 1197 2392 vitae
1215 2340 1565 2409 perduxerit:
1588 2345 1637 2399 si
1662 2316 1796 2417 quid
1816 2316 2071 2420 deliquit,
2155 2316 2454 2420 X?‘“,°"“f‘f
2496 2318 2588 2420 hic
2634 2318 2947 2420 ίῐξίθυίεεῗῗθ
2995 2321 3356 2420 δίῇθῩΡίδδδεν
3394 2323 3480 2377 sed
3502 2339 3590 2377 n0“
3608 2329 3665 2377 δέ

476 2418 787 2476 salvabitur
804 2439 907 2494 pro
937 2424 1131 2481 labore
1149 2404 1315 2498 qu-em
1347 2430 1458 2484 illis
1490 2404 1817 2505 impendere
1836 2404 2071 2494 studuit:
2156 2404 2318 2471 nlud’
2346 2411 2413 2460 ut
2442 2405 2636 2461 beatus
2665 2409 3013 2477 Αυευδίίηυδ
3038 2409 3197 2465 diem

475 2507 678 2563 Fidelis
723 2525 919 2575 sermo,
971 2513 1028 2568 id
1075 2520 1163 2570 est
1206 2533 1395 2586 verax,
1441 2519 1555 2575 sive
1591 2524 1929 2592 praecedens,
1962 2527 2068 2581 sive

2227 2510 2381 2565 Scias
2404 2514 2671 2580 quomodo
2691 2520 2931 2584 oporteat
2953 2522 2999 2570 te
3024 2516 3087 2571 in
3106 2518 3270 2572 domo
3296 2519 3385 2573 Dei
3409 2521 3666 2581 conuersari,

475 2596 845 2670 subsequens,
870 2603 957 2657 vel
985 2603 1268 2662 humanus
1285 2624 1487 2674 sermo,
1513 2616 1579 2665 ut
1609 2612 1669 2666 in
1691 2613 1883 2670 Graeco
1911 2616 2078 2672 habe.
2158 2615 2278 2667 quas
2295 2605 2371 2653 est
2390 2602 2612 2655 ecclesia
2623 2602 2723 2656 Dei
2739 2606 2870 2666 vivi,
2886 2606 3151 2659 columna
3173 2612 3222 2660 et
3239 2609 3669 2674 ﬁrmamentumu-

2218 601 2435 670 Oportet
2451 607 2621 659 etiam
2639 607 2807 659 illum
2838 610 2888 660 et
2919 608 3282 662 testimonium
3305 612 3480 668 bonum
3495 615 3643 673 habere

2143 690 2213 742 ab
2242 691 2329 744 his
2348 695 2449 759 qui
2466 691 2601 746 foris
2625 699 2780 757 sunt,
2802 693 2861 747 id
2890 699 2978 748 est
3004 694 3074 748 ab
3100 694 3357 751 haereticis
3376 706 3426 754 et
3449 706 3644 773 paganis,

2144 777 2243 848 qui
2265 784 2423 833 extra
2441 780 2743 834 Ecclesiam
2765 787 2900 837 sunt
2923 781 3090 837 debet
3118 783 3312 839 habere
3333 785 3513 844 bonum
3534 794 3646 848 testi-

2147 866 2422 934 monium,
2453 867 2599 922 sicut
2625 868 2696 922 de
2716 868 2880 923 beato
2904 869 3115 925 Basilio
3138 871 3378 942 legimus.

2219 963 2498 1019 Similiter
2517 968 2794 1030 diaconos,
2819 966 3088 1022 subaudis
3109 974 3318 1040 oportet
3338 988 3444 1027 esse
3457 976 3646 1046 pudicos.

2150 1050 2336 1115 Quare
2363 1052 2542 1108 tacuit
2569 1054 2640 1108 de
2667 1055 3046 1127 presbyteris?
3071 1059 3203 1128 quia
3229 1059 3285 1114 in
3303 1060 3477 1117 ordine
3499 1066 3652 1135 episco-

2151 1140 2267 1211 pali
2290 1142 2844 1213 comprehenduntur
2870 1145 3201 1218 presbyteri.
3234 1148 3414 1204 Omnis
3430 1152 3554 1206 enim
3570 1155 3653 1224 epi-

2153 1245 2353 1300 scopus
2369 1230 2660 1302 presbyter
2678 1237 2782 1298 est,
2807 1237 2866 1287 et
2882 1238 3075 1289 tamen
3104 1252 3212 1290 non
3239 1238 3407 1292 omnis
3432 1239 3653 1313 presbyter

2152 1315 2446 1388 episcopus
2477 1324 2599 1386 est;
2645 1335 2760 1374 non
2790 1326 2948 1390 turpe
2991 1325 3215 1377 lucrum
3260 1331 3506 1391 sectantes,
3538 1334 3655 1400 turpe

2153 1403 2374 1458 lucrum
2391 1410 2494 1470 est,
2508 1422 2610 1477 per
2623 1423 2853 1463 usuram
2867 1413 2925 1463 et
2942 1409 3214 1480 quasdam
3228 1411 3532 1469 inventiones
3545 1415 3656 1470 lucra

2155 1494 2492 1564 temporalia
2515 1497 2823 1553 cumulare.

2226 1591 2492 1646 Habentes
2510 1597 2843 1661 mysterium
2870 1596 2999 1662 ﬁdei
3018 1599 3085 1651 in
3103 1601 3414 1653 conscientia
3432 1601 3560 1654 bona.
3576 1604 3658 1674 ly-

2155 1678 2393 1733 sterium
2422 1680 2631 1735 dicitur
2651 1698 2742 1737 res
2771 1684 3009 1749 occulta,
3044 1690 3104 1738 et
3134 1688 3442 1757 mysterium
3468 1689 3570 1743 ﬁdei
3589 1706 3658 1760 ap-

2155 1766 2331 1837 pellat
2358 1768 2449 1823 hic
2473 1768 2657 1840 ipsam
2683 1771 2848 1825 fidem
2880 1788 2992 1842 qua
3010 1773 3288 1829 credimus
3309 1775 3362 1830 in
3385 1777 3550 1840 Deum,
3574 1794 3659 1848 que

2156 1856 2374 1910 occulta
2394 1862 2497 1923 est,
2523 1858 2654 1930 quia
2674 1876 2786 1914 non
2807 1860 3028 1916 videtur
3045 1862 3155 1916 nisi
3172 1863 3229 1917 in
3250 1863 3421 1919 corde.
3440 1866 3661 1920 Conscien-

2156 1945 2297 1998 tiam
2322 1943 2527 2000 bonam
2566 1947 2704 2002 dicit
2744 1965 2901 2020 spem
2932 1948 3158 2017 bonam,
3192 1958 3254 2007 ut
3281 1969 3375 2023 per
3396 1952 3521 2007 bona
3543 1969 3663 2023 opera

476 2690 590 2750 tur,
616 2685 676 2741 id
706 2693 793 2742 est
809 2689 1113 2760 jucundug,
1140 2700 1338 2765 gratus
1368 2703 1426 2752 et
1451 2704 1733 2771 acceptus.
2159 2688 2365 2743 ritatis.
2398 2688 2661 2758 Ecclesia,
2693 2694 2751 2744 et
2775 2692 3058 2760 columna,
3091 2698 3154 2748 et
3180 2695 3561 2749 ﬁrmamentum
3573 2693 3671 2748 veri-

2157 2775 2292 2831 tatis
2311 2777 2647 2849 appellatur,
2669 2780 2820 2850 quod
2847 2797 3027 2839 unum
3055 2787 3149 2837 est
3173 2790 3397 2855 propter
3420 2782 3671 2837 ﬁrmitatem

1083 2843 1326 2903 CAPUT
1360 2847 1462 2904 ΙΙΙ.
2157 2864 2309 2932 ﬁdei,
2329 2843 2403 2920 ἐι.
2414 2866 2549 2937 quia
2567 2843 2837 2923 doctrinis
2856 2843 3194 2927 caelestibus
3206 2876 3265 2927 et
3278 2843 3475 2927 .divinis
3491 2872 3670 2926 miracu-

545 2962 613 3021 Si
638 2968 766 3034 quis
782 2969 1156 3038 episcopatum
1173 2972 1465 3040 desiderat,
1489 2976 1693 3031 bonum
1713 2992 1848 3045 opus
1874 2979 2079 3034 deside-
2092 2942 2135 3002 ϐ
2154 2952 2225 3008 Ῑίδ
2248 2954 2474 3009 ﬁrmata
2505 2960 2609 3010 θεῖ’

476 3057 591 3107 rat.
634 3053 790 3125 Opus
815 3070 930 3111 non
956 3056 1314 3129 dignitatem,
1346 3060 1598 3117 laborem
1627 3079 1740 3120 non
1764 3066 2073 3135 honorem;
2226 3061 2295 3114 Εἰ
2324 3064 2614 3130 manifeste
2640 3080 2913 3133 magnum
2942 3071 3019 3120 es!
3057 3070 3287 3134 pietatis
3321 3073 3672 3131 sacramentum,

473 3137 604 3195 ideo
634 3140 801 3196 debet
834 3143 1038 3215 aliquis
1074 3146 1457 3219 episcopatum
1485 3150 1827 3216 desiderare,
1858 3160 1922 3209 ut
1950 3156 2076 3212 aliis
2157 3151 2302 3219 quod
2320 3153 2682 3220 manifestum
2702 3159 2780 3206 est
2798 3156 2861 3207 in
2876 3158 3446 3224 carne,justiﬁcatum
3458 3159 3589 3210 estin
3603 3157 3675 3223 spi-

477 3226 794 3284 doctrinam
826 3231 980 3286 verbi
1015 3231 1125 3288 Dei
1162 3236 1477 3303 annuntiat,
1522 3243 1588 3295 ut
1623 3239 1833 3297 bonum
1882 3259 2074 3299 exem-
2157 3240 2727 3295 rithacramentum
2740 3240 2949 3297 dicitur
2960 3243 3675 3313 occultares,idemestetmy-

477 3317 640 3389 plum
664 3319 959 3374 ostendat:
989 3327 1046 3377 et
1065 3321 1113 3376 si
1136 3324 1441 3380 necessitas
1461 3326 1652 3395 fuerit,
1675 3335 1742 3386 ut
1765 3331 1982 3403 primus
2005 3334 2078 3389 ad
2157 3327 2845 3401 sterium,sivemysticum
2855 3331 3102 3402 aliquod.
3130 3333 3676 3389 Sacramentumautem

474 3407 725 3479 palmam
754 3409 1013 3481 martyrii
1035 3417 1248 3467 currat.
2158 3416 2267 3470 isto
2298 3416 2356 3471 in
2389 3417 2510 3471 loco
2538 3418 2786 3488 appellat
2810 3420 3113 3490 Apostolus
3144 3421 3388 3476 Verbum
3414 3422 3502 3477 Dei
3528 3420 3675 3483 Patris,

543 3497 761 3566 Oportet
774 3501 1083 3569 episcopum
1097 3503 1636 3571 irreprehensibitem
1650 3522 1775 3571 esse,
1790 3507 1848 3563 id
1860 3510 2079 3565 estsine
2159 3504 2309 3575 quod
2337 3503 2394 3559 in
2424 3511 2631 3560 natura
2673 3506 2992 3562 Divinitatis
3018 3508 3078 3562 in
3107 3525 3226 3580 qua
3252 3509 3397 3581 quod
3423 3510 3601 3582 aequale
3621 3510 3680 3562 est

476 3585 713 3642 crimine
741 3592 799 3642 et
822 3588 1051 3661 capitali
1079 3595 1326 3661 peccato.
1351 3593 1477 3648 Non
1505 3594 1650 3649 dixit
1676 3595 1796 3650 sine
1824 3604 2072 3668 peccato,
2160 3592 2315 3646 Patri
2344 3592 2622 3648 invisibile
2654 3599 2861 3651 manet.
2904 3596 3337 3653 Sacramentum
3366 3615 3483 3691 vero
3514 3596 3680 3691 pietatis

477 3675 614 3746 quia
631 3690 745 3730 non
767 3680 855 3732 est
880 3677 1050 3733 homo
1078 3695 1250 3750 super
1275 3684 1486 3736 terram
1517 3682 1614 3754 qui
1660 3683 1831 3739 faciat
1866 3685 2076 3742 bonum
2158 3679 2313 3748 dicit,
2343 3680 2397 3780 id
2431 3682 2831 3780 estrelligionis
2858 3688 2916 3737 et
2938 3700 3082 3780 Verte
3106 3686 3363 3753 culturae,
3386 3686 3505 3780 quia
3520 3684 3586 3739 illi
3607 3682 3680 3780 soli

477 3764 665 3831 etjnon
684 3768 902 3834 peccet;
924 3772 1191 3821 ornatum
1211 3767 1480 3836 moribus,
1499 3776 1557 3825 et
1570 3771 1889 3839 virtutibus,
1905 3780 2075 3846 atque
2155 3770 2428 3840 competit
2452 3770 2648 3841 religio
2676 3777 2889 3838 sancta,
2922 3782 2981 3826 et
3006 3773 3170 3828 illum
3196 3776 3448 3830 convenit
3472 3771 3680 3828 venerari.

476 3850 753 3920 doctrina,
782 3867 896 3908 non
922 3869 1062 3909 auro
1090 3856 1366 3912 redimitis
1387 3858 1634 3913 vestibus
1657 3866 1759 3915 aut
1779 3863 2069 3933 castoriis;
2153 3856 2310 3911 Istud
2340 3874 2608 3929 magnum
2629 3866 3045 3916 sacramentum
3066 3861 3297 3932 pietatis
3324 3864 3584 3918 manifeste
3605 3865 3678 3924 est,

469 3940 763 4011 pudicum,
780 3940 839 3995 id
858 3946 946 3996 est
964 3948 1181 3997 castum
1203 3943 1275 3998 ab
1293 3946 1449 4000 omni
1469 3946 1855 4018 immunditia;
1888 3951 2075 4023 hospi.
2153 3944 2210 3998 id
2231 3951 2317 4000 est
2337 3948 2754 4003 manifestatum
2775 3955 2862 4004 est
2890 3949 2949 4004 in
2971 3950 3239 4013 Ecclesia,
3263 3952 3320 4007 in
3340 3951 3572 4007 cordibus
3588 3949 3686 4004 ﬁde-

473 4027 669 4097 talem,
694 4029 871 4085 laicus
890 4035 992 4085 aut
1020 4032 1256 4102 quilibet
1279 4034 1708 4103 ecclesiasticus,
1731 4038 1780 4092 si
1804 4039 1946 4094 duos
1972 4047 2071 4096 aut
2152 4033 2310 4122 litim.
2332 4035 2480 4105 quod
2496 4036 2673 4091 Filius
2692 4037 2794 4093 Dei
2814 4042 2918 4092 εει·
2937 4038 3007 4093 Et
3024 4038 3234 4094 1100983:
3253 4041 3402 4112 quod
3419 4037 3679 4110 ειιιήωιείίε

474 4122 594 4173 tres
613 4133 890 4190 pauperes
903 4119 1146 4190 hospitio
1161 4120 1393 4192 colligit,
1410 4122 1809 4194 hospitalitatis
1827 4128 2071 4184 ofﬁcium
2153 4119 2302 4192 quod
2333 4124 2752 4223 manifestatum
2780 4131 2868 4181 est
2893 4127 3170 4223 inﬂa-tne,
3295 4136 3383 4185 est
3403 4128 3535 4223 istud
3552 4141 3685 4223 satin:

475 4206 675 4275 implet
704 4223 718 4259 :
750 4206 1045 4277 episcopus
1083 4224 1234 4271 vero,
1284 4210 1332 4263 si
1374 4227 1572 4266 omnes
1616 4229 1729 4268 non
1775 4217 2404 4315 receperit.Dmentum
2433 4213 2582 4283 quod
2616 4214 2674 4267 in
2704 4219 2912 4269 natura
2941 4215 3265 4271 DiVinitatis
3299 4234 3411 4272 non
3428 4221 3615 4288 potem
3634 4213 3685 4265 'i'

475 4292 1166 4315 £..L--_!L_|2__-_--L-L--_-
1195 4311 1332 4315 ..Α---ξ
1370 4313 1403 4315 4,
1466 4314 1472 4315 ,
1640 4305 1650 4315 ι
1832 4303 1866 4315 ι.
2009 4305 2043 4315 ι.
2169 4300 2185 4315 1
2257 4301 2269 4313 ο
2344 4301 2356 4313 ι
2396 4302 2428 4315 η
2453 4303 2486 4315 ιι
2549 4303 2567 4315 ι
2641 4311 2647 4315 .
2846 4309 2853 4315 .
3292 4313 3297 4315 _
3451 4307 3464 4315 .
3535 4313 3539 4315 .
3576 4306 3585 4315 ι

474 4292 830 4363 inhospitalis
844 4297 1169 4363 reputatur;
1185 4311 1581 4364 percussorem,
1595 4305 1661 4355 ut
1671 4317 1785 4356 non
1799 4303 1875 4358 sit
1893 4305 2067 4376 pugil,
2088 4292 2136 4315 υ
2152 4300 2293 4368 deri,
2310 4301 2523 4357 visibile
2544 4303 2753 4359 factum
2774 4309 2862 4359 est
2881 4322 2983 4376 per
3001 4321 3233 4361 carnem
3249 4313 3308 4363 et
3326 4325 3424 4379 per
3436 4306 3686 4362 doctrinam

471 4380 620 4435 sicut
634 4380 856 4451 judices
896 4380 1060 4435 istius
1094 4383 1284 4437 seculi
1311 4403 1323 4438 :
1359 4387 1444 4440 vel
1472 4386 1518 4441 si
1550 4404 1849 4458 percussus
1876 4392 2067 4459 fuerit,
2151 4391 2453 4457 caelestem,
2484 4397 2542 4445 et
2579 4409 2680 4463 per
2722 4392 2996 4447 miracula
3023 4394 3233 4451 divina.
3266 4396 3423 4450 Unde
3448 4394 3621 4448 dicitur
3644 4389 3684 4442 in

472 4485 587 4525 non
612 4468 815 4524 reddat
837 4469 1034 4538 vicem,
1057 4471 1143 4524 vel
1172 4471 1344 4527 etiam
1373 4490 1544 4545 pravo
1572 4493 1674 4532 suo
1697 4482 1951 4552 exemplo
1971 4488 2070 4537 aut
2152 4479 2451 4549 Evangelio
2482 4503 2493 4536 :
2521 4481 2632 4534 Hoc
2647 4481 2777 4547 fecit
2796 4483 3031 4535 initium
3049 4485 3347 4550 signorum
3369 4485 3584 4543 Jesus.et
3604 4492 3686 4531 ma-

470 4558 1137 4631 doctrinaperversamon
1147 4562 1422 4632 percutiat
1436 4564 2064 4641 animossubjectorum;
2150 4569 2433 4635 ni/‘estavit
2454 4570 2693 4636 gloriam
2720 4585 2882 4663 suam
2900 4572 3227 4663 -(doanf-n).
3258 4573 3607 4663 ustiﬁcatum

469 4665 586 4705 non
605 4649 892 4719 cupidum,
906 4647 1102 4704 morbo
1118 4649 1444 4720 cupiditatis
1458 4669 1631 4724 penes
1644 4671 1838 4711 omnes
1853 4657 2068 4714 laboret
2147 4656 2299 4711 istud
2313 4662 2729 4712 sacramentum
2749 4657 2809 4712 in
2829 4658 3053 4727 Spiritu.
3071 4658 3128 4712 id
3146 4666 3237 4714 est
3250 4662 3465 4731 justum
3482 4652 3687 4732 apparuit

466 4740 643 4793 unius
657 4741 851 4793 umoris
871 4740 1081 4804 uirum,
1096 4737 1156 4793 id
1166 4744 1252 4794 est
1265 4747 1567 4813 antequam
1587 4744 1880 4800 ordinetur
1894 4764 2064 4803 unam
2146 4762 2273 4800 esse
2296 4762 2396 4816 per
2419 4746 2827 4817 plenitudinem
2869 4747 3211 4816 Divinitatis,
3239 4766 3365 4820 quae
3393 4755 3507 4805 erat
3528 4748 3576 4801 in
3600 4745 3683 4839 illo.

464 4841 696 4882 uxorem
717 4827 886 4883 debet
912 4828 1139 4896 habere,
1161 4834 1228 4884 ut
1247 4846 1359 4885 non
1389 4831 1463 4885 sit
1492 4830 1750 4903 bigamus
1769 4841 1869 4890 aut
1892 4837 2066 4908 triga-
2145 4839 2204 4888 et
2230 4851 2354 4906 quae
2382 4834 2681 4930 custodivit
2707 4850 2902 4930 eumua
2926 4842 3169 4930 peccato.
3205 4840 3484 4907 Apparuit
3500 4835 3683 4930 angelif.

464 4929 631 4981 mus;
663 4920 859 4985 postea
891 4932 1023 4972 vero
1053 4918 1280 4989 penitus
1315 4918 1598 4975 abstinere
1629 4920 1812 4977 debet.
2144 4922 2201 4977 id
2231 4928 2317 4977 est
2345 4923 2611 4994 apostolis
2632 4930 2687 4977 et
2707 4923 3165 4995 praedicatoribus
3188 4943 3298 4997 per
3314 4942 3528 4981 carnem
3545 4929 3593 4978 et
3613 4920 3685 4974 mi-

535 5000 660 5056 Suas
687 5003 881 5057 domui
918 5005 1045 5060 bene
1078 5010 1458 5076 prapositum,
1494 5008 1553 5063 id
1581 5014 1668 5064 est
1694 5026 1808 5066 suae
1836 5012 2063 5070 familiae
2144 5012 2352 5079 racula,
2370 5014 2735 5082 praedicatum
2755 5020 2830 5067 est
2847 5015 3099 5081 gentibus
3126 5012 3197 5067 ab
3228 5015 3492 5086 apostolis
3509 5009 3683 5084 quando

463 5090 768 5158 antequam
788 5090 1038 5159 ordinet;
1071 5108 1182 5147 non
1202 5097 1556 5165 neophytum,
1581 5096 1639 5151 id
1667 5103 1752 5152 est
1778 5100 2061 5155 novellum
2142 5101 2376 5172 profecti
2431 5101 2873 5172 praedicaverunt
2920 5100 3147 5172 ubique,
3208 5106 3480 5158 creditum
3533 5106 3595 5155 est
3638 5100 3682 5149 in

461 5191 812 5241 conversum,
859 5177 918 5231 id
948 5184 1035 5234 est
1062 5182 1280 5236 noviter
1304 5184 1620 5240 venientem
1651 5186 1723 5240 ad
1749 5187 1943 5254 fidem,
1976 5190 2061 5244 vel
2142 5192 2374 5259 mundo,
2396 5190 2452 5244 id
2480 5194 2568 5245 est
2593 5189 2664 5244 ab
2694 5189 3102 5245 habitatoribus
3124 5190 3326 5245 mundi
3354 5191 3601 5246 creditum
3620 5190 3682 5239 est

458 5263 681 5320 noviter
698 5264 1051 5321 deserentem
1072 5268 1331 5325 militiam
1351 5274 1696 5338 saecularem,
1710 5292 1777 5330 ne
1792 5280 1857 5331 in
1873 5294 2062 5347 super-
2141 5279 2290 5350 quod
2310 5279 2430 5350 ipse
2450 5284 2601 5333 esset
2618 5277 2862 5333 Verbum
2880 5278 3002 5340 Dei,
3019 5284 3366 5347 assumptum
3386 5287 3461 5333 est
3474 5284 3529 5333 in
3541 5277 3681 5370 glori}!

456 5356 609 5410 biam
651 5355 845 5417 elatus,
875 5358 937 5409 in
959 5357 1248 5424 judicium
1276 5358 1488 5415 incidat
1514 5362 1740 5430 diaboli,
1771 5364 1825 5419 id
1868 5373 1956 5420 est
1990 5367 2050 5421 in
2137 5376 2386 5440 paternae
2405 5366 2903 5439 majestatis.0rdo
2924 5372 3301 5438 preposterus
3319 5380 3437 5439 est:
3467 5361 3679 5438 apparuit

449 5441 893 5512 damnationem,
923 5444 983 5500 in
1011 5460 1182 5515 quam
1213 5445 1468 5504 diabolus
1493 5450 1690 5507 incidit
1716 5469 1818 5524 per
1847 5470 2048 5527 super-
2129 5455 2280 5512 enim
2311 5457 2601 5531 apostolis,
2630 5473 2698 5512 ac
2722 5455 2924 5513 deinde
2948 5460 3300 5545 assumptum
3332 5462 3416 5515 est
3444 5457 3510 5513 ad
3530 5455 3677 5510 dexte-
