3852 6154
177 263 262 323 793

815 256 1198 313 EXPOSITIO
1228 258 1308 314 IN
1337 258 1490 314 EPP.
1524 259 1582 314 S.
1615 257 1851 313 PAULI.
1884 286 1957 300 -—-
1982 258 2061 313 IN
2092 256 2316 313 EPIST.
2358 255 2384 311 Ι
2412 255 2510 311 AD
2544 251 2696 314 TIM.

3297 254 3399 314 794

174 404 279 447 ram
310 382 496 447 Patris,
527 386 586 435 et
624 381 706 437 sic
736 380 1096 453 postmodum
1133 383 1496 454 praedicatum
1526 388 1615 439 est
1646 382 1717 438 ab
1734 385 1916 444 Atem
1946 387 2103 437 tuam
2133 397 2298 437 nemo
2336 380 2515 452 possit
2544 394 2831 451 spernere.
2860 379 2935 434 Es
2960 380 3185 451 juvenis
3214 384 3403 449 aetate,

175 473 426 552 apostolis,
447 476 500 526 et
525 470 802 526 creditum
834 476 921 525 est
939 487 974 524 a
995 470 1278 541 gentibus.

732 615 966 670 CAPUT
1002 613 1108 670 IV.

227 744 448 814 Spiritus
482 744 670 794 autem
690 740 980 809 manifeste
1007 740 1438 807 dicit,subaudis
1463 757 1566 814 per
1587 757 1678 797 me
1703 760 1717 811 ;

169 834 265 890 tale
287 836 364 887 est
388 845 449 884 ac
476 828 523 883 si
548 828 763 883 diceret
816 848 830 884 :

1803 470 1881 524 sis
1902 487 2071 525 senex
2095 477 2282 525 mente
2314 478 2371 523 et
2402 468 2672 522 moribus.

1873 560 2003 614 Noli
2026 562 2297 627 negligere
2324 560 2570 624 gratiam
2592 573 2710 626 qua:
2735 560 2799 611 in
2826 562 2874 612 te
2901 563 2996 621 est,
3026 573 3145 626 quae
3169 559 3303 611 data
3331 562 3406 612 est

1804 649 1905 702 tibi
1918 664 2020 717 per
2030 648 2376 717 prophetiam
2393 662 2522 700 cum
2535 649 2734 714 imposi
2737 648 2884 700 tione
2894 662 3173 700 manuum
3180 652 3408 715 presby-

1804 742 1909 791 teri
1916 736 2190 791 .Gratiam
2202 735 2450 806 appellat
2469 733 2559 788 hic
2577 733 2765 800 ﬁdem,
2781 740 2839 788 et
2857 734 3215 805 sapientiam,
3235 739 3407 805 atque

885 830 1016 884 Haec
1053 829 1191 884 dicit
1224 830 1467 902 Spiritus
1494 836 1722 886 sanctus
1802 824 2192 880 remissionem
2219 828 2597 894 peccatorum,
2631 827 2689 876 et
2737 821 2980 892 gratiam
3028 822 3405 893 episcopatus,

168 938 255 994 per
281 936 376 981 me,
408 920 539 987 quia
558 921 619 971 in
652 920 964 972 novissimis
991 920 1342 987 temporibus,
1371 919 1428 973 id
1444 918 1603 973 estin
1617 919 1722 973 hac
1805 929 1928 983 quae
1954 929 2054 984 per
2083 911 2438 984 prophetiam
2469 910 2604 964 data
2632 915 2719 964 est
2764 909 2865 975 illi,
2918 909 3051 980 quia
3099 911 3408 981 prophetiae

166 1007 437 1065 novissima
457 1010 623 1060 aetate
642 1006 703 1060 in
733 1022 846 1077 qua
871 1006 1038 1061 modo
1059 1023 1275 1075 sumus,
1305 1009 1579 1062 discedent
1607 1008 1729 1076 qui.
1807 1001 2009 1072 spiritu
2071 1000 2355 1054 revelante
2398 998 2657 1069 cognovit
2718 997 2914 1052 beatus
2968 998 3179 1053 Paulus
3222 998 3409 1053 Timo-

167 1100 278 1153 dam
301 1113 333 1150 a
358 1096 473 1163 ﬁde,
497 1096 835 1148 attendentes
862 1096 1156 1163 spiritibus
1183 1099 1415 1162 erroris,
1437 1095 1493 1150 id
1513 1101 1600 1151 est
1619 1097 1727 1152 die-
1806 1090 2002 1144 theum
2030 1089 2264 1160 dignum
2294 1104 2417 1143 esse
2447 1086 2752 1158 episcopali
2777 1087 3012 1142 honore.

171 1182 402 1240 monibus
432 1182 489 1236 in
510 1198 757 1237 errorem
777 1182 902 1237 illos
912 1182 1453 1249 trahentibus.Idem
1471 1189 1560 1239 est
1578 1185 1726 1256 quod

166 1271 329 1328 subdit
356 1289 367 1324 :
400 1276 449 1325 et
465 1270 804 1324 attendentes
827 1272 1096 1326 doctrinis
1123 1273 1524 1327 daemoniorum
1546 1276 1609 1327 in
1629 1274 1728 1342 hy-

2441 1229 2674 1285 CAPUT
2695 1230 2741 1283 ν
2754 1275 2766 1287 .

1879 1354 2167 1409 Seniorem
2198 1369 2264 1407 ne
2295 1356 2686 1422 increpaveris,
2713 1354 2847 1424 quia
2869 1354 3054 1408 solent
3078 1369 3241 1408 senes
3267 1353 3407 1407 dure

160 1361 348 1430 pocrisi
367 1360 704 1427 loquentium
724 1360 1161 1429 mendacium,id
1184 1365 1272 1415 est
1291 1361 1349 1414 in
1370 1360 1728 1416 simulatione

164 1447 408 1503 veritatis.
432 1447 725 1502 Dmmones
748 1447 897 1501 enim
917 1448 1230 1520 loquuntur
1256 1465 1359 1520 per
1403 1465 1502 1503 ora
1546 1450 1728 1505 haere-
1810 1444 2088 1515 εοείρθω,
2115 1443 2338 1514 quando
2368 1442 2731 1513 ίηονθρειηΐιιν
2768 1459 2799 1496 8
2823 1440 3164 1513 junioribus-
3187 1441 3296 1496 δαὶ
3319 1440 3407 1494 ἀί·

162 1537 373 1591 ticorum
387 1534 671 1597 simulate,
693 1535 849 1606 quasi
869 1552 1002 1591 vera
1039 1537 1114 1592 sit
1140 1554 1334 1593 eorum
1362 1538 1683 1610 pmdiwtio
1712 1558 1725 1594 ε
1808 1532 1885 1587 cit
1914 1531 2110 1586 beatus
2157 1530 2481 1601 Gregorius,
2516 1530 2649 1600 quia
2699 1530 2832 1585 licet
2874 1529 3174 1601 Apostolus
3217 1529 3367 1583 dicat
3398 1545 3410 1581 :

161 1631 203 1680 et
213 1627 562 1681 cauteri‘atvtm
594 1624 916 1678 habentium
927 1641 1084 1680 suam
1101 1627 1728 1683 conscientiam.Caute-
1806 1621 2092 1677 Seniorem
2116 1635 2183 1674 ne
2199 1622 2589 1687 increpaveris,
2613 1619 2802 1673 senior
2815 1624 3008 1674 tamen
3027 1618 3235 1673 stultus
3252 1618 3416 1672 vehe-

164 1729 217 1767 re
233 1713 309 1767 vel
331 1712 642 1767 cauterium
665 1717 750 1767 est
767 1712 1172 1768 ferramentum
1193 1715 1413 1781 medici,
1432 1731 1466 1769 a
1482 1732 1593 1786 quo
1612 1732 1729 1770 cor-
1747 1700 1794 1760 Β
1813 1713 2033 1763 menter
2051 1714 2134 1761 est
2164 1706 2558 1777 incl‘epanduss
2587 1712 2694 1760 θῐο·

158 1799 411 1870 rumpitur
437 1804 497 1853 et
526 1799 712 1855 uritur
749 1800 893 1855 cutis
932 1806 1147 1856 et-caro
1174 1802 1454 1870 hominis;
1496 1810 1552 1857 et
1587 1804 1731 1860 sicut

1893 1797 2091 1850 Viduas
2120 1796 2351 1861 honora,
2375 1811 2494 1862 quae
2522 1810 2642 1847 vere
2661 1795 2840 1847 viduae
2866 1798 3019 1860 sunt,
3041 1793 3099 1847 id
3124 1797 3211 1847 est
3236 1792 3410 1847 talem

159 1888 381 1943 cauterio
396 1887 542 1943 cutis
574 1895 631 1943 et
658 1904 789 1943 caro
812 1887 1210 1959 corrumpitur,
1225 1888 1308 1943 ita
1326 1888 1550 1943 illorum
1572 1905 1729 1944 mens
1813 1900 1935 1956 quae
1964 1883 2255 1954 sexaginta
2278 1898 2556 1938 annorum
2594 1887 2681 1936 est
2703 1887 2760 1935 et
2783 1880 2892 1935 fuit
2918 1880 3087 1935 unius
3113 1880 3220 1934 viri
3249 1896 3407 1947 uxor,

158 1976 240 2047 qui
281 1992 312 2031 a
361 1977 471 2032 ﬁde
500 1978 778 2032 recedunt
801 1981 1068 2048 corrupta
1094 1980 1181 2030 est
1198 1992 1371 2048 prava
1393 1977 1650 2032 doctrina
1673 1983 1732 2033 et
1811 1980 1871 2029 et
1888 1990 2010 2045 quas
2032 1973 2286 2027 desolata
2306 1977 2394 2027 est
2410 1989 2445 2026 a
2471 1971 2621 2036 ﬁliis,
2650 1975 2707 2025 et
2729 1969 2971 2034 ﬁliabus,
2990 1969 3256 2040 omnique
3275 1968 3413 2024 sub-

158 2079 391 2135 perverso
420 2081 614 2137 opere,
654 2070 711 2119 et
763 2066 869 2119 hoc
914 2069 999 2119 est
1030 2063 1180 2137 quod
1225 2064 1360 2120 dicit
1384 2066 1687 2136 Apostolus
1712 2083 1724 2119 :
1811 2063 2246 2119 stantia.Honor
2261 2067 2450 2118 autem
2477 2060 2567 2115 hic
2595 2077 2697 2131 pro
2722 2060 2869 2114 dono
2889 2064 2947 2114 et
2970 2058 3297 2114 muneribus
3325 2074 3415 2113 ac-

159 2152 465 2224 Corruptam
494 2152 773 2208 habentes
810 2156 1079 2207 mentem.
1812 2151 2041 2223 cipitur.

216 2242 630 2295 Prohibentium
652 2243 872 2306 nubere,
892 2241 951 2295 id
969 2245 1057 2295 est
1075 2240 1303 2312 nuptias
1318 2241 1620 2307 celebrare,
1643 2243 1733 2297 di-
1883 2240 2031 2295 Nam
2061 2239 2231 2294 vidua
2267 2256 2387 2309 qua:
2436 2242 2502 2292 in
2551 2239 2766 2291 deliciis
2815 2241 2890 2290 est
2927 2239 3111 2297 virens
3158 2251 3413 2306 corpore,

153 2335 319 2383 centes
343 2329 575 2401 nuptias
603 2346 639 2383 a
660 2328 879 2384 diabolo
895 2345 1015 2384 esse
1030 2329 1309 2395 inventas,
1337 2347 1448 2386 non
1477 2332 1733 2386 recolen-
1814 2334 2038 2383 mortua
2065 2333 2143 2383 est
2169 2329 2229 2383 in
2254 2328 2446 2383 anima
2460 2325 2611 2398 apud
2627 2324 2965 2392 Deum,licet
2984 2323 3134 2395 apud
3154 2323 3414 2378 homines

160 2420 234 2471 tes
258 2434 429 2489 neque
470 2418 857 2489 intelligentes
891 2418 1040 2488 quod
1067 2418 1206 2472 dixit
1232 2419 1506 2474 Dominus
1534 2420 1732 2491 primis
1813 2417 2036 2472 videtur
2058 2418 2258 2472 vivere.

154 2505 451 2561 hominibus
477 2525 492 2561 :
521 2508 756 2562 Crescite
784 2511 832 2559 et
862 2510 1328 2575 multiplicamini
1359 2508 1503 2577 (Gen.
1536 2514 1601 2577 1),
1633 2512 1691 2562 et
1718 2528 1731 2564 :
1888 2506 1954 2562 Si
1977 2509 2101 2574 quis
2124 2505 2306 2560 ﬁdelis
2323 2504 2410 2558 vel
2436 2503 2483 2557 si
2512 2519 2625 2573 qua
2660 2501 2829 2555 vidua
2876 2517 3105 2554 suorum
3144 2500 3412 2565 ﬁliorum,

161 2596 372 2662 Propter
412 2596 511 2648 hoc
560 2598 839 2662 relinquet
874 2595 1033 2648 homo
1064 2600 1283 2663 patrem
1312 2601 1361 2650 et
1397 2601 1654 2663 matrem,
1684 2602 1733 2650 et
1815 2600 1864 2648 et
1877 2598 2120 2652 maxime
2146 2596 2569 2648 domesticorum
2591 2591 2686 2662 qui
2716 2591 2772 2644 in
2798 2590 2966 2644 domo
2986 2590 3109 2658 ejus
3122 2595 3273 2648 sunt.
3317 2605 3417 2642 cu.-

156 2683 430 2737 adhzrebit
459 2685 636 2737 uxori
661 2698 774 2736 sua
804 2683 948 2749 (Gen.
985 2686 1069 2751 ιι).
1100 2684 1165 2737 In
1202 2683 1290 2737 his
1346 2684 1481 2738 locis
1520 2684 1737 2739 notavit
1815 2699 1944 2737 ram
1968 2699 2080 2736 non
2112 2684 2286 2747 habet,
2327 2686 2393 2735 ut
2418 2680 2545 2735 illos
2573 2679 2775 2733 doceat
2804 2681 2953 2731 recte
2981 2677 3165 2730 vivere
3194 2681 3252 2730 et
3279 2693 3415 2731 con-

157 2771 435 2841 Apostolus
454 2788 562 2842 per
582 2770 854 2842 Spiritum
876 2775 1130 2825 sanctum
1161 2771 1451 2826 haereticos
1481 2773 1578 2844 qui
1607 2778 1736 2844 post
1815 2770 2045 2837 versari,
2077 2772 2237 2837 ﬁdem
2266 2771 2486 2837 negavit
2506 2784 2607 2838 per
2634 2766 2785 2820 mala
2804 2781 2998 2836 opera,
3019 2770 3068 2818 et
3096 2769 3171 2819 est
3201 2765 3417 2845 inﬁdeli

153 2858 434 2915 discessum
469 2861 601 2931 ejus
623 2859 869 2922 fuerunt,
895 2858 1147 2914 Marcion
1184 2860 1462 2927 videlicet,
1494 2861 1729 2924 Hebion,
1815 2860 2056 2912 deterior
2076 2875 2093 2920 ;
2126 2857 2260 2929 quia
2287 2856 2490 2911 melius
2510 2860 2597 2910 est
2622 2854 2771 2910 viam
2793 2854 3046 2908 veritatis
3068 2868 3182 2908 non
3211 2868 3415 2922 cogno-

153 2946 529 3015 Cherinthum,
552 2949 1158 3019 Manem,caeterosque
1182 2949 1431 3019 perversi
1454 2949 1736 3020 dogmatis
1816 2963 1972 3002 scere
1999 2962 2168 3018 quam
2198 2950 2397 3017 postea
2421 2944 2664 3009 deviare,

152 3033 413 3096 doctores.
1750 3049 1795 3111 ο
1900 3037 2071 3090 Vidua
2099 3032 2638 3102 eligatur,subaudis
2659 3031 2731 3086 ad
2752 3030 3184 3086 sustentandum
3199 3029 3269 3083 de
3288 3028 3417 3084 sub—

209 3126 415 3193 Ineplas
445 3131 669 3189 autem,
701 3123 755 3178 id
784 3129 872 3179 est
898 3140 1011 3178 non
1038 3129 1201 3195 aptas
1229 3130 1287 3179 et
1313 3140 1427 3179 non
1458 3141 1738 3196 congruas
1819 3123 2028 3178 stantia
2063 3122 2322 3177 Ecclesiae
2342 3137 2456 3175 non
2487 3120 2678 3175 minus
2706 3120 3000 3189 sexaginta
3020 3132 3321 3184 annorum,
3357 3117 3417 3171 id

149 3211 334 3279 ﬁdei,et
362 3216 544 3268 aniles
565 3215 793 3281 fabulas
821 3213 1219 3267 devita.Aniles
1247 3212 1465 3267 fabulas
1490 3214 1740 3284 appellat
1820 3217 1907 3267 est
1933 3211 2320 3281 sexagenaria.

149 3298 524 3366 deliramenta,
554 3319 683 3373 quae
712 3302 895 3355 solent
916 3317 1059 3355 anus
1087 3307 1147 3355 et
1167 3302 1367 3355 vetulae
1391 3302 1736 3358 muliercula:

146 3390 440 3461 excogitare
488 3394 551 3444 et
599 3404 835 3443 narrare
874 3388 1209 3458 juvenculis.
1254 3390 1455 3443 Ererce
1501 3392 1736 3456 teipsum

144 3480 207 3530 ad
226 3483 504 3547 pietatem,
535 3478 597 3533 id
621 3477 952 3533 estextende
980 3477 1051 3531 ad
1073 3477 1286 3531 cultum
1317 3481 1375 3531 et
1398 3477 1736 3547 religionem

144 3567 530 3638 omnipotentis
565 3566 687 3633 Dei,
719 3571 777 3621 et
794 3566 862 3619 ad
886 3565 1354 3620 misericordiam.

202 3659 339 3711 Nam
369 3659 686 3726 corporalis
714 3658 1032 3710 exercitatio
1061 3656 1134 3709 ad
1164 3656 1461 3720 modicum,
1486 3654 1541 3708 id
1565 3658 1651 3709 est
1663 3654 1736 3708 ad

1883 3302 2022 3356 Cum
2051 3303 2202 3354 enim
2228 3300 2532 3354 luwuriatze
2561 3300 2778 3361 fuerint
2805 3297 2915 3352 illa:
2947 3296 3417 3351 adolescentiores

1819 3388 1996 3444 viduae
2028 3390 2231 3443 nubere
2247 3390 2439 3442 volunt
2458 3390 2521 3440 in
2539 3388 2771 3450 Christo,
2788 3386 2844 3440 id
2865 3389 2948 3440 est
2979 3386 3035 3439 in
3058 3385 3168 3439 ﬁde
3188 3383 3417 3451 Christi,

1819 3480 1877 3530 et
1902 3477 2126 3530 ﬁdelem
2158 3475 2538 3530 Christianum
2556 3474 2810 3544 accipere
2838 3473 2897 3527 in
2931 3472 3420 3527 maritum.Solent

1818 3565 2011 3619 multae
2044 3564 2308 3618 mulieres
2336 3562 2577 3617 mortuis
2625 3562 2757 3615 viris
2796 3562 2914 3615 suis
2943 3560 3275 3631 promittere
3302 3560 3418 3613 Deo

1818 3655 2174 3721 viduitatem,
2205 3654 2542 3718 castitatem,
2575 3657 2633 3705 et
2675 3651 2928 3722 accipere
2965 3650 3218 3703 velamen
3247 3664 3419 3719 super

144 3744 339 3815 aliquid
368 3750 536 3800 utilis
569 3750 666 3800 est.
698 3744 906 3798 Verum
947 3748 1034 3798 est
1081 3743 1215 3814 quia
1260 3743 1583 3801 exercitatio
1612 3759 1738 3797 cor-

140 3834 331 3902 poralis
373 3851 503 3905 quae
552 3835 625 3888 ﬁt
670 3832 727 3886 in
768 3832 957 3902 aliquo
999 3846 1185 3902 opere,
1225 3832 1480 3886 levamen
1506 3835 1740 3902 praestat

141 3914 374 3991 corpori;
414 3923 594 3977 aliter
629 3940 643 3975 :
674 3920 982 3991 corporalis
1037 3919 1361 3974 exercitatio
1409 3936 1533 3990 quas
1574 3920 1639 3973 ﬁt
1679 3920 1740 3973 in

1820 3748 1989 3813 caput
2011 3758 2197 3807 suum,
2230 3747 2425 3813 postea
2456 3757 2586 3794 vero
2613 3740 2854 3794 miscent
2881 3755 2940 3793 se
2978 3737 3154 3793 servis
3186 3737 3324 3805 suis,
3357 3741 3415 3791 et

1820 3831 1946 3885 aliis
1977 3836 2035 3885 et
2061 3828 2513 3891 fornicatoribus,
2539 3834 2708 3899 atque
2735 3829 2805 3881 ad
2828 3826 3087 3882 ultimum
3111 3828 3171 3880 in
3194 3825 3418 3881 Christo

1819 3920 2014 3974 volunt
2066 3919 2298 3983 nubere,
2354 3919 2410 3972 id
2439 3923 2526 3972 est
2556 3917 2803 3988 aliquem
2843 3916 3227 3971 Christianum
3274 3913 3417 3969 acci-

134 4010 356 4080 jejunio,
380 4013 441 4066 in
464 4010 697 4082 vigiliis,
722 4009 779 4063 id
801 4016 885 4063 est
906 4007 1267 4074 abstinentia,
1285 4008 1343 4062 in
1362 4008 1741 4062 refrenatione
1819 4024 1973 4079 pere,
2005 4007 2257 4061 dicentes
2283 4024 2294 4059 :
2315 4006 2459 4069 Quia
2487 4020 2599 4058 non
2620 4019 2846 4075 possum
2879 4019 2971 4056 me
2998 4003 3416 4066 continere,nu-

142 4100 393 4168 corporis,
427 4114 643 4170 parum
694 4096 925 4168 prodest
952 4096 1036 4150 illi
1067 4096 1163 4167 qui
1194 4094 1365 4149 habet
1390 4095 1540 4149 unde
1568 4095 1737 4149 faciat
1823 4095 1948 4150 bam
1970 4096 2138 4150 alicui
2155 4094 2474 4149 Christiano
2495 4092 2849 4147 ﬁdeli.Istam
2871 4091 3416 4161 talemjuvenculam

137 4184 544 4259 eleemosynam
577 4186 902 4259 pauperi,et
917 4185 1127 4240 retinet
1144 4185 1511 4239 illam.Pietas
1522 4190 1732 4251 autem,
1816 4184 2071 4256 praecipit
2096 4183 2397 4255 Apostolus
2426 4181 2955 4247 devitare,habentes
2974 4180 3413 4246 damnationem,

135 4272 187 4327 id
211 4281 291 4330 est
310 4275 723 4331 misericordiae
743 4275 982 4346 opus,ad
992 4289 1185 4327 omnia
1204 4276 1364 4327 utilis
1383 4278 1479 4339 est,
1499 4276 1736 4342 promis-
1816 4276 1952 4343 quia
1967 4276 2215 4343 primam
2245 4274 2406 4339 ﬁdem
2425 4275 2483 4324 et
2501 4269 2947 4340 promissionem,
2967 4283 3134 4338 quam
3159 4267 3276 4321 Deo
3291 4283 3417 4338 pro-

133 4363 325 4418 sionem
354 4365 570 4419 habens
602 4367 725 4417 vita
752 4362 1064 4434 praesentis,
1097 4377 1215 4430 quae
1262 4378 1415 4416 nunc
1459 4367 1536 4415 est
1563 4366 1612 4414 et
1639 4362 1735 4428 fu-
1757 4350 2092 4417 Dmiserunt
2114 4375 2445 4433 permanere
2471 4359 2530 4413 in
2561 4358 2852 4424 viduitate,
2899 4360 3131 4411 irritam
3164 4357 3415 4423 fecerunt

135 4454 260 4505 tura
281 4453 456 4507 etiam
488 4454 645 4507 vitae.
674 4452 782 4516 Qui
803 4452 1215 4522 eleemosynam
1244 4449 1571 4521 impendere
1590 4465 1731 4521 pau—
1812 4450 2148 4521 accipientes
2176 4454 2369 4520 postea
2398 4447 2685 4502 maritum.

129 4540 237 4609 peri
265 4548 445 4607 curat,
485 4548 546 4597 et
578 4542 640 4596 in
668 4540 935 4612 praesenti
954 4539 1242 4594 ministrat
1268 4539 1319 4593 ei
1351 4542 1496 4594 Deus
1518 4543 1732 4610 tempo-
1893 4541 2012 4595 Volo
2030 4542 2251 4593 nullam
2267 4541 2599 4592 occasionem
2615 4537 2751 4590 dare
2765 4532 3168 4593 adversario,id
3187 4538 3273 4587 est
3288 4534 3414 4588 volo

128 4628 257 4683 ralia
282 4630 567 4697 subsidia,
612 4636 672 4685 et
704 4629 765 4683 in
792 4629 984 4683 futuro
1016 4628 1184 4683 vitam
1221 4632 1512 4692 aeternam,
1543 4631 1601 4681 et
1627 4627 1732 4683 hoc
1812 4633 1876 4683 ut
1903 4628 2253 4682 occasionem
2284 4643 2395 4681 non
2425 4625 2561 4680 dent
2597 4624 2821 4678 diabolo
2858 4625 3046 4691 gratia
3076 4620 3193 4674 sive
3221 4637 3409 4681 causa,

130 4721 203 4771 est
221 4721 364 4790 quod
394 4721 581 4775 dicit:
608 4721 1037 4774 Promissionem
1062 4719 1266 4772 habens
1293 4716 1586 4788 praesentis
1608 4720 1730 4771 vita:
1811 4719 2092 4771 maledicti
2109 4721 2173 4770 ut
2186 4715 2597 4770 maledicantur
2623 4717 2679 4767 et
2695 4712 3161 4783 blasphementur
3191 4707 3261 4760 ab
3281 4707 3410 4763 illis.

127 4810 169 4857 et
193 4809 424 4874 futurae,
1880 4806 1944 4860 Si
1967 4820 2078 4876 qua
2106 4805 2283 4872 ﬁdelis
2304 4803 2508 4857 mulier
2526 4803 2683 4855 habet
2703 4801 2899 4854 m‘duas
2919 4798 3064 4851 ﬁlias
3083 4800 3184 4850 aut
3203 4801 3400 4866 neptes

188 4896 290 4962 Qui
317 4904 393 4952 est
417 4899 695 4955 Salvator
711 4898 968 4950 omnium
994 4896 1287 4950 hominum
1316 4896 1557 4947 maxime
1594 4894 1728 4959 ﬁde-
1808 4894 2191 4947 subministret
2219 4894 2337 4945 illis
2367 4908 2490 4962 quae
2513 4888 2831 4944 necessaria
2859 4890 3012 4940 sunt.

125 4984 274 5039 lium.
306 4987 469 5041 Sicut
497 4984 864 5056 omnipotens
900 4984 1050 5038 Deus
1091 4987 1314 5037 creator
1349 4987 1436 5036 est
1475 4981 1729 5035 omnium
1884 4983 1990 5049 Qui
2008 4982 2133 5034 bene
2150 4985 2397 5049 praesunt
2420 4979 2771 5047 presbyteri,
2795 4977 3010 5044 duplici
3035 4974 3237 5027 honore
3253 4974 3416 5041 digni

124 5075 627 5140 creaturarum,ita
641 5073 810 5127 etiam
825 5071 1229 5142 salvator,quia
1242 5070 1361 5141 ipse
1371 5070 1550 5124 salvat
1568 5069 1725 5124 illam
1812 5067 2437 5139 habeantur.Duplicem
2461 5067 2726 5119 honorem
2742 5063 2996 5136 praecipit
3035 5060 3285 5117 exhiberi
3299 5079 3423 5134 pre-

122 5158 173 5214 in
211 5162 314 5219 hoc
356 5164 599 5219 saeculo.
635 5161 875 5216 Maxime
924 5166 1118 5214 tamen
1183 5159 1436 5214 ﬁdelium
1483 5158 1730 5213 salvator
1809 5158 2067 5229 sbyteris,
2095 5157 2153 5210 in
2172 5154 2607 5211 salutationibus
2635 5153 2907 5211 videlicet.
2941 5157 3008 5207 ut
3028 5151 3329 5206 humilient
3352 5168 3414 5208 se

123 5260 217 5315 est,
252 5268 392 5323 quos
421 5253 616 5307 salvat
657 5250 714 5304 in
744 5250 848 5303 hoc
875 5249 1078 5303 saeculo
1107 5253 1166 5303 et
1193 5249 1251 5302 in
1281 5248 1488 5302 futuro.
1805 5248 1919 5301 illis
1946 5245 2200 5316 subjecti,
2233 5250 2291 5299 et
2319 5243 2648 5299 exhibendis
2681 5242 2843 5298 donis
2869 5241 3250 5312 subsidiisque
3268 5246 3415 5295 tem-

181 5340 344 5395 Νετηο
363 5342 802 5395 adolescentiam
823 5344 980 5391 tuam
1001 5334 1725 5392 contemnat.Adolescentia
1806 5334 2108 5407 poralibus.

118 5430 171 5479 et
189 5429 459 5497 juventus
473 5444 588 5500 pro
619 5444 731 5482 uno
770 5426 1129 5498 accipiuntur
1176 5426 1247 5480 Et
1272 5426 1602 5481 Timotheus
1626 5426 1723 5494 ju-
1876 5424 2008 5480 Sine
2033 5421 2360 5490 praejudicio
2390 5420 2535 5472 nihil
2571 5421 2747 5487 facias
2775 5422 2839 5473 in
2871 5422 3049 5473 aliam
3072 5424 3292 5487 partem
3324 5418 3402 5471 de

114 5516 257 5572 Venis
276 5519 397 5587 jam
427 5523 582 5584 erat,
610 5515 738 5572 ideo
757 5515 926 5571 dicit:
957 5514 1150 5569 Talem
1176 5518 1234 5569 te
1258 5513 1462 5585 praebe,
1492 5520 1557 5568 ut
1575 5518 1716 5567 teta-
1804 5510 2091 5576 clinando,
2117 5509 2174 5563 id
2189 5513 2277 5563 est
2293 5507 2436 5564 nihil
2454 5508 2627 5563 iacias
2656 5508 2765 5563 nisi
2793 5508 2953 5581 prius
2981 5514 3078 5563 tuo
3108 5504 3323 5575 judicio
