3852 6154
401 189 508 254 795
875 186 1256 253 HAYMONIS
1281 186 1773 250 HALBERSTAT.
1807 169 2034 247 EPISC.
2066 187 2226 246 ore.
2258 189 2444 248 rans
2472 190 2519 247 1.
2553 217 2619 235 —
2655 187 3029 247 comm.
3061 193 3248 249 BIBL.
3524 201 3608 258 ’ωε

406 317 743 377 discretione
762 314 1067 378 “animas!
1090 318 1150 376 ει
1166 313 1452 373 discerni“
1469 317 1658 369 ιητυω
1677 312 1993 372 “mendum
2011 318 2062 377 Δ
2079 316 2424 388 Scriptorum
2441 334 2542 389 per
2558 319 2762 374 malam
2777 318 3319 389 interpretationem:
3341 327 3621 392 suspiciones

409 407 485 460 sit
513 423 616 460 nec
645 422 735 458 ne.
1499 429 1508 432 -
2083 411 2244 460 malae
2284 407 2354 460 ad
2385 407 2643 472 invicem,
2677 405 2810 477 quia
2838 423 2984 462 unus
3017 410 3335 480 suspicatur
3360 395 3514 467 alium
3536 431 3628 470 non

482 498 680 552 Manus
701 499 805 550 cito
826 497 1042 552 nemini
1061 495 1406 560 imposueris,
1421 493 1597 548 donec
1617 493 1819 564 probes
1833 493 2000 547 vitam
2085 503 2234 548 recte
2255 495 2569 565 intelligere
2600 500 3029 562 conﬂictationcs
3057 499 3344 553 hominum
3371 507 3529 555 mente
3545 521 3635 556 cor-

409 584 565 640 illius
587 591 640 638 et
652 584 841 646 ﬁdem,
863 588 1054 639 utrum
1075 586 1284 639 rectam
1308 581 1475 636 ﬁdem
1497 587 1687 637 teneat
1711 589 1880 652 atque
1909 583 2005 634 do-
2088 590 2403 651 ruptorum,
2420 585 2552 654 quia
2565 585 2916 654 conﬂigendo
2937 587 3157 640 interse
3173 587 3243 640 de
3261 589 3638 658 quaestionibus,

413 671 654 729 ctrinam
681 671 832 728 illius
863 677 926 729 ut
964 671 1140 740 possit
1183 670 1451 740 populum
1490 671 1708 726 docere.
1753 671 1885 724 Sine
1919 671 2006 724 his
2088 682 2452 744 corrumpunt
2485 674 2776 728 hominum
2805 679 3106 738 mentes,et
3135 675 3218 729 illi
3237 677 3380 729 tales
3406 681 3644 732 orer-italo

410 759 595 816 tribus
609 759 795 818 nullus
812 765 898 814 est
913 759 1260 817 ordinandus
1271 759 1563 829 episcopus
1578 765 1678 814 aut
1695 758 2006 828 presbyter,
2083 765 2298 829 privati
2319 763 2532 818 sunt.id
2547 763 2809 832 estionge
2827 762 3067 833 separati
3081 767 3647 829 sunt,e.-ristimantium

413 848 474 910 id
521 854 608 905 est
640 847 762 905 sine
809 847 918 904 ﬁde
956 847 1250 912 catholica,
1291 847 1714 902 conversatione
1758 847 1924 913 bona,
1953 854 2011 904 et
2091 856 2360 920 quaestum
2410 852 2527 905 sive
2571 852 2788 910 lucrum
2819 853 3130 922 temporale
3155 869 3266 906 esse
3289 857 3536 921 pietatem
3560 855 3651 909 sive

414 937 670 1001 doctrina
700 951 856 995 sana.
2092 939 2568 1010 praedicationem,
2601 939 2658 992 id
2688 945 2774 992 est
2795 940 2891 1010 qui
2911 940 3036 994 ideo
3055 941 3364 1012 praedicant
3383 946 3446 995 ut
3469 941 3652 996 lucrum

487 1028 668 1094 Neque
695 1029 1190 1084 co-mmunicareris
1231 1028 1464 1094 peccatis
1497 1027 1715 1079 alienis.
1762 1025 2011 1079 Peccatis
2092 1029 2404 1099 temporale
2433 1029 2651 1098 possint
2679 1029 2934 1100 accipere
2960 1028 3031 1082 ab
3059 1029 3433 1084 auditoribus.

415 1116 796 1170 communicat
821 1115 1136 1186 episcopus,
1161 1114 1217 1166 id
1238 1120 1324 1167 est
1347 1114 1622 1186 particeps
1651 1120 1736 1167 est
1755 1119 2010 1184 peccato-
2169 1119 2258 1172 Est
2279 1123 2464 1170 autem
2483 1121 2716 1184 quastus
2733 1122 3169 1192 magnus,pietas
3187 1131 3316 1170 cum
3335 1120 3657 1185 sumi-tentia.

415 1222 545 1259 rum
575 1205 834 1274 alicujus,
870 1205 1094 1274 quando
1135 1204 1422 1272 cognoscit
1463 1203 1710 1272 aliquem
1743 1203 2016 1256 veraciter
2095 1207 2176 1262 Ac
2204 1206 2250 1259 si
2289 1205 2499 1259 diceret
2534 1222 2546 1258 :
2578 1205 2674 1259 Vis
2705 1205 2866 1270 scire,
2907 1222 2942 1260 ο
2987 1206 3304 1266 Timothee,
3341 1207 3484 1277 quod
3503 1208 3570 1261 sit
3587 1209 3658 1261 lu-

417 1294 785 1353 criminosum
809 1310 952 1351 esse.
982 1292 1066 1350 vel
1088 1291 1247 1348 audit
1279 1292 1486 1346 malam
1515 1291 1720 1345 famam
1757 1292 1926 1354 illius,
1959 1298 2014 1345 et
2097 1311 2252 1349 crum
2294 1309 2560 1364 magnum
2591 1309 2688 1348 seu
2724 1295 3004 1364 quaestus?
3039 1296 3244 1358 Pietas,
3277 1295 3333 1348 id
3367 1301 3450 1349 est
3477 1296 3660 1350 ﬁdeset

418 1381 645 1438 ordinat
667 1381 826 1438 illum
857 1381 1180 1450 episcopum
1209 1379 1294 1435 vel
1334 1378 1744 1450 presbyterum.
1797 1379 1856 1433 Si
1886 1395 2016 1432 vero
2098 1383 2343 1453 cognitio
2373 1389 2577 1437 sancte
2605 1383 2896 1440 Trinitatis
2923 1388 3008 1436 est
3034 1384 3252 1438 lucrum
3283 1397 3540 1456 magnum
3554 1401 3660 1439 cum

420 1469 647 1539 ignorat
666 1474 892 1538 peccata
907 1467 1188 1526 illiusmec
1206 1467 1365 1522 audit
1387 1467 1538 1522 illius
1560 1468 1763 1523 malam
1783 1468 2013 1532 famam,
2097 1471 2454 1536 sufﬁcientia,
2476 1470 2700 1540 quando
2726 1468 2896 1523 homo
2914 1485 3026 1524 non
3049 1471 3334 1526 desiderat
3349 1471 3472 1541 plus
3487 1456 3664 1526 habere

419 1573 604 1626 neque
623 1557 771 1613 videt
796 1557 954 1610 illum
975 1558 1288 1612 contessum
1309 1560 1407 1608 aut
1422 1554 1734 1610 convictum
1754 1555 2014 1616 testibus,
2099 1575 2269 1630 quam
2299 1576 2526 1615 necesse
2557 1566 2642 1614 est
2668 1559 2740 1612 ad
2765 1560 3015 1630 corporis
3043 1560 3433 1614 necessitatem
3461 1560 3662 1630 implea-

424 1645 558 1699 licet
569 1645 641 1698 sit
653 1650 910 1714 peccator
927 1643 1020 1714 qui
1037 1643 1468 1708 ordinatur,non
1483 1651 1569 1696 est
1579 1643 1873 1714 episcopus
1893 1661 2018 1715 par—
2036 1630 2082 1692 Β
2097 1649 2250 1704 dam,

419 1734 597 1805 ticeps
626 1741 985 1804 peccatorum
1017 1734 1155 1802 ejus.

491 1825 622 1880 Noli
649 1824 828 1879 adhuc
856 1838 1061 1890 aquom
1090 1823 1286 1887 bibere,
1317 1821 1407 1876 sed
1457 1822 1667 1875 modico
1710 1825 1838 1875 uino
1869 1825 2020 1874 utere

392 1915 400 1920 ’
414 1913 998 1982 propterstomachum
1011 1915 1245 1972 tuum,et
1258 1911 1568 1978 frequentes
1585 1917 1707 1964 tuas
1721 1913 2022 1976 inﬁrmitap

423 2001 721 2060 tcs.Solent
744 1999 1000 2056 homines
1030 1999 1126 2069 qui
1155 2015 1283 2061 cum
1319 1999 1446 2054 vino
1475 1999 1676 2054 nutriti
1695 2005 1844 2062 sunt,
1865 1999 2022 2052 inﬁr-

427 2089 573 2144 mari
605 2089 828 2160 quando
859 2088 1146 2140 abstinent
1171 2105 1205 2141 a
1225 2087 1513 2157 vino,quia
1542 2087 1700 2157 quasi
1722 2092 1924 2142 natura
1939 2090 2023 2140 est

428 2179 542 2238 illis
571 2179 762 2236 vinum
787 2177 995 2232 bibere.
1033 2177 1306 2231 Similiter
1332 2177 1402 2231 de
1441 2177 1654 2231 caeteris
1701 2176 1866 2230 rebus
1896 2191 2025 2230 cum

433 2268 636 2340 quibus
661 2267 829 2322 homo
860 2266 1108 2322 nutritus
1139 2271 1241 2328 est,
1265 2271 1323 2320 et
1351 2282 1472 2330 quae
1498 2266 1556 2320 in
1581 2281 1688 2320 usu
1719 2264 1915 2318 habuit
1945 2263 2024 2318 tsi

429 2357 653 2428 quando
680 2355 750 2409 ab
780 2355 890 2409 illis
925 2355 1190 2416 abstinet,
1223 2353 1547 2408 debilitatur
1577 2370 1795 2423 corpus,
1829 2358 1884 2406 et
1913 2368 2025 2406 non

433 2446 581 2504 valet
623 2445 849 2514 eXplere
896 2443 978 2497 ita
1006 2443 1254 2497 divinum
1287 2443 1551 2505 ofﬁcium,
1584 2447 1642 2496 et
1669 2442 1770 2496 Dei
1799 2441 2026 2495 servitio

431 2549 552 2588 esse
580 2532 1186 2602 deditus.Quapropter
1201 2547 1270 2589 ne
1297 2531 1624 2585 Timotheus
1648 2529 1883 2584 nimium
1907 2528 2030 2582 abs-

430 2621 662 2682 tinendo
691 2638 725 2678 ει
753 2621 882 2676 vino
913 2621 1298 2676 inﬁrmaretur
1322 2619 1582 2690 amplius,
1615 2623 1672 2672 et
1700 2635 1813 2672 non
1839 2623 2030 2687 posset

431 2711 792 2782 postmodum
823 2709 1010 2766 divino
1041 2709 1195 2779 operi
1217 2707 1496 2772 insistere,
1529 2707 1778 2777 praecipit
1804 2707 1854 2759 ei
1883 2707 2028 2776 Apo-

431 2801 612 2856 stolus
635 2799 855 2856 modico
879 2798 1006 2853 vino
1037 2798 1414 2868 uti,qu0niam
1445 2797 1494 2851 si
1521 2797 1711 2850 vinum
1732 2811 1858 2850 cum
1889 2801 2030 2848 tem-

431 2889 692 2961 perantia
712 2894 769 2942 et
788 2887 1090 2942 sobrietate
1121 2887 1246 2957 quis
1273 2885 1494 2940 biberit.
1519 2886 1772 2939 levamen
1805 2889 2031 2955 praestat

431 2977 790 3048 corpori.Sed
803 2976 936 3046 quid
959 2982 1043 3030 est
1064 2976 1210 3046 quod
1229 2983 1444 3046 patrem
1468 2975 1651 3028 Publii
1681 2973 2030 3045 dyssenteria

434 3065 785 3123 laborantem
811 3066 929 3119 solo
958 3064 1124 3118 verbo
1144 3064 1362 3118 sanavit
1377 3064 1698 3134 Apostolus,
1723 3069 1778 3116 et
1797 3063 2036 3132 discipu-

435 3154 554 3207 lum
573 3169 736 3206 suum
752 3153 1109 3206 Timotheum
1133 3169 1244 3204 non
1270 3153 1509 3212 sanavit,
1526 3152 1631 3205 nisi
1645 3151 2035 3206 tantummodo

441 3241 779 3300 medicinam
810 3240 1223 3310 quodammodo
1250 3241 1514 3301 ostendit,
1533 3257 1634 3309 per
1665 3257 1831 3310 quam
1861 3239 2035 3308 possit

441 3330 655 3400 aliquid
682 3345 882 3400 corpus
911 3329 1182 3382 allevare?
1215 3329 1378 3381 Pater
1423 3327 1602 3381 Publii
1632 3329 1765 3397 quia
1795 3328 2036 3380 inﬁdelis

441 3424 580 3482 erat,
616 3434 844 3473 necesse
870 3417 1114 3472 habebat
1133 3415 1318 3470 sanari
1347 3432 1448 3486 per
1469 3415 1822 3480 miraculum,
1853 3421 1917 3470 ut
1937 3432 2038 3486 per

439 3507 740 3564 sanitatem
760 3506 1009 3578 corporis
1025 3506 1125 3559 sibi
1148 3505 1454 3575 praestitum
1477 3505 1794 3574 perveniret
1804 3505 1875 3557 ad
1895 3506 2041 3557 sani-

440 3602 618 3652 tatem
646 3597 846 3652 animae
869 3595 1230 3652 :Timotheus
1262 3610 1390 3647 vero
1421 3594 1516 3663 qui
1547 3593 1730 3648 ﬁdelis
1760 3602 1900 3654 erat,
1927 3610 2038 3646 non

441 3684 733 3754 indigebat
761 3685 950 3741 sanari
991 3700 1092 3756 per
1119 3682 1478 3749 miraculum,
1510 3681 1642 3752 quia
1680 3681 2040 3736 ﬁdelissimus

442 3779 583 3830 erat.

1049 3917 1284 3976 CAPUT
1322 3917 1422 3976 VI.

511 4046 577 4102 Si
603 4049 728 4114 quis
751 4049 918 4105 aliter
943 4046 1108 4105 docet,
1141 4043 1410 4098 subaudis
1447 4057 1615 4113 quam
1646 4057 1749 4095 nos
1770 4041 2042 4111 praedica-

446 4151 596 4197 mus,
628 4151 741 4188 non
765 4135 969 4188 debere
990 4150 1179 4187 servos
1200 4133 1393 4185 ﬁdeles
1415 4131 1623 4184 servire
1648 4130 1889 4184 dominis
1913 4129 2044 4182 inﬂ-

447 4222 689 4289 delibus;
707 4228 754 4276 et
777 4239 887 4276 non
906 4223 1199 4289 acquiescit
1229 4223 1381 4273 sanis
1401 4221 1515 4272 sive
1536 4219 1681 4272 veris
1702 4221 2045 4272 sermonibus

449 4313 678 4366 Domini
706 4314 884 4364 nostri
899 4313 1024 4362 Jcsu
1049 4310 1276 4368 Christi,
1309 4313 1356 4360 et
1377 4311 1428 4359 ei
1443 4308 1611 4360 etiam
1644 4307 1909 4361 doctrinae
1935 4323 2047 4360 non

2171 1741 2319 1792 Nam
2347 1741 2447 1805 qui
2473 1739 2668 1792 divites
2689 1743 2882 1792 volunt
2911 1741 3036 1806 ﬁeri
3055 1739 3318 1792 incidunt
3354 1740 3416 1790 in
3443 1739 3662 1792 tentatio—

2101 1843 2195 1880 nes
2216 1827 2482 1891 diversas,
2509 1827 2641 1896 quia
2677 1827 2774 1882 diu
2803 1837 3088 1896 noctuque
3120 1827 3372 1896 cogitant
3416 1825 3666 1896 quomodo

2102 1915 2319 1986 possint
2346 1915 2536 1979 ditari,
2563 1920 2622 1970 et
2646 1914 2902 1970 incidunt
2930 1917 3101 1970 etiam
3128 1916 3187 1969 in
3218 1919 3495 1984 laqueum,
3519 1915 3571 1969 id
3599 1919 3666 1968 est

2103 2005 2162 2057 in
2183 2004 2604 2058 damnationem
2635 2003 2865 2058 diaboli.
2976 2064 2986 2070 _

2175 2095 2352 2148 Radix
2375 2094 2490 2146 sive
2521 2092 2745 2146 initium
2776 2095 3032 2146 omnium
3067 2095 3351 2146 malorum
3381 2098 3458 2146 est
3481 2094 3668 2161 cupidi-

2109 2186 2207 2242 tas,
2243 2181 2299 2234 id
2347 2187 2430 2234 est
2475 2195 2637 2234 amor
2663 2181 3028 2251 pecuniarum
3079 2186 3137 2234 et
3180 2181 3410 2234 honoris
3445 2201 3459 2235 :
3495 2185 3670 2250 quaet

2106 2270 2341 2323 avaritia
2369 2269 2713 2331 nominatur,
2741 2269 2873 2338 quia
2903 2269 3090 2322 omnia
3122 2270 3271 2323 mala
3297 2270 3368 2322 de
3397 2269 3491 2322 illa
3513 2284 3671 2339 proce-

2105 2357 2249 2411 dunt
2294 2357 2598 2410 Videamus
2620 2357 2936 2427 quomodo?
2968 2356 3116 2410 verbi
3145 2357 3332 2426 gratia
3364 2353 3672 2410 :Voloadul-

2108 2446 2312 2498 terium
2347 2453 2691 2514 perpetrare,
2726 2443 2916 2498 occido
2972 2444 3156 2497 virum
3202 2445 3474 2506 mulieris,
3514 2449 3564 2496 et
3587 2443 3672 2496 hoc

2107 2532 2388 2602 cupiditas
2417 2532 2562 2602 agit;
2581 2532 2704 2585 volo
2727 2531 3014 2585 abundare
3043 2530 3270 2594 divitiis,
3285 2532 3478 2584 aufero
3496 2547 3672 2601 equum

2111 2620 2367 2688 alicujus,
2401 2625 2458 2672 et
2495 2619 2739 2688 exspolio
2777 2618 2938 2678 alios,
2973 2623 3030 2671 et
3060 2618 3115 2671 in
3147 2618 3252 2671 hoc
3279 2617 3552 2688 cupiditas
3577 2623 3672 2682 est;

2111 2709 2374 2764 similiter
2414 2709 2484 2761 de
2513 2707 2731 2760 caeteris
2783 2707 2933 2760 vitiis
2978 2706 3412 2776 intelligendum
3463 2714 3558 2761 est.
3586 2706 3677 2760 Sed

2113 2797 2346 2868 quaestio
2377 2802 2458 2851 est
2489 2797 2547 2849 in
2587 2795 2693 2849 hoc
2713 2796 2835 2849 loco
2883 2813 2894 2848 :
2954 2811 3129 2865 quare
3177 2793 3331 2850 dicat
3368 2796 3678 2866 Apostolus:

2117 2886 2295 2939 Radix
2326 2886 2577 2938 omnium
2613 2886 2890 2944 malorum
2915 2891 2998 2938 est
3009 2884 3290 2955 cupiditas
3307 2886 3426 2939 sive
3447 2883 3681 2938 avaritia?

2116 2992 2241 3029 cum
2295 2974 2575 3044 sapientia
2626 2973 2776 3028 dicat
2817 2992 2828 3028 :
2887 2973 3112 3028 initium
3156 2974 3273 3027 sive
3320 2974 3480 3026 radix
3527 2971 3682 3026 omnis

2117 3063 2330 3136 peccati
2359 3061 2620 3132 superbia
2654 3079 2664 3114 :
2700 3061 2981 3132 quomodo
3011 3077 3143 3131 ergo
3182 3062 3291 3114 erit
3326 3069 3612 3130 utrumque
3639 3064 3687 3112 et

2119 3153 2354 3208 avaritia
2383 3150 2537 3204 radix
2568 3150 2796 3221 peccati,
2830 3155 2887 3204 et
2925 3150 3186 3220 superbia
3238 3151 3462 3204 initium
3483 3145 3685 3220 peccati.

2119 3243 2434 3312 Utrumque
2462 3255 2652 3293 verum
2685 3245 2789 3304 est,
2809 3239 2940 3310 quia
2965 3239 3073 3292 ista
3107 3239 3218 3291 duo
3237 3241 3537 3308 conjuncta
3553 3243 3686 3300 sunt,

2118 3338 2176 3385 et
2189 3347 2364 3386 unum
2397 3330 2517 3383 sine
2547 3330 2724 3382 altero
2746 3343 3102 3398 nequaquam
3129 3329 3220 3382 sit.
3242 3329 3492 3381 Avaritia
3508 3326 3690 3380 etenim

2119 3435 2230 3474 non
2257 3419 2436 3472 solum
2471 3418 2793 3472 divitiarum
2827 3423 2932 3484 est,
2964 3417 3062 3470 sed
3101 3415 3420 3470 altitudinis
3450 3422 3501 3470 et
3527 3414 3690 3484 digni-

2121 3509 2272 3562 tatis.
2300 3508 2499 3560 Omnis
2541 3523 2783 3575 namque
2826 3505 3102 3576 superbus
3141 3505 3267 3559 ideo
3316 3521 3376 3559 se
3408 3505 3610 3558 extollit
3641 3510 3694 3556 ut

2125 3599 2307 3666 major
2329 3601 2599 3666 appareat
2627 3595 2772 3654 aliis,
2796 3601 2853 3647 et
2880 3609 3081 3647 avarus
3109 3593 3234 3647 ideo
3256 3598 3554 3663 congregat
3579 3591 3696 3666 divi-

2122 3659 2232 3740 tias
2262 3691 2326 3739 ut
2353 3659 2521 3738 altior
2549 3689 2605 3737 et
2635 3683 2918 3754 potentior
2957 3683 3032 3735 sit
3071 3679 3194 3735 aliis
3240 3682 3297 3735 in
3345 3659 3697 3751 dignitatefet

2121 3775 2402 3846 praecellat
2423 3790 2517 3827 eos
2544 3773 2600 3826 in
2627 3761 2988 3826 multitudine
3005 3769 3358 3831 divitiarum:
3386 3787 3570 3838 quam,
3590 3766 3702 3822 sub-

2157 3863 2320 3917 audis
2358 3861 2722 3932 cupiditatem
2767 3861 2883 3914 sive
2936 3859 3252 3922 avaritiam,
3301 3861 3531 3928 qui'dam
3564 3869 3703 3925 appo-

2127 3957 2312 4017 ωηερε,
2345 3951 2404 4006 id
2433 3957 2520 4005 est
2547 3951 2698 4004 ultra
2742 3949 2974 4003 modum
3022 3955 3358 4019 quaerentes,
3394 3951 3702 4001 erraverunt

2125 4055 2160 4093 a
2180 4044 2302 4109 ﬁde,
2330 4047 2437 4094 etc.

2200 4129 2557 4198 App-rehende
2602 4129 2776 4180 vitam
2830 4131 3114 4188 aternam,
3157 4131 3311 4180 recte
3366 4123 3612 4179 docendo
3658 4127 3705 4174 et

2128 4220 2271 4274 bene
2299 4218 2552 4280 vivendo,
2587 4218 2659 4270 od
2706 4231 2870 4284 quam
2901 4215 3320 4285 percipiendam
3360 4219 3579 4268 roratas
3600 4227 3648 4265 es
3668 4215 3706 4262 et

2130 4311 2403 4374 confessus
2427 4308 2623 4358 bonum
2655 4305 3041 4370 confessionem
3067 4318 3247 4356 coram
3271 4305 3467 4356 multis
3489 4302 3707 4356 testibus.

450 4399 774 4470 acquiescit,
799 4415 916 4467 qua:
935 4397 1612 4462 sccundmnpictalem,id
1635 4403 1718 4450 est
1741 4397 2048 4449 secundum
2131 4396 2482 4462 Apprrhende
2543 4395 2715 4445 vitam
2779 4397 3061 4445 uernum.
3117 4389 3443 4444 Timotheus
3505 4385 3707 4458 quando

450 4489 784 4559 religionem
810 4494 915 4551 est,
948 4484 1214 4540 subaudis
1241 4485 1309 4537 de
1330 4485 1460 4537 vita.
1486 4487 1547 4538 In
1567 4485 1670 4537 hoc
1690 4485 1808 4538 loco
1829 4485 2049 4538 Judaeos
2131 4484 2452 4554 baptizatus
2479 4487 2580 4540 est,
2615 4487 2786 4534 tanta:
2843 4480 3025 4534 aetatis
3073 4486 3214 4542 erat,
3247 4488 3312 4533 ut
3354 4479 3712 4547 interrogatus

449 4585 629 4643 notat,
666 4577 762 4650 qui
791 4576 1053 4632 dicebant
1081 4591 1191 4628 non
1218 4580 1428 4628 temere
1459 4589 1678 4626 servum
1717 4574 1774 4626 in
1826 4573 2052 4626 servitio
2136 4579 2328 4628 utrum
2363 4571 2616 4624 crederet
2663 4570 2841 4623 Deum
2872 4569 3342 4638 omnipotentem,
3374 4574 3430 4620 et
3455 4564 3714 4638 quomodo

453 4669 634 4725 teneri
665 4667 772 4722 nisi
804 4683 896 4720 sex
937 4665 1122 4724 annis.
1171 4662 1480 4717 secundum
1513 4662 1654 4731 legis
1687 4669 2050 4732 praeceptum.

455 4760 566 4814 Sed
603 4758 739 4812 dicit
766 4757 962 4812 beatus
999 4754 1352 4824 Augustinus
1398 4752 1526 4822 quia
1556 4751 1692 4804 illud
1724 4751 2054 4821 spiritaliter

453 4854 541 4902 est
567 4847 1404 4917 intelligendum,magnumque
1423 4841 1752 4912 mysterium
1777 4840 1832 4893 in
1851 4857 1908 4892 se
1928 4855 2054 4892 con-

454 4936 618 4997 tinet,
644 4937 790 5005 quod
821 4936 900 4988 illi
929 4934 1234 4989 carnaliter
1253 4931 1641 4994 observabant,
1663 4936 1720 4983 et
1740 4928 1876 4982 dicit
1905 4929 2057 4982 omni

458 5029 709 5092 tempore
739 5039 848 5092 quo
873 5023 1070 5078 vixerit
1090 5039 1305 5085 servus,
1331 5020 1534 5073 debere
1555 5018 1798 5072 dominis
1818 5017 1933 5071 suis
1946 5033 2059 5070 ser-

457 5112 596 5174 vire,
627 5111 734 5163 nisi
764 5111 833 5163 ab
864 5111 942 5163 eis
969 5111 1286 5164 libertatem
1317 5107 1711 5180 promeruerit.

535 5199 811 5266 Superbus
853 5204 923 5249 est
963 5199 1057 5250 ille
1083 5199 1209 5251 talis
1240 5199 1335 5268 qui
1364 5199 1527 5251 aliter
1556 5196 1718 5249 docet
1751 5196 1896 5249 nihil
1925 5195 2058 5248 boni

459 5293 652 5351 sciens,
671 5289 760 5339 scd
791 5291 1058 5352 Iangucns
1080 5286 1136 5338 in
1167 5287 1352 5340 animo
1383 5290 1529 5339 circa.
1553 5288 1931 5352 quarstionrset
1961 5299 2062 5352 pu-

468 5394 608 5446 gnas
641 5375 1112 5444 rcrborum,quod
1145 5389 1318 5426 unum
1349 5381 1449 5426 est.
1487 5377 1562 5428 Er
1581 5376 1777 5441 quibus
1799 5372 2062 5442 quaestio-

466 5449 636 5524 nibus
663 5469 936 5523 oriuntur
956 5462 1456 5532 blosphemimquia
1475 5454 1828 5532 blasphemat
1845 5477 2062 5516 sacram

2135 4662 2410 4724 crederet,
2461 4661 2580 4730 ipse
2629 4675 2725 4712 ore
2774 4657 3000 4728 proprio
3067 4658 3434 4710 conﬁteretur
3499 4669 3560 4709 se
3611 4666 3713 4706 οη-

2138 4750 2294 4802 dere.

2211 4838 2587 4905 Pracipiolibi
2605 4848 2787 4887 eorum
2807 4835 2910 4888 Deo
2933 4833 3100 4886 Patre
3133 4837 3234 4900 qui
3252 4836 3494 4899 viri/irai
3525 4834 3715 4887 omnia.

2139 4925 2408 4980 subaudis
2436 4941 2559 4995 qua:
2596 4923 2970 4984 viviﬁcantur,
3001 4927 3049 4974 et
3089 4936 3279 4974 coram
3328 4923 3544 4975 Christo
3589 4923 3715 4978 Jesu,

2140 5017 2240 5084 qui
2280 5017 2655 5068 testimonium
2687 5013 2924 5066 reddidit
2954 5012 3056 5064 sub
3080 5012 3278 5063 Pontio
3307 5012 3507 5070 Pilato,
3545 5011 3718 5062 bonum

2141 5106 2548 5171 confes-sionem.
2583 5101 2740 5166 Quod
2770 5099 2878 5153 fuit
2901 5098 3036 5152 illud
3065 5097 3479 5167 testimonium,
3505 5098 3618 5151 sive
3641 5094 3721 5149 illa

2141 5193 2458 5246 confessio?
2479 5192 2623 5261 quod
2648 5205 2822 5243 unum
2852 5194 2955 5251 est,
2971 5187 3121 5240 istud
3137 5188 3318 5242 Pilato
3337 5187 3719 5256 interrogante.

2147 5288 2336 5335 utrum
2361 5282 2480 5352 ipse
2511 5286 2658 5333 esset
2705 5295 2799 5332 rex
2845 5277 3162 5330 Judaeorum
3205 5279 3230 5330 'l
3275 5278 3356 5332 ait
3394 5295 3405 5330 :
3437 5278 3524 5332 Tu
3555 5275 3716 5331 dicis:

2147 5373 2283 5425 Ecce
2303 5369 2708 5423 testimonium.
2737 5367 3004 5422 Similiter
3021 5366 3246 5435 quando
3267 5367 3432 5420 dixit:
3465 5363 3723 5434 Egotesti

2144 5459 2396 5514 monium
2425 5457 2692 5530 perhibeo
2735 5454 2976 5510 veritati.
3020 5454 3090 5508 Et
3132 5455 3267 5525 quid
3309 5454 3571 5528 praecipio
3597 5449 3723 5507 tibi?
