3966 6156
318 227 428 288 797

1009 228 1388 287 EXPOSITIO
1417 234 1496 289 IN
1528 229 1682 289 EPP.
1717 229 1774 286 S.
1807 227 2045 286 PAULI.
2081 259 2145 271 —
2177 229 2256 287 IN
2286 229 2510 290 EPIST.
2547 233 2600 289 ΙΙ
2638 229 2736 288 AD
2763 231 2918 288 TIM.

3501 233 3602 294 798

310 363 382 411 ut
409 372 586 412 serves
622 362 953 414 mandatum
985 359 1142 412 tibia
1171 375 1260 413 me
1289 363 1764 424 commendatum,
1798 361 1980 416 si-ncA
2001 359 2170 428 hujus
2228 363 2413 414 saeculi
2444 362 2670 415 incerta;
2719 367 2851 415 sunt
2905 363 3037 432 quia
3086 364 3411 418 transitoria
3448 367 3597 419 sunt'

309 451 563 509 macula,
594 450 1072 517 irreprehensibile
1103 465 1271 514 usque
1291 451 1351 501 in
1379 452 1672 502 adventum
1701 450 1926 501 Domini

306 541 502 588 nostri
538 540 663 589 Jesu
702 539 929 602 Christi,
953 537 1009 590 id
1057 543 1140 589 est
1170 553 1461 607 usquequo
1492 539 1560 590 ab
1591 539 1684 590 illo
1713 536 1923 589 voceris

306 640 419 693 per
442 631 681 678 mortem
706 627 972 696 corporis,
1000 628 1084 679 vel
1112 643 1288 695 usque
1312 627 1378 679 ad
1404 628 1551 679 diem
1573 626 1770 696 judicii
1803 641 1922 677 ser-

303 718 406 765 vet
428 716 814 784 unusquisque
832 715 1076 767 ﬁdelium
1094 716 1196 767 hoc
1212 717 1559 776 mandatum,
1583 716 1727 785 quod
1751 731 1922 783 supra

300 800 416 854 tibi
448 803 856 863 commendavi,
890 819 1066 870 quem,
1093 803 1362 857 subaudis
1383 802 1919 856 adventumDomini

300 891 496 944 nostri
523 893 654 944 Jesu
687 892 912 952 Christi,
949 895 1064 943 suis
1092 896 1446 960 temporitms,
1476 894 1530 945 id
1550 900 1635 946 est.
1655 890 1916 961 congruis

301 982 363 1032 et
393 980 704 1049 dispositis,
739 983 975 1033 ostendet
1006 983 1188 1032 beatus
1219 986 1265 1033 et
1312 985 1457 1033 sol-us
1485 988 1671 1048 potens
1699 985 1800 1036 [ter
1828 998 1915 1033 re-

297 1085 443 1136 gum
483 1074 532 1120 et
567 1071 833 1121 Dominus
881 1071 1314 1121 dominantium.
1377 1071 1608 1122 Beatum
1643 1075 1698 1122 ct
1736 1071 1914 1122 solum

297 1161 604 1223 potentem
638 1157 960 1225 Regemque
990 1173 1183 1225 regum
1217 1174 1278 1209 ac
1311 1159 1609 1210 Dominum
1629 1158 1920 1210 dmninan-

295 1242 454 1296 tium
491 1245 761 1298 debemus
793 1245 1107 1313 intelligere
1155 1246 1242 1297 hic
1285 1253 1532 1298 sanetam
1561 1247 1915 1311 Trinitatem,

296 1332 544 1385 Patrem
596 1334 867 1396 videlicet,
923 1335 1145 1392 Filium,
1180 1352 1244 1387 ac
1301 1336 1571 1404 Spiritum
1641 1341 1916 1396 sanetum,

293 1435 490 1474 unum
518 1423 695 1476 Deum
728 1423 1188 1492 omnipotentem,
1223 1427 1316 1492 qui
1349 1425 1646 1477 adventum
1679 1425 1920 1477 hominis

293 1511 588 1581 assumpti
623 1511 850 1563 aVerbo
881 1512 1124 1564 ostendit
1156 1513 1416 1579 congruis
1449 1513 1921 1581 tempoi‘ililis,qiti

291 1601 456 1648 solus
488 1601 643 1651 habet
670 1604 1164 1660 immortalitatem,
1187 1603 1236 1653 id
1269 1609 1353 1654 est
1377 1602 1912 1654 immutabilitatem.

291 1687 514 1755 Angeli
552 1692 610 1740 et
657 1690 856 1741 animm
913 1689 1205 1742 hominum
1256 1691 1600 1743 immortales
1630 1696 1779 1750 sunt,
1823 1693 1916 1742 sed

293 1777 740 1845 comparatione
772 1778 1172 1847 omnipotentis
1206 1780 1323 1836 Dei.
1363 1781 1521 1847 cujus
1555 1779 1918 1831 innnutabili-

289 1871 387 1916 tas
422 1881 614 1934 neque
647 1866 888 1924 initium,
927 1883 1105 1935 neqiie
1133 1869 1296 1919 ﬁnem
1329 1867 1513 1924 habet,
1561 1868 1650 1919 isti
1689 1869 1918 1918 immor-

288 1953 447 2004 tales
481 1969 597 2005 non
631 1960 762 2005 sunt
793 1954 924 2022 quia
941 1971 1133 2006 eorum
1163 1955 1558 2006 immortalitas
1581 1973 1643 2006 ex
1666 1962 1919 2023 tempore

289 2041 479 2111 cmpit
513 2059 662 2097 esse.
707 2043 803 2094 Vel
838 2049 901 2096 ut
940 2045 1180 2112 amplius
1229 2046 1497 2100 dicamus.
1533 2045 1588 2096 in
1632 2044 1733 2096 hoc
1774 2043 1920 2112 quod

289 2132 526 2183 mutari
558 2135 861 2200 potuerunt
888 2132 1070 2199 angeli
1105 2139 1160 2185 et
1184 2134 1403 2191 animm,
1440 2134 1599 2202 quasi
1629 2133 1921 2184 immorta-

291 2219 379 2272 les
407 2236 531 2272 non
572 2220 817 2272 fuerunt.
844 2221 1078 2282 Quando
1109 2221 1255 2272 enim
1291 2224 1522 2289 angelus
1556 2223 1822 2289 peccavit,
1866 2222 1922 2273 in

295 2308 641 2378 superbiam
673 2311 893 2378 erigens
925 2326 1001 2371 se,
1036 2311 1192 2378 cujus
1225 2312 1302 2362 rei
1335 2328 1502 2362 causa
1561 2317 1809 2363 mutatus
1843 2316 1924 2362 est

289 2399 364 2450 de
401 2397 560 2450 bono
599 2399 652 2450 in
685 2399 914 2458 malum,
953 2399 1110 2467 quasi
1148 2400 1200 2451 in
1234 2408 1474 2451 mortem
1530 2400 1748 2458 cecidit,
1794 2400 1925 2468 quia

289 2487 522 2539 mutari
560 2487 769 2556 potuit;
832 2487 1091 2539 similiter
1140 2488 1322 2551 homo,
1381 2490 1603 2556 quando
1644 2489 1924 2557 peccando

291 2581 572 2628 mutatus
603 2577 670 2628 de
704 2576 844 2628 bono
878 2576 931 2628 in
961 2577 1168 2628 malum
1209 2577 1261 2627 in
1322 2582 1557 2628 mortem
1589 2578 1832 2646 corporis
1872 2582 1927 2629 et

298 2666 524 2718 anima:
549 2665 766 2727 cecidit,
803 2665 1038 2732 ideoque
1089 2666 1240 2716 solus
1289 2665 1643 2734 omnipotens
1683 2667 1832 2718 Deus
1872 2673 1928 2719 et

291 2753 653 2807 immortalis
683 2760 873 2806 manet
897 2755 950 2805 in
979 2762 1270 2808 aeternum.
1301 2760 1343 2804 et
1381 2757 1549 2804 tiu-em
1593 2755 1799 2804 habitat.
1833 2757 1923 2805 in-

293 2843 866 2897 acccssibiiem.Deus
898 2844 1252 2912 omnipotens
1276 2843 1365 2893 lux
1405 2849 1489 2894 est
1515 2843 1921 2907 substantialis,

295 2932 444 3002 quia
476 2931 764 2983 illuminat
794 2948 1014 2982 omnem
1048 2931 1363 2993 hominem;
1396 2930 1491 2982 sed
1543 2930 1588 2981 si
1627 2930 1924 2982 inaccessi-

291 3019 437 3073 bilis
473 3023 579 3082 est,
615 3035 787 3088 quare
815 3020 945 3071 dicit
979 3019 1309 3070 Psalmista:
1344 3021 1584 3071 Accedite
1625 3022 1696 3070 ait
1727 3036 1849 3070 eum
1877 3024 1923 3071 et

2007 464 2172 517 quam
2206 452 2537 521 plerumque
2566 452 2789 504 amittet
2825 452 2949 504 illas
2975 452 3142 506 homo
3181 460 3311 506 ante
3341 459 3600 518 mortem,

2006 551 2070 588 ex
2093 541 2211 589 toto
2233 545 2419 592 autem
2454 539 2510 592 in
2539 540 2660 610 ipsa
2692 545 2887 593 morte.
2948 540 3193 611 Ideoque
3243 557 3408 595 nemo
3439 541 3606 595 debet

2005 641 2159 694 spem
2186 643 2343 680 suam
2368 629 2421 680 in
2456 629 2566 681 illis
2593 645 2817 698 ponere,
2845 633 2934 682 sed
2964 634 3022 682 in
3052 632 3170 693 Itco,
3191 629 3456 684 subaudis
3507 630 3604 683 de-

2003 713 2098 766 bet
2127 731 2372 784 sperare,
2416 717 2511 784 qui
2555 724 2784 785 praistat
2832 718 2990 770 nobis
3033 720 3222 772 omnia
3273 720 3494 772 abunde
3533 720 3605 773 ad

2005 803 2324 862 fruendum,
2353 805 2405 856 id
2440 811 2524 857 est
2554 807 2853 874 quiomnia
2881 807 3024 860 bona
3045 807 3202 861 nobis
3224 809 3601 874 administrat,

2003 909 2126 960 quae
2150 909 2448 961 possumus
2480 893 2558 946 ita
2585 895 2880 964 disponere
2906 897 2963 948 in
2995 898 3274 966 praesenti,
3327 907 3389 950 ut
3426 898 3483 950 in
3522 899 3606 950 fu-

1998 986 2126 1033 turo
2156 981 2410 1035 fruamur
2438 984 2891 1036 remuneratione
2922 1001 3132 1037 eorum.
3155 984 3398 1055 Praecipe
3428 986 3601 1039 etiam

2001 1069 2109 1121 illis
2136 1072 2261 1122 bene
2281 1086 2459 1134 agere,
2492 1071 2750 1124 videlicet
2781 1079 2846 1124 ut
2875 1073 3013 1126 bene
3066 1079 3252 1143 agant,
3287 1077 3604 1128 communi-

2001 1172 2145 1233 care,
2177 1158 2230 1209 id
2256 1165 2338 1210 est
2369 1160 2634 1212 mortales
2657 1177 2716 1212 se
2733 1161 3038 1229 recogitare
3058 1169 3111 1215 et
3139 1163 3316 1216 socios
3338 1181 3457 1216 esse
3479 1163 3601 1216 aliis

2004 1244 2324 1297 hominibus
2355 1246 2407 1297 in
2438 1247 2758 1313 fragilitate,
2785 1255 2840 1299 et
2868 1249 3244 1302 thesaurizarc
3270 1250 3374 1303 sibi
3404 1251 3602 1304 funda-

2003 1340 2256 1386 mentum
2285 1334 2490 1386 bonum
2515 1336 2570 1388 in
2597 1337 2867 1399 futurum,
2909 1337 2964 1387 id
2987 1343 3070 1389 est
3091 1338 3311 1391 divitias
3341 1339 3444 1392 sibi
3463 1357 3602 1409 prac-

2004 1439 2202 1491 parare
2238 1423 2291 1474 in
2324 1424 2596 1482 futurum.
2656 1425 2908 1477 iaciendo
2947 1426 3154 1478 amicos
3183 1427 3249 1478 de.
3283 1443 3605 1480 mammona

2000 1509 2334 1579 iniquitatis,
2364 1513 2526 1579 juxta
2575 1515 2721 1582 quod
2751 1514 3021 1566 Dominus
3060 1514 3136 1567 ait
3168 1534 3178 1566 :
3222 1516 3605 1568 Thesaurizato

2002 1602 2145 1650 robii
2184 1602 2462 1651 thesauros
2493 1605 2552 1653 in
2587 1605 2748 1653 (.‘tI‘lU.’
2779 1604 2877 1654 ubi
2910 1605 2983 1655 est
3013 1605 3304 1656 thesaurus
3338 1609 3484 1665 tuus,
3521 1607 3601 1658 ibi

2002 1693 2076 1739 est
2103 1695 2262 1739 eteor
2293 1694 2470 1741 tuum.
2513 1692 2551 1742 0
2600 1692 2887 1751 Timotheo,
2941 1694 3264 1758 depositum,
3307 1693 3418 1745 sive
3449 1710 3602 1746 com-

2005 1777 2328 1829 mendatum
2361 1781 2588 1840 custmti,
2615 1779 2668 1830 id
2701 1784 2785 1832 est
2811 1781 3051 1848 gratiam
3077 1781 3205 1833 ﬁdei
3238 1787 3293 1834 et
3319 1782 3607 1852 sapientiae

2003 1867 2312 1918 doctrinam
2348 1883 2516 1936 quam
2539 1868 2638 1919 tibi
2666 1869 3049 1921 commendavi
3076 1871 3342 1930 devitans,
3369 1871 3482 1925 sive
3508 1873 3609 1925 de-

2003 1955 2216 2006 clinans
2247 1959 2532 2021 pro/anas,
2567 1957 2617 2008 id
2671 1963 2751 2009 est
2809 1957 3150 2025 irreligiosas
3208 1962 3472 2012 not-italos
3509 1977 3609 2014 vo-

2006 2059 2150 2095 cum.
2183 2045 2324 2095 Sunt
2351 2043 2497 2096 enim
2521 2046 2798 2097 novitates
2834 2063 3028 2098 vocum
3064 2062 3173 2099 non
3204 2049 3465 2116 profante,
3509 2050 3609 2103 sed

2005 2131 2299 2199 religiosie,
2335 2132 2481 2184 sicut
2513 2133 2750 2200 legimus
2783 2134 2927 2202 quod
2951 2135 3005 2186 in
3034 2135 3326 2188 Antiochia
3361 2137 3609 2205 primum

2007 2220 2311 2272 Christiani
2342 2221 2604 2289 appellati
2638 2226 2787 2286 sunt,
2821 2228 2877 2272 et
2907 2222 3051 2274 sicut
3081 2224 3260 2275 sancti
3310 2226 3504 2278 Patres
3543 2226 3602 2279 in

2008 2309 2220 2377 synodo
2248 2323 2450 2361 novum
2487 2310 2763 2378 quoddam
2798 2326 2999 2362 nomen
3055 2311 3462 2366 adinvenerunt
3503 2315 3603 2366 ho-

2009 2399 2281 2460 mousion,
2314 2396 2367 2448 id
2393 2401 2475 2448 est
2499 2397 2666 2449 unius
2699 2397 3025 2450 substantiae
3061 2421 3070 2453 :
3101 2400 3247 2468 quod
3275 2401 3325 2452 in
3377 2407 3496 2454 tota
3526 2417 3611 2454 se-

2008 2485 2090 2535 rie
2121 2484 2431 2537 divinarum
2461 2487 2877 2554 Scripturarum
2907 2492 3036 2538 ante
3065 2494 3275 2540 nonest
3295 2489 3604 2542 inventum.

2010 2574 2134 2625 Istae
2169 2574 2309 2625 tales
2341 2575 2615 2626 novitates
2643 2590 2837 2626 vocum
2868 2591 2977 2627 non
3001 2584 3131 2628 sunt
3164 2583 3357 2629 contra
3391 2579 3608 2647 religio-

2012 2677 2161 2725 nem,
2193 2663 2286 2714 sed
2318 2663 2613 2729 religiosa),
2649 2663 2775 2731 quia
2811 2664 2877 2715 ad
2911 2664 3240 2732 religionem
3290 2653 3618 2734 pertinent,

2012 2751 2249 2802 Econtra
2273 2758 2400 2802 sunt
2436 2751 2711 2802 novitates
2742 2765 2934 2804 vocum
2978 2755 3245 2820 protanie,
3280 2769 3418 2823 quas
3446 2755 3608 2808 adin-

2009 2845 2282 2892 venerunt
2306 2840 2572 2902 han‘etici,
2606 2855 2639 2891 a
2670 2839 2871 2908 quibus
2892 2840 3156 2909 przccepit
3176 2842 3475 2911 Apostolus
3507 2843 3604 2896 de-

2008 2927 2216 2979 clinare
2247 2929 2623 2980 Timotheum.
2665 2929 2727 2980 Et
2753 2929 2937 2980 devita
2967 2929 3133 2981 etiam
3162 2935 3534 2998 Jppositiones,
3553 2932 3610 2984 id

2011 3022 2090 3068 est
2125 3017 2460 3085 quzestiones
2492 3020 2730 3070 scientia
2753 3020 2888 3082 καίει·
2913 3022 3177 3080 nominis,
3206 3018 3260 3070 id
3318 3026 3403 3072 est
3429 3035 3609 3089 qums-

293 3109 802 3162 illmninahimini
846 3111 1006 3176 (Psal.
1051 3108 1232 3172 xxm)?
1263 3109 1323 3160 In
1359 3107 1461 3159 hoc
1509 3123 1639 3175 ergo
1667 3113 1752 3159 est
1783 3082 2220 3160 inae-cstiones
2251 3107 2595 3170 .ludteorum,
2631 3122 2769 3174 quas
2800 3101 2982 3158 soleiit
3027 3121 3327 3176 opponere,
3377 3125 3498 3178 quae
3535 3109 3611 3162 vi-

292 3197 605 3259 cessibilis,
644 3197 774 3265 quia
809 3213 972 3248 nemo
1007 3202 1188 3264 potest
1218 3197 1482 3248 accedere
1513 3197 1580 3248 ad
1641 3213 1787 3256 eum,
1818 3197 1924 3249 nisi

291 3304 327 3339 ει
359 3287 491 3339 Deo
528 3286 868 3339 attrahatur.
931 3285 1034 3347 Qui
1072 3301 1197 3336 vero
1243 3302 1272 3336 a
1323 3286 1436 3337 Deo
1480 3285 1802 3344 attrahitur,
1845 3285 1924 3336 illi

293 3382 384 3429 est
415 3374 784 3433 accessibiiis,
822 3391 976 3441 quem
1001 3377 1192 3425 nul/us
1219 3377 1355 3425 ridi!
1384 3375 1698 3434 hominum,
1721 3374 1924 3426 subau-

292 3463 385 3515 dis
411 3462 706 3530 corporeis
738 3461 932 3522 oculis,
966 3463 1054 3512 sed
1087 3479 1180 3513 nec
1226 3463 1406 3512 ridere
1432 3467 1624 3526 potest,
1665 3461 1806 3513 sicut
1839 3468 1923 3514 est

290 3551 598 3621 corporeis
624 3550 817 3611 oculis,
853 3551 1071 3601 videtur
1102 3557 1288 3601 tamen
1324 3567 1386 3601 ex
1419 3557 1576 3618 parte
1611 3551 1812 3601 mentis
1845 3550 1924 3601 in-

290 3641 484 3693 tuitu.
521 3638 797 3691 Divitibus
847 3639 1014 3708 hujus
1047 3638 1235 3690 saeculi
1276 3639 1509 3707 principe
1543 3655 1652 3689 non
1685 3638 1924 3690 sublime

296 3741 536 3798 sapere,
567 3727 622 3778 id
655 3733 739 3778 est
771 3743 880 3779 non
929 3727 1238 3796 superbire,
1289 3744 1468 3794 neque
1509 3726 1564 3777 in
1606 3727 1924 3795 superbiam

289 3817 474 3886 erigi,
511 3831 693 3885 neque
727 3833 949 3886 sperare
982 3815 1036 3868 in
1067 3817 1278 3868 incerto
1323 3814 1670 3872 divitiarum.
1710 3815 1926 3868 Divitize

2010 3194 2214 3245 dentur
2242 3194 2578 3262 qinrstiones
2609 3210 2730 3246 esse
2779 3194 3042 3258 scientim,
3084 3196 3180 3248 sed
3228 3196 3366 3249 falso
3405 3213 3610 3251 nomen

2009 3282 2253 3335 scientia;
2284 3283 2507 3344 habent,
2554 3282 2685 3351 quia
2746 3299 2856 3334 non
2889 3289 2972 3334 est
2994 3283 3069 3335 ibi
3119 3284 3371 3345 scientia,
3414 3302 3606 3352 quam,

2009 3372 2296 3423 scientiam
2322 3372 2444 3423 falsi
2479 3371 2720 3423 nominis
2756 3373 3402 3439 quidam.promittentes,
3433 3375 3486 3426 id
3525 3380 3611 3428 est

2007 3461 2381 3519 ostendentes.
2417 3469 2682 3529 tanquam
2719 3476 2845 3512 vera
2875 3461 3109 3513 scientia
3140 3462 3214 3513 sit
3265 3466 3413 3515 circa
3445 3465 3607 3528 ﬁdem,

2007 3551 2346 3609 m‘cidel'tmt,
2384 3549 2440 3600 id
2471 3557 2553 3600 est
2585 3564 2616 3599 a
2635 3548 2870 3599 veritate
2928 3549 3056 3600 ﬁdei
3116 3550 3284 3601 alieni
3325 3552 3606 3619 pejerunt.

2009 3637 2203 3690 Gratia
2239 3638 2336 3689 Dei
2371 3644 2565 3698 tecum,
2597 3635 2864 3690 subaudis
2924 3637 3013 3688 sit.
3049 3638 3248 3700 Amen,
3285 3638 3339 3689 id
3387 3644 3472 3690 est
3509 3639 3608 3692 fiat

2010 3725 2157 3795 quod
2187 3742 2305 3791 oro,
2338 3726 2419 3777 vel
2461 3739 2650 3779 verum
2687 3729 2774 3776 est
2803 3725 2952 3794 quod
2985 3726 3256 3778 hactenus
3286 3726 3417 3791 dixi,
3451 3731 3554 3783 etc.

1003 4109 1122 4183 IN
1194 4107 1807 4184 EPISTOLAM
1865 4108 1944 4182 II
2013 4111 2165 4183 AD
2229 4108 2916 4185 TIMOTHEUM-

847 4351 1387 4408 ARGUMENTUM.

363 4443 693 4496 Secundam
731 4442 1034 4512 Epistolam
1049 4443 1342 4495 'l‘imotheo
1363 4442 1584 4512 scripsit
1605 4441 1673 4495 ab
1705 4441 1844 4494 urbe
1886 4457 1914 4492 θ

284 4548 528 4584 carcere
557 4531 624 4583 de
648 4532 1036 4584 exhortatione
1070 4532 1344 4600 martyrii,
1379 4539 1434 4584 et
1481 4533 1610 4601 quid
1663 4533 1912 4583 futurum

2000 4354 2283 4407 Christum
2313 4354 2499 4418 datur,
2529 4355 2658 4424 quia
2687 4355 2742 4408 in
2770 4353 2864 4408 illo
2895 4353 3170 4417 consistit,
3197 4353 3342 4407 sicut
3372 4353 3490 4425 ipse
3514 4353 3604 4406 di-

1999 4443 2075 4494 cit
2107 4462 2117 4494 :
2152 4444 2259 4508 Ego
2289 4461 2410 4496 sum
2461 4447 2570 4506 ria,
2618 4447 2820 4496 veritas
2856 4449 2902 4495 et
2948 4447 3062 4495 rita
3096 4446 3274 4507 (.loan.
3309 4442 3453 4510 xw);
3498 4448 3552 4495 et
3585 4460 3597 4496 :

1999 4534 2116 4584 [lere
2138 4537 2340 4585 estvita
2363 4539 2565 4585 (eterna
2606 4539 2665 4584 ut
2689 4538 3010 4598 cognoscant
3052 4537 3116 4589 te,
3145 4536 3190 4583 et
3218 4547 3377 4597 quem
3401 4533 3606 4582 misisti

285 4620 362 4672 sit
395 4619 758 4689 temporibus
784 4620 1121 4683 novissimis,
1165 4628 1219 4672 et
1267 4638 1368 4672 sua
1421 4621 1677 4688 passione
1704 4638 1714 4681 ς
1760 4626 1814 4672 et
1852 4625 1915 4672 ut
1934 4624 2177 4687 DJesum
2203 4623 2505 4678 Christum.
2524 4637 2696 4674 unum
2723 4626 2778 4673 et
2807 4636 2996 4672 rerum
3027 4621 3196 4671 Deum
3226 4621 3412 4686 (Joan.
3437 4621 3594 4686 xvn).

283 4715 690 4779 perseveraret
712 4709 765 4760 in
788 4709 982 4761 ofﬁciis
1001 4715 1162 4761 recte:
1178 4710 1609 4778 praedicationis,
1646 4714 1702 4762 et
1715 4715 1907 4762 sancta

285 4796 651 4867 operatione,
682 4802 784 4849 etc.

808 4887 1043 4940 CAPUT
1078 4886 1392 4939 PRIMUM.

363 4977 586 5029 Paulus
610 4979 901 5040 apostolus.
939 4976 1110 5043 Cujus
1141 4975 1482 5044 Apostolus?
1531 4977 1734 5029 Christi
1784 4979 1909 5028 .Iesu

278 5081 389 5134 per
425 5066 766 5115 voluntatem
808 5065 902 5116 Ijei
937 5062 1136 5127 Patris,
1170 5066 1464 5116 .S‘(,'(.'t_llt('lil'm
1488 5069 1908 5131 promissionem

284 5158 420 5207 vita:
459 5167 578 5218 quae
607 5156 680 5203 est
715 5156 769 5203 in,
805 5154 1018 5204 Christo
1047 5155 1189 5204 .Iesit.
1230 5154 1375 5205 Deus
1426 5153 1778 5222 on'inipotei'is
1811 5154 1909 5205 Pa-

284 5249 381 5295 ter
412 5240 486 5292 ad
516 5241 620 5292 hoc
642 5241 812 5293 voluit
835 5241 960 5308 eligi
991 5241 1298 5310 perFilium
1315 5259 1475 5294 suum
1511 5243 1744 5294 Paulum
1771 5259 1906 5311 apo-

286 5331 532 5389 stolum,
559 5330 904 5400 utperillum
943 5331 1746 5399 annuntiaretpromiSsionem
1784 5331 1905 5384 Viti!)

287 5429 547 5482 aeternio,
583 5435 704 5488 qnze
733 5423 818 5470 est
845 5419 902 5470 in
949 5419 1170 5471 Christo
1202 5421 1352 5474 Jesu.
1380 5420 1432 5471 id
1473 5426 1557 5471 est
1590 5437 1710 5489 quze
1739 5420 1907 5472 datur

285 5527 399 5582 per
433 5507 604 5562 ﬁdem
628 5508 834 5562 Christi
859 5509 989 5561 Jesu
1011 5508 1219 5563 electis.
1253 5509 1379 5562 Vita
1411 5508 1560 5563 enim
1575 5515 1786 5563 mterna
1807 5527 1906 5581 per

2073 4713 2345 4763 Timotheo
2377 4713 2703 4762 charissima
2728 4712 2863 4773 ﬁlio,
2887 4708 2941 4758 in
2984 4709 3175 4758 Graeco
3206 4705 3446 4758 habetur
3469 4721 3600 4774 ger-

1996 4801 2329 4852 manissimo
2353 4799 2529 4864 fratri;
2559 4801 2771 4863 gratias
2792 4813 2891 4862 ago
2935 4798 3034 4848 Deo
3063 4811 3210 4855 meo,
3234 4798 3328 4847 cui
3356 4798 3529 4847 servio
3565 4813 3599 4848 α

1987 4889 2454 4955 prnerﬂoribus,
2493 4887 2605 4938 sive
2639 4902 2670 4937 a
2697 4883 2951 4953 patribus
2975 4884 3133 4946 meis,
3174 4886 3230 4934 in
3268 4886 3599 4936 conscientia

1989 4991 2157 5042 pura,
2192 4975 2247 5026 id
2277 4980 2363 5026 est
2388 4974 2444 5025 in
2475 4979 2662 5024 mente
2691 4987 2829 5040 pura
2877 4970 2944 5022 ab
2984 4969 3135 5023 omni
3177 4971 3403 5022 ﬁctione
3433 4977 3491 5024 et
3519 4971 3598 5024 si-

1995 5064 2323 5121 mulatione,
2365 5061 2507 5130 quod
2542 5061 2660 5113 sine
2686 5059 3100 5112 intermissione
3115 5059 3349 5113 habeam
3375 5060 3456 5112 tui
3486 5077 3597 5114 me-

1993 5152 2248 5205 moriam.
2285 5151 2522 5212 Quidam
2548 5149 2764 5200 codices
2796 5148 3033 5201 habent:
3077 5165 3246 5218 quam
3278 5149 3398 5202 sine
3427 5150 3598 5203 interb

1992 5241 2278 5300 missione,
2301 5238 2395 5290 sed
2420 5237 2616 5290 melius
2638 5245 2721 5290 est
2743 5239 2927 5291 dicere
2951 5239 3094 5308 quod
3121 5239 3360 5303 legimus
3387 5239 3443 5290 in
3478 5239 3590 5292 Ge-a

1991 5331 2108 5383 nesi
2142 5339 2278 5395 (cap.
2317 5331 2449 5393 XlV’),
2486 5327 2631 5396 quod
2678 5328 2962 5380 Abraham
3022 5333 3336 5380 revertente
3375 5343 3409 5378 a
3439 5327 3590 5378 czede

1991 5425 2232 5492 quatuor
2252 5435 2467 5487 regum,
2495 5417 2803 5471 occurrerit
2824 5419 2874 5471 ei
2891 5416 3311 5475 Melchisedech,
3330 5413 3588 5464 sacerdos

1988 5511 2089 5564 Dei
2121 5507 2344 5574 summi,
2370 5512 2426 5561 et
2446 5506 2711 5563 obtulerit
2728 5508 2778 5562 ei
2795 5523 2999 5577 panem
3016 5512 3072 5561 et
3090 5499 3586 5567 vinum,cuiAbra+
