3966 6156
441 190 549 249 799

898 192 1280 254 HAYMONIS
1304 195 1795 252 HALBERSTAT.
1822 195 2046 252 EPISC.
2082 195 2242 253 OPP.
2283 197 2469 254 PARS
2491 198 2537 253 Ῑ.
2571 226 2637 238 -
2669 194 3044 253 COMMENT.
3070 195 3253 251 BIBL.

3580 196 3668 259 800

435 317 568 372 ham
596 316 751 372 dedit
777 317 1025 374 decimas
1070 319 1139 375 de
1193 320 1394 391 przedis
1458 320 1709 383 omnium
1740 307 1987 376 hostium
2009 340 2023 389 ;
2045 320 2093 379 A
2111 326 2198 376 est
2221 321 2587 387 fortitudinis,
2621 327 2687 376 ut
2712 325 3038 376 constanter
3061 321 3455 376 annuntiemur
3471 321 3672 376 verbum

436 410 496 458 et
521 405 657 460 dicit
676 406 825 460 idem
881 407 1092 462 Paulus
1130 409 1417 479 apostolus
1460 409 1519 464 in
1561 410 1794 480 epistola
1824 411 1893 464 ad
1924 412 2040 464 He-

436 492 637 562 braeos,
661 495 809 566 quod
830 496 982 563 Levi,
1035 497 1132 568 qui
1160 498 1410 553 decimas
1456 499 1673 569 accepit
1701 515 1734 552 a
1771 498 2039 554 fratribus

441 582 579 649 suis,
602 583 721 655 ipse
737 584 1047 640 decimatus
1074 591 1160 640 est
1182 586 1240 640 in
1269 603 1474 658 proavo
1494 604 1595 642 suo
1614 587 2039 645 Abraham.Ad-

440 671 552 727 huc
573 672 719 727 enim
741 673 797 727 in
813 673 1018 728 lumbis
1034 680 1154 730 erat
1174 676 1662 748 Abrahae,quando
1677 677 1921 731 decimas
1938 678 2038 732 de-

444 760 529 815 dit
582 762 986 818 Melchisedech
1039 764 1335 819 sacerdoti.
1367 766 1527 820 Unde
1569 765 2037 821 considerandum

444 855 549 913 est,
574 850 706 921 quia
725 851 871 905 sicut
884 852 1013 906 Levi
1040 853 1098 907 in
1118 869 1324 924 proavo
1353 870 1455 909 suo
1493 854 1802 910 decimatus
1824 861 1927 922 est,
1960 856 2038 910 ita

442 940 745 1010 Apostolus
765 940 822 994 in
837 940 1580 1007 Abraham,Isaac,etJacob,
1604 944 1840 1015 aliisque
1869 946 2041 1016 patri-

446 1025 553 1081 bus
568 1028 684 1082 Deo
700 1028 944 1082 servivit.
969 1029 1039 1083 Et
1058 1030 1164 1084 hoc
1197 1036 1285 1084 est
1315 1031 1463 1101 quod
1491 1031 1658 1085 dicit:
1685 1032 1906 1087 Gratias
1939 1050 2040 1099 ago

440 1116 548 1170 Dea
571 1132 698 1170 meo
713 1120 807 1170 cui
817 1120 1035 1172 serviaa
1052 1122 1494 1187 progenitoribus
1515 1120 1676 1173 meis.
1711 1121 1829 1174 Hoc
1848 1125 2036 1175 autem

441 1204 569 1261 ideo
598 1204 737 1260 dicit
763 1211 828 1260 ut
870 1206 1129 1261 ostendat
1182 1208 1436 1262 eamdem
1480 1209 1647 1262 fidem
1680 1208 1942 1264 habuisse
1978 1225 2043 1265 ut

443 1298 660 1348 veteres
686 1300 874 1364 patres
905 1294 1001 1364 qui
1028 1296 1248 1351 Domini
1278 1297 1577 1352 adventum
1616 1306 2037 1368 praecesserunt,

448 1396 615 1451 quam
636 1381 877 1436 habebat
896 1383 1012 1452 ipse
1034 1384 1239 1454 aliique
1258 1385 1513 1456 apostoli,
1537 1392 1593 1440 et
1611 1385 1681 1439 ab
1704 1387 1817 1440 illis
1860 1388 2038 1458 patri-

442 1467 548 1523 bus
565 1470 853 1525 descendit
881 1471 951 1525 ad
980 1472 1280 1543 apostolos,
1314 1478 1371 1527 et
1390 1472 1458 1526 ab
1488 1473 1611 1527 aliis
1633 1475 1705 1528 ad
1741 1491 1864 1540 nos,
1897 1475 2044 1530 sicut

2120 410 2248 465 fidei
2262 417 2319 465 et
2331 411 2665 475 dilectionis,
2692 416 2758 464 ut
2787 409 3085 480 diligamus
3097 410 3276 464 Deum
3294 414 3351 463 et
3369 410 3673 480 proximum;

2118 505 2168 555 et
2207 500 2535 566 sobrietatis,
2568 504 2633 554 ut
2662 499 2722 553 in
2777 497 3037 554 omnibus
3088 497 3275 553 sobrie
3318 505 3375 553 et
3399 505 3677 569 temperate

2119 606 2372 660 agamus.
2975 648 2991 665 ο

2191 679 2321 733 Nati
2346 682 2535 746 itaque
2555 679 2863 733 erubescere
2877 681 3256 733 testimonium
3270 679 3492 733 Domini
3508 681 3676 732 nostri.

2121 767 2294 821 Erant
2315 767 2544 837 quidam
2568 768 2664 822 illo
2692 773 2945 838 tempore
2964 766 3060 838 qui
3101 764 3502 821 erubescebant
3524 766 3681 820 dicere
3756 786 3765 791 ν

2121 856 2405 911 Christum
2421 872 2544 911 esse
2562 856 2848 911 hominem
2865 872 3077 921 verum,
3109 860 3166 909 et
3178 858 3484 919 mortuum,
3505 858 3559 907 et
3574 870 3683 924 pas-

2122 961 2248 999 sum
2273 966 2283 999 :
2305 944 2532 1015 quidam
2563 944 2733 999 etiam
2772 943 3054 1015 negabant
3074 944 3236 998 illum
3265 948 3459 996 natum
3492 958 3603 995 esse
3626 942 3683 996 de

2124 1034 2356 1103 virgine,
2377 1038 2435 1087 et
2448 1033 2821 1087 resurrexisse
2863 1049 2900 1086 a
2926 1032 3181 1087 mortuis.
3207 1031 3554 1102 Quapropter
3574 1030 3686 1084 allo-

2122 1121 2317 1192 quitur
2341 1121 2719 1188 Timotheum,
2775 1120 3035 1192 inquiens
3067 1139 3079 1173 :
3111 1119 3301 1174 Nolite
3357 1118 3684 1172 verecundari

2120 1210 2506 1264 testimonium
2528 1208 2776 1280 praebere
2787 1209 3030 1273 Christo,
3049 1208 3180 1279 quia
3208 1213 3377 1261 natus
3406 1212 3490 1261 est
3514 1207 3578 1261 de
3593 1206 3685 1260 vir-

2119 1299 2271 1369 gine,
2313 1298 2460 1370 quod
2492 1314 2690 1369 passus
2721 1305 2826 1363 est,
2851 1298 2999 1369 quod
3030 1302 3290 1352 mortuus
3320 1302 3425 1360 est,
3450 1295 3587 1366 quod
3610 1311 3688 1349 re-

2121 1388 2381 1454 surrexit,
2408 1393 2577 1458 atque
2597 1387 2852 1442 ascendit
2891 1387 2952 1441 in
2971 1386 3157 1453 caelos,
3181 1385 3285 1440 ubi
3316 1385 3473 1439 sedet
3492 1399 3625 1438 nunc
3640 1384 3687 1439 in

2119 1476 2300 1546 gloria
2319 1480 2575 1547 paterna.
2591 1475 2699 1529 Sed
2712 1492 2882 1544 neque
2905 1492 2986 1528 me
2999 1478 3250 1529 vinctum
3282 1477 3401 1542 ejus
3427 1471 3687 1526 erubescas

446 1562 504 1613 et
531 1574 565 1612 a
593 1558 754 1613 nobis
780 1560 1068 1616 descendit
1092 1562 1160 1615 ad
1184 1563 1311 1617 illos
1338 1563 1434 1633 qui
1469 1563 1645 1617 futuri
1673 1569 1825 1618 sunt.
1849 1564 2041 1620 Refert
2058 1633 2091 1636 _
2121 1571 2221 1619 aut
2248 1564 2538 1636 despicias.
2573 1564 2707 1635 quia
2730 1580 2842 1618 non
2894 1579 3065 1618 causa
3113 1562 3253 1617 furti
3296 1566 3396 1615 aut
3436 1560 3687 1614 homicidii

446 1651 636 1700 autem
655 1648 868 1718 gratias
896 1650 1030 1717 Deo,
1064 1667 1173 1721 quo
1198 1651 1443 1705 donante
1497 1668 1720 1724 semper
1768 1659 1891 1707 erat
1919 1671 2039 1709 me-
2056 1633 2104 1693 Β
2120 1659 2317 1707 teneor
2335 1633 2605 1707 astrictus
2628 1651 2883 1718 vinculis,
2916 1651 3013 1706 sed
3034 1667 3135 1722 pro
3150 1651 3406 1705 veritate.
3424 1649 3523 1705 Sed
3546 1651 3686 1702 calta-

443 1749 572 1788 mor
597 1735 857 1808 discipuli
887 1738 973 1791 sui
993 1738 1291 1804 Timothei,
1333 1755 1436 1793 nec
1464 1745 1686 1810 poterat
1714 1741 1865 1795 illius
1894 1742 2040 1796 obli-
2124 1744 2254 1796 bora
2285 1743 2596 1808 Evangelia.
2628 1740 2846 1795 Laboro
2884 1756 3008 1809 ego,
3039 1739 3326 1794 collabora
3373 1743 3435 1791 tu
3478 1753 3684 1803 mecum,

442 1821 614 1890 visci;
655 1825 740 1879 vel
771 1826 940 1880 etiam
984 1827 1043 1880 in
1092 1828 1196 1881 hoc
1230 1827 1510 1883 referebat
1550 1830 1601 1883 ei
1633 1831 1867 1900 gratias,
1908 1831 2040 1902 quia
2122 1833 2423 1885 secundum
2446 1833 2711 1884 virtutem
2732 1831 2844 1893 Dei,
2871 1832 2970 1898 qui
2997 1845 3095 1882 nos
3118 1830 3383 1882 liberavit
3404 1843 3437 1880 a
3464 1832 3625 1881 morte
3647 1831 3686 1879 et

443 1912 723 1968 serviebat
743 1915 873 1968 illia
904 1916 1356 1987 progenitoribus
1378 1917 1513 1983 suis,
1542 1919 1857 1973 desiderans
1878 1925 1926 1972 te
1962 1923 2040 1974 υἱ·
2121 1922 2329 1974 vocavit
2354 1922 2631 1972 vacatione
2658 1934 2762 1972 sua
2783 1922 2994 1971 sancta.
3040 1917 3138 1970 Hic
3162 1917 3361 1987 jungit
3380 1933 3439 1970 se
3465 1914 3688 1969 omnibus

442 2002 568 2056 dere
589 2006 650 2055 ut
677 2005 881 2070 gaudio
919 2008 1135 2073 reptear
1166 2006 1236 2060 de
1264 2012 1362 2061 tuo
1411 2007 1676 2074 adventu,
1706 2024 1916 2061 memor
1955 2011 2039 2062 la-
2118 2007 2420 2077 Apostolis,
2443 2007 2577 2077 quia
2607 2006 2846 2060 Domino
2864 2010 2999 2059 sunt
3017 2005 3226 2062 vocati.
3256 2005 3402 2059 Nam
3453 2003 3586 2057 sicut
3609 2003 3688 2056 Pe-

444 2104 774 2158 crymarum
821 2097 1051 2146 tuarum
1098 2109 1237 2163 quas
1274 2093 1468 2148 fudisti
1505 2111 1540 2147 a
1576 2111 1666 2149 me
1703 2095 2034 2150 recedendo.
2118 2099 2259 2159 trus,
2291 2096 2566 2160 Andreas,
2598 2094 2838 2149 Iacobus
2867 2099 2925 2147 et
2942 2095 3186 2147 Joannes
3215 2109 3253 2146 a
3282 2092 3516 2147 Domino
3538 2089 3687 2144 vocati

450 2176 686 2241 Quando
716 2181 1018 2250 Apostolus
1044 2181 1153 2235 ista
1168 2182 1732 2247 sciobat,Timotheus
1746 2191 1868 2239 erat
1892 2185 2041 2239 ultra
2120 2190 2271 2245 sunt,
2302 2184 2503 2255 quibus
2518 2184 2683 2237 dixit:
2718 2184 2893 2237 Venite
2906 2188 3021 2251 post
3045 2198 3148 2247 me,
3165 2184 3381 2250 faciam
3421 2197 3507 2235 vas
3535 2183 3688 2248 pisca-

444 2273 700 2332 mare,et
730 2268 851 2340 ipse
871 2269 1097 2339 jacebat
1127 2271 1184 2324 in
1217 2287 1438 2325 carcere
1465 2274 1799 2327 constrictus
1826 2274 2040 2327 catenis
2123 2278 2263 2327 tores
2283 2274 2577 2327 hominum
2597 2274 2787 2326 tMarc.
2815 2278 2873 2337 ι),
2904 2271 2984 2325 ita
3028 2271 3323 2341 apostolus
3343 2270 3543 2324 Paulus
3559 2283 3690 2321 voca-

444 2359 501 2407 et
531 2355 692 2427 cippo
724 2374 736 2409 :
771 2357 1009 2428 ideoque
1034 2364 1254 2413 tantum
1299 2360 1654 2415 desiderabat
1676 2362 1856 2427 illum,
1888 2368 1953 2417 ut
1980 2363 2039 2417 in
2123 2365 2314 2416 tusest
2334 2362 2405 2415 de
2419 2361 2578 2425 caelo,
2598 2360 2817 2415 dicente
2839 2360 3112 2414 Domino:
3150 2360 3345 2419 Saule,
3367 2358 3546 2422 Saute,
3578 2355 3689 2424 quid

444 2442 542 2496 illo
565 2444 799 2500 haberet
825 2447 1071 2518 aliquam
1090 2449 1552 2506 consolationem.
1573 2451 1715 2505 Nam
1730 2453 1954 2522 quando
1971 2451 2041 2507 ab
2124 2466 2211 2504 me
2253 2450 2633 2519 persequeris?
2668 2451 2802 2517 (Act.
2840 2461 2933 2503 ιχ».
2965 2450 3083 2503 Ista
3110 2464 3249 2518 ergo
3282 2447 3493 2502 vacatio
3526 2451 3691 2499 sancta

446 2530 543 2586 illo
572 2532 828 2589 discessit
874 2537 1222 2602 Timotheus,
1275 2539 1658 2593 amarissimas
1693 2540 1839 2595 fudit
1866 2541 2043 2611 lacry-
2122 2539 2231 2593 fuit
2254 2539 2385 2610 quia
2412 2555 2514 2610 per
2541 2538 2695 2591 illam
2726 2536 3060 2591 sanctificati
3088 2541 3226 2591 sunt
3272 2553 3387 2590 nan
3425 2535 3689 2589 secundum

444 2622 1058 2680 mas.Recordationem
1081 2626 1378 2698 accipiens,
1411 2627 1524 2681 sive
1544 2628 1755 2684 habens
1770 2633 1886 2698 ejus
1915 2633 2044 2698 ﬁdei
2124 2643 2286 2697 opera
2306 2632 2518 2693 nostra,
2548 2625 2605 2681 id
2636 2630 2722 2680 est
2748 2626 2951 2680 merita
2980 2630 3174 2680 nostra
3217 2625 3436 2679 vocavit
3472 2639 3583 2687 nos,
3616 2622 3688 2674 sed

444 2727 563 2780 qua:
599 2717 674 2766 est
712 2716 775 2767 in
805 2719 851 2767 te
889 2731 1002 2769 nan
1021 2718 1170 2785 ﬁcta,
1201 2716 1335 2787 quia
1362 2716 1520 2771 bonis
1567 2718 1829 2789 operibus
1885 2718 2042 2774 illam
2123 2718 2424 2772 secundum
2434 2719 2778 2786 propositum
2799 2714 3057 2784 suumhid
3088 2718 3193 2779 est,
3226 2711 3532 2767 secundum
3564 2708 3688 2780 quod

443 2815 701 2869 exornas,
729 2818 847 2872 quas
891 2803 1030 2858 ﬁdes
1083 2804 1352 2859 habitavit
1380 2809 1639 2878 primum
1676 2811 1740 2861 in
1775 2811 1905 2862 avia
1944 2814 2040 2864 tua
2122 2806 2244 2877 ipse
2272 2804 2528 2859 deﬁnivit
2557 2809 2613 2858 et
2638 2802 3073 2874 praedestinavit,
3131 2802 3351 2856 vocavit
3395 2817 3510 2863 nos,
3541 2804 3592 2853 et
3621 2813 3689 2851 se-

442 2888 603 2944 Laide
618 2894 749 2945 etin
765 2897 1052 2947 matretua
1067 2895 1297 2949 Eunice.
1330 2894 1730 2967 Genealogiam
1762 2896 2041 2952 Timothei
2056 2946 2096 2967 η
2121 2894 2366 2950 cundum
2388 2896 2634 2961 gratiam
2647 2908 2766 2960 qua
2791 2893 2923 2946 data
2953 2897 3027 2945 est
3052 2892 3206 2944 nobis
3235 2893 3303 2944 in
3340 2890 3544 2945 Christo
3562 2888 3685 2949 Iesu,

443 2977 515 3054 ad
545 2978 876 3034 memoriam
908 2981 1212 3036 reducebat
1255 2982 1576 3053 Apostolus,
1608 2990 1674 3038 ut
1718 2986 2041 3040 ostenderet

443 3080 694 3119 amorem
717 3084 883 3122 suum
904 3086 1071 3141 quem
1098 3070 1340 3124 habebat
1359 3087 1470 3125 non
1492 3072 1672 3125 solum
1692 3089 1827 3143 erga
1855 3074 2036 3141 illum,

443 3154 543 3207 sed
569 3155 741 3209 etiam
781 3174 917 3228 erga
950 3164 1213 3229 parentes
1255 3160 1393 3229 ejus,
1437 3177 1675 3229 quorum
1707 3164 2039 3218 memoriam

440 3241 688 3296 habebat
710 3261 724 3310 ς
751 3252 932 3299 certus
958 3262 1084 3300 sum
1103 3252 1287 3301 autem
1318 3250 1462 3314 quod
1484 3255 1535 3302 et
1580 3253 1644 3303 in
1676 3256 1741 3316 te,
1775 3250 2042 3306 subaudis

439 3329 659 3386 habitat
689 3334 885 3388 eadem
914 3334 1071 3390 fides.

512 3424 745 3490 Propter
768 3439 936 3492 quam
974 3440 1220 3491 causam,
1249 3424 1383 3496 quia
1415 3425 1581 3480 fidem
1615 3442 1799 3480 veram
1839 3425 2036 3495 habes,

442 3509 707 3564 admoneo
738 3516 784 3564 te
812 3518 874 3566 ut
904 3517 1216 3568 ressuscites
1244 3517 1491 3582 gratiam
1520 3516 1779 3583 Dei,‘qu.‘e
1806 3522 1883 3569 est
1908 3519 1970 3569 in
1992 3522 2039 3571 te

440 3612 538 3663 per
558 3601 962 3667 impasitionem
982 3618 1258 3656 manuum
1276 3619 1528 3657 mearum
1540 3603 1703 3667 .Quia
1712 3604 2039 3658 Timotheus

440 3688 930 3744 mansuetissimus
959 3696 1084 3745 erat
1110 3696 1166 3746 et
1211 3692 1398 3746 nimiae
1437 3692 1740 3763 patientiae,
1781 3692 2041 3748 hortatur

439 3773 602 3829 illum
629 3778 931 3847 Apostolus
961 3785 1240 3848 quatenus
1260 3780 1480 3835 fortiter
1515 3781 1786 3835 consistat
1805 3781 1862 3834 in
1894 3797 2038 3852 prae-

441 3862 738 3920 dicationis
762 3866 962 3932 ofﬁcio,
995 3875 1053 3923 et
1070 3868 1291 3923 fortiter
1332 3870 1639 3939 redarguat
1665 3870 2034 3940 negligentes,

440 3949 727 4022 inquiens:
751 3952 888 4010 Ideo
912 3956 1188 4012 admoneo
1213 3964 1269 4012 te
1299 3967 1363 4012 ut
1387 3957 1650 4028 evigilare
1699 3957 1870 4011 facias
1895 3958 1952 4012 in
1981 3965 2038 4012 te

440 4041 682 4109 gratiam
716 4043 836 4108 Dei,
863 4051 925 4099 ut
954 4046 1076 4100 sine
1107 4046 1309 4100 timore
1348 4046 1636 4117 praedices,
1686 4054 1742 4100 et
1769 4046 2037 4117 corripias

441 4139 757 4198 peccantes.
792 4133 1044 4188 Gratiam
1087 4140 1276 4189 autem
1314 4136 1414 4189 Dei
1448 4135 1695 4205 appellat
1722 4135 1912 4200 ﬁdem,
1944 4136 2040 4189 do-

2120 2987 2248 3037 ante
2268 2987 2511 3049 tempora
2529 2980 3123 3050 saecularia.Tempora
3136 2977 3434 3033 saecularia
3454 2974 3687 3031 debemus

2120 3072 2213 3126 hic
2250 3070 2565 3140 intelligere
2588 3074 2848 3140 tempora
2875 3073 2933 3122 et
2959 3067 3164 3122 saecula
3194 3083 3324 3138 quae
3382 3082 3447 3119 ex
3494 3080 3554 3118 eo
3571 3068 3691 3117 tem-

2121 3176 2257 3231 pore
2277 3175 2400 3214 esse
2430 3164 2739 3229 cceperunt,
2762 3173 2873 3229 quo
2896 3157 3139 3212 mundus
3159 3156 3346 3211 factus
3370 3160 3472 3220 est,
3497 3157 3550 3207 et
3568 3152 3685 3217 dies,

2124 3253 2316 3302 etnox.
2335 3249 2478 3302 Nam
2493 3252 2663 3301 antea
2680 3262 2792 3300 non
2812 3250 2976 3299 erant
3008 3244 3209 3299 saecula
3229 3260 3418 3315 neque
3445 3248 3685 3311 tempora,

2123 3354 2415 3409 quousque
2443 3336 2592 3391 venit
2611 3335 2935 3390 vicissitudo
2972 3334 3083 3388 diei
3104 3340 3162 3388 et
3179 3334 3386 3398 noctis,
3411 3338 3469 3387 et
3485 3328 3689 3386 mutabi-

2123 3426 2251 3480 litas
2270 3426 2560 3497 temporis,
2579 3425 2675 3479 sed
2693 3424 2849 3495 quasi
2887 3440 3066 3477 aevum
3081 3428 3220 3477 erat.
3247 3422 3435 3493 Igitur
3451 3426 3574 3475 ante
3595 3434 3690 3473 om-

2120 3516 2215 3569 nia
2234 3514 2430 3569 saacula
2464 3520 2522 3569 et
2545 3520 2817 3584 tempora,
2851 3512 2984 3566 data
3013 3516 3101 3566 est
3134 3510 3411 3582 apostolis
3444 3508 3614 3581 gratia
3642 3505 3688 3558 in

2124 3603 2617 3677 praedestinatione
2630 3602 2751 3665 Dei,
2775 3601 2920 3671 quod
2942 3600 3181 3671 apostoli
3207 3599 3419 3654 Christi
3432 3601 3607 3652 essent
3624 3594 3691 3648 fu-

2121 3693 2254 3759 turi,
2278 3698 2335 3746 et
2348 3708 2543 3746 omnes
2559 3691 2729 3745 etiam
2747 3689 2906 3743 electi
2926 3706 2960 3743 a
2978 3688 3093 3743 Deo
3109 3687 3493 3759 praedestinati
3512 3689 3628 3740 sunt
3641 3683 3690 3736 in

2121 3781 2344 3836 Christo
2385 3784 2517 3834 ante
2571 3779 2797 3832 initium
2852 3777 3069 3841 mundi,
3110 3776 3258 3829 sicut
3282 3777 3343 3830 in
3381 3774 3601 3846 epistola
3632 3769 3691 3823 ad

2121 3869 2390 3940 Ephesios
2411 3868 2619 3922 dicitur
2647 3883 2659 3918 :
2692 3867 2800 3931 Qui
2827 3864 3243 3937 praedestinavit
3260 3881 3376 3918 nos
3403 3864 3461 3917 in
3487 3863 3614 3933 ipso,
3642 3857 3689 3911 id

2121 3964 2206 4012 est
2234 3958 2293 4011 in
2318 3957 2543 4011 Christo
2564 3963 2697 4010 ante
2725 3955 2920 4009 mundi
2961 3952 3424 4008 constitutionem
3452 3971 3465 4019 ;
3504 3951 3568 4005 de
3598 3962 3689 4019 qua

2118 4045 2611 4119 praedestinationé
2627 4044 2764 4098 dicit
2782 4043 3052 4098 Dominus
3078 4042 3138 4096 in
3169 4040 3474 4111 Evangelia
3498 4064 3508 4096 :
3531 4039 3689 4093 Clari-

2119 4139 2220 4204 ﬁca
2248 4152 2351 4199 me,
2388 4139 2446 4187 tu
2462 4136 2647 4196 Pater,
2678 4133 2829 4201 apud
2881 4136 3224 4199 temetipsum
3267 4132 3526 4184 claritate
3545 4140 3687 4194 quam

440 4217 702 4283 ctrinam,
722 4227 780 4274 et
802 4222 1206 4291 Operationem,
1235 4240 1358 4293 quae
1381 4224 1575 4277 omnia
1600 4223 1779 4293 gratis
1808 4224 2031 4278 dantur.
2118 4225 2289 4278 habui
2310 4222 2369 4276 in
2400 4221 2908 4292 prmdestinatione,
2941 4223 3271 4289 priusquam
3306 4218 3547 4272 mundus
3580 4215 3688 4267 esset

441 4304 568 4359 Non
598 4306 744 4361 enim
777 4309 932 4363 dedit
960 4309 1119 4364 nobis
1172 4312 1322 4365 Deus
1357 4311 1618 4381 spiritum
1658 4312 1897 4377 timoris,
1940 4294 2101 4367 sedD
2123 4316 2297 4381 (lacn.
2330 4316 2473 4379 xvii).
2501 4312 2859 4378 Manifestata
2877 4314 2955 4362 est
2989 4314 3195 4373 autem,
3223 4305 3493 4361 subaudis
3519 4302 3688 4358 eadem

441 4392 682 4449 virtutis.
703 4396 825 4451 Duo
841 4404 973 4451 sunt
996 4398 1247 4464 timores,
1270 4416 1416 4453 unus
1438 4399 1795 4461 bonus,alter
1825 4402 2033 4456 malus:
2096 4394 2105 4403 “
2117 4401 2321 4471 gratia,
2352 4398 2579 4453 nuncin
2630 4398 2831 4452 ultima
2860 4401 3045 4462 aetate,
3098 4410 3201 4464 per
3238 4394 3687 4449 illuminatianem

440 4482 625 4538 malus
641 4485 813 4540 timor
824 4494 908 4541 est
925 4487 1066 4558 quia
1079 4487 1301 4542 diabolo
1315 4488 1827 4559 immittitur,quem
1842 4490 2040 4545 habuit

439 4572 642 4629 Petrus
664 4577 895 4647 quando
938 4577 1240 4631 Dominum
1263 4577 1508 4643 negavit,
1543 4583 1601 4631 et
1645 4578 1715 4631 de
1755 4594 1865 4648 quo
1904 4579 2039 4633 dicit

438 4662 712 4719 Dominus
753 4679 768 4716 :
833 4665 1012 4718 Nolite
1051 4668 1241 4718 timere
1280 4682 1362 4718 eas
1410 4667 1509 4732 qui
1545 4667 1803 4719 accidunt
1841 4682 2038 4734 corpus

436 4754 661 4820 (Matth.
709 4760 787 4821 xi;
810 4752 990 4808 bonus
1017 4759 1210 4808 autem
1238 4754 1411 4807 timor
1437 4771 1472 4808 a
1494 4754 1611 4808 Deo
1640 4754 1828 4820 datur,
1870 4770 2038 4825 quem

439 4840 577 4895 dicit
600 4840 778 4896 Isaias
799 4858 970 4913 super
1002 4842 1305 4897 Dominum
1346 4842 1704 4912 requievisse.
1729 4843 1797 4897 Et
1826 4846 2035 4912 requie-

435 4935 559 4995 scet,
591 4930 871 4999 inquiens,
892 4947 1057 4999 super
1100 4948 1227 4985 eum
1273 4934 1508 4999 spiritus
1553 4934 1769 4985 timoris
1810 4934 2036 4987 Domini

439 5019 568 5084 (Isa.
592 5026 754 5082 xII,et
772 5019 841 5071 de
871 5036 980 5089 quo
1009 5018 1283 5074 Dominus
1311 5020 1369 5073 in
1398 5019 1698 5091 Evangelia
1738 5039 1751 5073 :
1810 5023 2030 5086 Timete,

437 5105 644 5175 inquit,
667 5122 791 5159 eum
812 5111 912 5174 qui
934 5113 1104 5175 potest
1125 5112 1380 5162 animam
1395 5113 1445 5160 et
1464 5124 1658 5177 corpus
1678 5110 1920 5177 perdere.
1951 5110 2033 5164 De

437 5194 589 5248 malo
617 5209 751 5263 ergo
765 5193 981 5260 timore,
1007 5210 1283 5265 perquam
1316 5196 1439 5266 quis
1467 5196 1704 5250 discedit
1733 5213 1767 5249 a
1793 5197 1922 5263 fide,
1945 5198 2033 5251 di-

434 5284 512 5338 cit
540 5282 839 5354 Apostolus
862 5283 950 5338 hic
973 5300 985 5335 :
1007 5284 1132 5339 Non
1153 5286 1301 5338 dedit
1325 5287 1476 5339 nobis
1500 5289 1765 5354 spiritum
1792 5290 2029 5353 timoris,

435 5376 501 5427 ut
526 5371 830 5426 timeamus
844 5380 1231 5441 persecutores
1252 5372 1421 5444 hujus
1443 5375 1649 5440 saeculi,
1675 5379 1732 5428 et
1750 5391 2033 5429 cessemus

426 5466 657 5533 propter
675 5461 780 5516 hoc
800 5477 835 5514 a
864 5460 1277 5531 praedicatione,
1307 5464 1401 5517 sed
1409 5465 1677 5534 spiritum
1692 5467 1942 5529 virtutis,
1971 5462 2030 5517 id

2118 4490 2424 4546 Saluatoris
2444 4491 2622 4542 nostri
2643 4489 2770 4541 Jesu
2802 4487 3024 4550 Christi,
3050 4484 3108 4538 id
3137 4490 3224 4537 est
3268 4500 3375 4554 per
3403 4480 3688 4537 doctrinam

2120 4582 2177 4631 et
2206 4577 2476 4630 miracula
2497 4575 2647 4629 illius
2690 4575 2787 4645 qui
2816 4576 2911 4628 lux
2942 4579 3046 4640 est,
3078 4578 3126 4626 et
3155 4575 3255 4640 qui
3279 4574 3566 4627 illuminat
3593 4582 3686 4620 am-

2120 4682 2246 4720 nem
2272 4667 2551 4719 hominem
2578 4668 2759 4731 (Jaan.
2791 4665 2851 4728 ι).
2884 4664 3125 4718 Ostensa
3152 4670 3239 4716 est
3267 4666 3326 4715 et
3354 4658 3687 4715 manifestata

2120 4754 2202 4808 illi
2229 4754 2414 4824 gratia
2454 4754 2511 4807 in
2554 4753 2785 4818 mundo,
2846 4768 2969 4822 quae
3029 4758 3113 4805 est
3154 4751 3550 4821 praedestinata
3576 4750 3687 4798 ante

2118 4843 2408 4897 exordium
2440 4841 2654 4907 mundi,
2679 4844 2779 4910 qui
2805 4842 3083 4894 destruxit
3111 4841 3335 4907 quidem
3367 4842 3687 4899 mortem,re-

2116 4931 2396 5002 surgeudo
2416 4947 2452 4983 a
2478 4929 2713 4984 mortuis
2738 4936 2796 4983 et
2820 4928 3028 4984 electos
3059 4944 3193 4982 suos
3248 4927 3318 4981 de
3345 4931 3522 4980 morte
3550 4936 3686 4976 revo-

2115 5021 2311 5088 cando;
2327 5023 2871 5075 itluminavitautem
2881 5021 3112 5071 vitamet
3128 5017 3591 5084 incorruptionem
3605 5022 3685 5078 per

2113 5109 2512 5178 Evangeiium,
2535 5108 2592 5161 id
2622 5113 2708 5161 est
2722 5106 2891 5160 vitam
2922 5110 3211 5168 aeternam,
3249 5111 3307 5158 et
3341 5097 3684 5170 incorruptio-

2114 5204 2442 5268 nem.atque
2458 5195 2939 5250 immortalitatem
2962 5210 3129 5265 quam
3150 5191 3385 5246 habetin
3410 5206 3490 5247 se.
3510 5204 3571 5242 ex
3588 5198 3683 5257 quo

2116 5286 2423 5342 resurrexit
2443 5302 2475 5338 a
2490 5284 2750 5345 mortuis,
2765 5282 2898 5353 quia
2928 5297 3228 5351 resurgens
3249 5297 3283 5334 a
3309 5278 3555 5339 mortuis,
3579 5275 3681 5344 jam

2114 5392 2227 5430 non
2247 5374 2503 5429 moritur.
2528 5373 2630 5427 Vel
2661 5371 2908 5425 ostendit
2934 5378 2993 5424 et
3022 5368 3419 5427 manifestavit,
3448 5365 3559 5418 sive
3576 5362 3683 5414 illu-

2113 5462 2296 5517 minat
2322 5477 2425 5533 per
2451 5459 2905 5532 prmdicationem
2931 5457 3235 5528 Evangelii,
3269 5452 3528 5527 quoniam
3553 5449 3679 5504 sicut
