3966 6156
254 254 354 311 801

933 236 1318 313 mosrrio
1348 257 1426 312 IN
1457 256 1613 313 EPP.
1647 256 1706 313 s.
1737 251 1972 310 PAULI.
2008 280 2076 295 —
2105 253 2185 308 IN
2212 252 2436 309 EPIST.
2470 252 2526 309 II
2559 252 2658 309 AD
2685 253 2837 310 TIM.

3421 258 3529 320 802

243 396 341 450 ille
368 398 537 463 vivit,
561 398 644 453 ita
670 412 968 467 speramus
995 415 1098 453 nos
1117 414 1413 470 resurgere
1437 405 1495 453 et
1516 400 1700 450 vivere
1737 399 1858 452 sine
1875 379 2149 470 Alegi‘m‘
2168 380 2228 433 in
2247 378 2486 433 θεηθείε
2533 378 2687 433 Plu“
2712 378 2985 434 Dominus
3021 378 3196 435 Filius
3222 397 3258 436 3
3284 382 3525 441 Domino

248 486 360 540 fine
383 485 621 541 feliciter
649 504 777 542 cum
810 488 928 554 illo,
965 490 1025 541 in
1070 504 1197 556 quo,
1226 488 1496 542 subaudis
1524 488 1841 559 Evangelio,

245 579 462 642 positus
488 581 546 630 et
577 577 918 632 constitutus
944 592 1070 630 sum
1099 592 1192 643 ego
1210 579 1558 644 pradicator.

1929 468 2114 522 Patre.
2135 469 2354 535 Quanta
2374 467 2568 535 Ephesi
2592 470 2952 531 ministravit,
2977 469 3125 523 idem
3147 471 3528 543 Onesiphorus

1930 572 2044 610 non
2082 557 2265 611 solum
2291 556 2427 609 mihi
2448 561 2506 609 et
2536 555 2657 620 tibi,
2683 573 2874 611 verum
2905 558 3077 612 etiam
3099 559 3223 614 aliis
3246 560 3524 629 ﬁdelibus;

321 663 396 718 0b
428 680 597 733 quam
629 681 878 730 causam,
920 660 1189 718 subaudis
1222 664 1355 735 quia
1382 681 1485 735 ego
1509 665 1847 720 constitutus

1954 660 1993 698 u
2024 648 2224 700 melius
2246 647 2409 711 nosti,
2433 644 2701 699 subaudis
2730 662 2901 718 quam
2924 647 3090 703 alius.
3112 647 3121 651 ’

245 768 372 806 sum
416 752 749 822 praedicator
794 752 1102 822 Evangelii,
1150 755 1319 806 etiam
1357 754 1467 807 haec
1503 756 1713 821 patior,
1758 757 1849 809 sed

245 855 362 894 non
382 841 714 906 confundor,
745 840 802 894 id
825 845 913 894 est
939 856 1052 894 non
1085 839 1373 894 erubesco.
1416 840 1563 905 Quid
1604 842 1852 913 patieba-

246 933 344 983 tur
382 928 687 999 Apostolus
721 927 747 981 7
793 928 1231 1000 persecutiones,
1283 929 1530 998 ﬂagella,
1570 946 1846 998 carceres,

2561 787 2794 843 CAPUT
2822 790 2894 844 II.

2009 909 2087 962 Tu
2118 926 2267 974 vero,
2297 913 2386 978 ﬁli
2413 914 2512 973 mi,
2546 913 2862 979 con/artare
2906 916 2969 967 in
2996 918 3185 982 gratia
3214 916 3312 971 Dei
3344 919 3430 973 vel
3469 919 3529 975 in

249 997 494 1077 vinculi,
526 1016 774 1087 cippum,
794 997 1029 1079 famem,
1061 1016 1234 1077 sitim.
1268 1023 1326 1071 et
1368 997 1573 1072 emtam
1596 1020 1734 1074 talia
1770 1021 1861 1075 in,
1931 997 2210 1066 sapientia
2245 999 2365 1062 Dei,
2399 1015 2519 1067 qua:
2544 1006 2621 1053 est
2659 1003 2721 1053 in
2750 1002 2967 1057 Christo
3007 1005 3154 1069 Jesu,
3186 1010 3236 1059 et
3278 1022 3398 1074 quas
3431 1024 3532 1061 au-

246 1104 565 1160 commoda.
598 1105 721 1160 Scio
769 1107 920 1159 enim
965 1108 1061 1157 cui
1088 1106 1317 1171 credidi,
1372 1105 1429 1160 id
1480 1111 1568 1160 est
1612 1108 1856 1176 Christo,

248 1191 494 1262 ideoque
522 1208 635 1246 non
679 1191 992 1247 confundor
1032 1191 1184 1247 inter
1224 1198 1526 1258 tormenta,
1580 1200 1629 1249 et
1679 1204 1859 1253 certus

246 1297 376 1334 sum
413 1284 551 1349 quia
584 1284 776 1348 patens
823 1285 897 1335 est
933 1282 1244 1348 depositum
1296 1298 1482 1335 meum
1528 1299 1752 1340 servare
1795 1290 1858 1341 in

248 1372 425 1423 illum
454 1369 620 1422 diem.
653 1368 983 1440 Depositum
1023 1369 1212 1439 posuit
1247 1385 1350 1440 per
1377 1372 1853 1441 commendatum,

247 1463 304 1511 et
333 1457 475 1529 quid
503 1458 805 1528 Apostolus
833 1456 1077 1511 habebat
1109 1458 1566 1513 commendatum
1588 1461 1858 1517 Christo?

246 1545 495 1600 salutem
525 1562 685 1600 suam
709 1546 956 1600 habebat
982 1546 1133 1617 apud
1164 1546 1327 1601 illum
1357 1550 1737 1618 commissam;
1769 1551 1858 1604 in-

247 1634 316 1689 de
346 1634 490 1689 dicit
519 1652 531 1686 :
556 1633 756 1689 Certus
780 1651 907 1689 sum
939 1634 1074 1705 quia
1098 1634 1354 1690 Christus
1372 1635 1463 1690 cui
1490 1636 1721 1704 credidi,
1754 1636 1856 1710 pb-

1942 1087 2077 1139 disti
2099 1103 2134 1139 a
2160 1104 2243 1141 me
2267 1103 2367 1155 per
2393 1091 2594 1141 multos
2624 1093 2791 1155 testes,
2825 1090 2938 1143 sive
2976 1107 3099 1161 qua;
3137 1092 3399 1149 audivisti
3444 1112 3533 1151 co-

1942 1189 2063 1228 ram
2085 1175 2277 1230 multis
2303 1174 2559 1242 testibus,
2586 1178 2696 1232 hac
2723 1181 3040 1234 commenda
3065 1183 3316 1248 ﬁdelibus
3347 1185 3531 1238 homi-

1944 1264 2125 1327 nibus,
2155 1267 2256 1332 qui
2284 1266 2469 1318 idonei
2508 1271 2677 1319 erunt
2704 1271 2753 1319 et
2791 1269 2929 1320 alios
2967 1269 3171 1324 docere.
3212 1269 3331 1325 Illis
3365 1272 3533 1328 debet

1939 1352 2213 1407 committi
2234 1353 2555 1424 pradicatio
2575 1354 2763 1408 divina
2787 1355 2884 1426 qui
2910 1357 3028 1426 apti
3066 1364 3201 1412 sunt
3228 1359 3308 1412 illi
3350 1362 3532 1415 ofﬁcio

1940 1441 1998 1495 in
2020 1441 2173 1495 omni
2192 1443 2614 1497 conversatione
2642 1443 3033 1507 sua,videlicet
3054 1450 3118 1499 ut
3161 1447 3310 1517 quod
3336 1449 3534 1517 praedi-

1941 1537 2073 1584 cant
2102 1546 2219 1597 ore,
2246 1531 2583 1584 confirment
2604 1531 2885 1602 operibus.

2007 1619 2176 1671 Nemo
2205 1620 2457 1671 militans
2486 1619 2589 1671 Deo
2628 1621 2879 1685 implicat
2907 1637 2960 1673 se
3004 1625 3234 1689 negotiis
3273 1627 3536 1680 secutori-

247 1730 381 1778 tens
408 1728 499 1777 est
524 1731 747 1776 Servare
773 1723 1014 1777 salutem
1040 1738 1224 1776 meam
1268 1723 1328 1777 in
1372 1724 1533 1778 illum
1579 1707 1773 1790 diem"
1798 1727 1855 1782 id
1875 1742 1922 1801 Β
1945 1707 2063 1801 bus,
2084 1709 2222 1801 quia
2245 1722 2402 1801 nemo
2428 1711 2596 1801 potest
2633 1708 2844 1801 duobus
2872 1710 3117 1801 dominis
3146 1714 3353 1766 servire
3379 1715 3533 1780 (Luc.

251 1819 338 1868 est
378 1813 441 1867 in
466 1811 615 1866 diem
631 1811 848 1883 judicii,
881 1811 1014 1883 quia
1041 1810 1283 1866 salutem
1328 1812 1389 1866 in
1430 1830 1529 1884 spe
1576 1818 1633 1868 et
1660 1814 1717 1869 in
1756 1793 1919 1871 ﬁde-
1948 1797 2080 1861 xw),
2130 1793 2244 1847 Deo
2279 1798 2349 1884 et:
2378 1794 2600 1884 53’9"!"-
2634 1794 2937 1884 δῖθσωθτίεο
2983 1798 3208 1866 Πθεοίίθ
3237 1805 3393 1857 sum"
3434 1817 3536 1871 Ρθν

247 1901 409 1956 illius
438 1900 722 1955 collocavi.

315 1991 586 2044 For-mam
606 1989 831 2054 habens,
849 1987 905 2041 id
921 1992 1009 2041 est
1024 1988 1343 2059 exemplum
1370 2004 1642 2044 sanorum
1669 1992 1862 2045 verbo-

252 2095 389 2132 rum
403 2094 570 2147 quam
584 2094 670 2131 me
683 2078 900 2130 audisti
905 2076 1077 2131 .Sana
1097 2075 1265 2130 verba
1280 2082 1414 2130 sunt
1433 2076 1548 2131 sive
1568 2094 1709 2132 sana
1727 2079 1862 2133 doo-

250 2167 425 2229 trina,
433 2163 929 2236 quandohocquod
946 2163 1282 2235 praedicatur
1296 2163 1559 2234 operibus
1570 2164 1854 2236 impletur.

315 2258 543 2310 Bonum
572 2256 875 2323 depositum
903 2254 1116 2307 custodi
1154 2268 1258 2320 per
1284 2253 1566 2320 Spiritum
1598 2260 1859 2309 sanctum

249 2346 351 2412 qui
383 2344 602 2397 habitat
630 2346 694 2396 in
728 2343 904 2407 nobis,
938 2341 996 2395 id
1029 2345 1117 2394 est
1143 2340 1458 2395 doctrinam
1489 2347 1547 2396 et
1576 2344 1862 2413 operatio-

247 2447 382 2486 nem
423 2447 596 2503 quam
624 2429 727 2483 tibi
763 2428 1169 2494 commendavi,
1203 2429 1423 2482 custodi
1466 2446 1567 2500 per
1594 2431 1860 2486 virtutem

249 2519 503 2592 Spiritus
546 2518 746 2584 sancti,
786 2518 882 2589 qui
921 2523 1006 2571 est
1051 2516 1112 2571 in
1146 2516 1344 2585 nobis;
1404 2518 1491 2571 vel
1541 2519 1861 2589 depositum

247 2608 405 2679 quod
426 2606 692 2679 accepisti
722 2623 825 2678 per
847 2605 1121 2677 Spiritum
1148 2611 1407 2660 sanctum
1426 2606 1667 2661 custodi.

314 2698 448 2753 Scis
476 2699 614 2765 quia
639 2697 823 2750 aversi
849 2700 1005 2762 sunt,
1031 2694 1088 2748 id
1119 2700 1205 2748 est
1231 2699 1585 2749 recesserunt
1608 2711 1862 2751 ameom-

252 2804 345 2842 nes
378 2789 486 2856 qui
511 2788 574 2839 in
593 2787 726 2840 Asia
757 2788 909 2838 sunt.
928 2782 988 2837 Si
1006 2782 1310 2854 Apostolus
1338 2782 1568 2837 interim
1587 2784 1858 2854 praedica-

253 2876 332 2930 vit
356 2874 429 2928 in
452 2873 609 2938 Asia,
640 2873 818 2927 donec
838 2887 1032 2926 omnes
1059 2871 1254 2925 Asiani
1276 2871 1590 2937 crederent,
1628 2873 1774 2927 sicut
1799 2872 1859 2927 in

252 2962 497 3017 Actibus
534 2962 917 3032 apostolorum
958 2961 1137 3014 Lucas
1173 2960 1331 3025 dixit,
1382 2976 1558 3031 quare
1598 2960 1690 3014 hic
1725 2959 1861 3013 dicit

249 3050 567 3123 Apostolus
596 3066 631 3103 a
651 3066 711 3104 se
740 3065 932 3103 omnes
957 3048 1256 3103 recessisse
1276 3049 1301 3101 ?
1322 3049 1390 3104 Et
1418 3047 1495 3102 ibi
1523 3064 1656 3118 ergo
1686 3054 1744 3103 et
1769 3047 1920 3118 hicC,

248 3146 444 3196 totum
474 3156 577 3210 pro
597 3144 755 3210 parte
783 3137 1028 3209 positum
1055 3141 1165 3193 est.
1186 3136 1559 3191 Crediderunt
1587 3152 1720 3207 ergo
1750 3152 1866 3190 om-

249 3246 350 3285 nes
372 3228 579 3283 Asiani
600 3227 762 3282 electi
777 3232 832 3281 et
861 3224 1260 3297 praedestinati,
1294 3230 1649 3280 recesserunt
1672 3240 1866 3279 omnes

246 3317 483 3390 reprobi
509 3322 566 3371 et
590 3332 701 3371 non
725 3314 1127 3387 praedestinati,
1164 3331 1229 3368 ea:
1256 3315 1458 3382 quibus
1493 3319 1568 3367 est
1594 3314 1865 3381 Phygetus

247 3413 299 3461 et
348 3408 741 3473 Hermogenes.
781 3404 941 3458 Alter
979 3403 1088 3457 fuit
1132 3402 1436 3473 Phygelus,
1492 3406 1550 3455 et
1578 3402 1723 3455 alter
1758 3400 1866 3455 fuit

247 3496 541 3559 Philetus,
591 3498 649 3548 et
680 3498 872 3548 tamen
916 3497 1155 3562 uterque
1202 3495 1461 3561 apostata
1502 3489 1785 3561 Phygelus
1814 3494 1871 3544 et

242 3584 638 3653 Hermogenes
685 3580 821 3635 socii
851 3580 1099 3645 fuerunt,
1155 3579 1225 3632 de
1254 3577 1459 3649 quibus
1503 3578 1594 3631 hic
1639 3578 1864 3642 dicitur,

248 3679 307 3727 et
349 3671 622 3726 Philetus
666 3669 928 3723 similiter
967 3674 1023 3722 et
1073 3668 1432 3738 Hymenaeus,
1462 3667 1531 3720 de
1562 3665 1763 3737 quibus
1802 3666 1862 3719 in

246 3758 736 3829 subsequentibus
764 3774 948 3812 sermo
980 3756 1297 3810 habebitur.
1331 3755 1614 3826 Phygelus
1655 3770 1789 3824 ergo
1816 3758 1873 3807 et

246 3851 646 3918 Hermogenes
675 3846 1036 3900 adhaeserunt
1060 3859 1168 3898 non
1193 3834 1524 3914 simpliciter
1550 3843 1710 3897 beato
1730 3844 1874 3912 Apo-

247 3938 423 4001 stolo,
491 3935 589 3989 sed
634 3940 699 3989 ut
754 3934 1112 4005 explorarent
1139 3934 1259 4002 ejus
1308 3931 1763 4002 praedicationem
1814 3934 1873 3984 et

247 4023 765 4087 conversationem,
809 4027 865 4076 et
893 4019 1371 4092 reprehenderent
1413 4035 1572 4085 eum;
1614 4018 1712 4072 sed
1741 4034 1870 4071 cum

248 4115 359 4169 hoc
389 4129 514 4168 non
543 4110 878 4183 potuissent,
913 4112 1269 4163 recesserunt
1314 4106 1386 4161 ab
1414 4107 1530 4174 illo,
1570 4106 1705 4178 quia
1757 4122 1871 4161 non

254 4207 433 4257 erant
462 4205 629 4255 rectae
656 4198 809 4253 ﬁdei.

322 4293 434 4345 Det
460 4289 903 4343 misericordiam
920 4288 1194 4341 Dominus
1216 4286 1539 4352 Onesiphori
1577 4284 1790 4350 domui,
1817 4283 1874 4338 id

1946 1897 2147 1935 usuras
2189 1886 2248 1935 et
2283 1881 2633 1935 adulationes
2669 1883 2826 1936 lucra
2861 1884 3191 1955 temporalia
3221 1886 3531 1957 acquirere,

1944 1969 2091 2023 sicut
2129 1968 2341 2023 faciunt
2377 1969 2458 2022 illi
2481 1968 2578 2039 qui
2607 1969 2832 2039 regibus
2856 1977 2913 2025 et
2937 1972 3234 2028 comitibus
3263 1974 3387 2030 ideo
3406 1993 3528 2031 ser-

1942 2057 2120 2121 viunt,
2152 2062 2217 2111 ut
2244 2057 2314 2111 ab
2342 2058 2424 2111 eis
2461 2058 2797 2127 temporalia
2837 2059 3115 2130 accipiant
3160 2061 3452 2118 beneﬁcia.
3484 2066 3535 2120 A

1943 2145 2149 2200 talibus
2177 2145 2384 2200 debent
2410 2162 2470 2199 se
2498 2147 2781 2200 custodire
2812 2147 3077 2219 episcopi,
3111 2151 3208 2221 qui
3246 2152 3338 2221 (ut
3372 2168 3537 2208 cano-

1942 2251 2042 2289 nes
2066 2235 2282 2304 dicunt)
2300 2234 2681 2305 praedicationi
2709 2234 2915 2290 debent
2933 2253 3156 2308 semper
3187 2238 3448 2295 insistere
3479 2247 3536 2297 et

1942 2322 2311 2378 orationibus.
2339 2322 2406 2376 Et
2426 2337 2539 2376 non
2562 2323 2746 2376 solum
2772 2322 3037 2395 episcopi,
3054 2325 3152 2379 sed
3169 2326 3340 2381 etiam
3352 2329 3535 2383 omnis

1943 2411 2079 2466 ordo
2103 2410 2510 2465 ecclesiasticus
2538 2410 2705 2465 debet
2734 2427 2795 2465 se
2822 2410 3159 2482 inquantum
3184 2416 3332 2470 valet.
3359 2415 3430 2470 ab
3449 2416 3537 2472 his

1941 2499 2253 2553 immunem
2272 2499 2507 2553 reddere
2537 2516 2549 2551 :
2583 2498 2821 2570 ideoque
2848 2499 3014 2554 debet
3043 2502 3140 2572 qui
3174 2503 3289 2558 Deo
3333 2504 3541 2561 militat

1942 2587 2013 2641 ab
2040 2587 2124 2641 his
2149 2604 2210 2642 se
2233 2601 2540 2653 removere,
2566 2591 2629 2640 ut
2661 2589 2713 2640 ei
2734 2590 2948 2655 placeat
2973 2589 3109 2656 Deo,
3134 2594 3229 2644 cui
3257 2608 3309 2645 se
3341 2595 3543 2661 proba-

1941 2680 2039 2743 vit,
2062 2676 2122 2730 id
2145 2680 2231 2730 est
2256 2675 2349 2729 cui
2378 2692 2439 2729 se
2468 2675 2688 2729 devovit
2707 2679 2959 2746 tempore
2982 2675 3358 2747 baptismatis.

2011 2765 2373 2819 Laborantem
2388 2766 2691 2832 agricolam
2705 2769 2907 2832 oportet
2921 2768 3178 2832 primum
3190 2768 3255 2821 de
3262 2770 3540 2834 fructibus

1940 2853 2029 2907 sui
2048 2852 2256 2907 laboris
2275 2855 2571 2921 percipere.
2595 2852 2879 2916 Quantum
2914 2853 2987 2907 ad
3004 2853 3251 2909 litteram
3272 2857 3537 2927 pertinet,

1941 2942 2175 3012 dignum
2206 2946 2295 2995 est
2322 2946 2388 2994 ut
2424 2939 2671 3010 agricola
2698 2946 2756 2994 et
2784 2940 2992 2994 vinitor
3035 2941 3281 3013 primum
3324 2944 3542 3000 fructus

1942 3029 2030 3083 sui
2050 3028 2256 3083 laboris
2276 3029 2577 3099 degustent
2602 3045 2613 3078 :
2643 3029 2829 3082 altiori
2856 3036 3045 3084 autem
3070 3047 3259 3096 sensu,
3290 3049 3426 3103 ager
3454 3037 3544 3087 est

1946 3118 2037 3172 hic
2063 3118 2306 3172 mundus
2331 3117 2418 3171 vel
2448 3116 2726 3171 Ecclesia:
2760 3118 3020 3187 agricolas
3041 3125 3099 3173 et
3127 3120 3390 3175 vinitores
3409 3127 3546 3177 sunt

1946 3206 2360 3277 praedicatores,
2392 3205 2490 3275 qui
2538 3206 2725 3275 ligone
2764 3205 2918 3259 verbi
2943 3206 3049 3261 Dei
3078 3209 3338 3264 excolunt
3379 3210 3550 3265 corda

1947 3294 2298 3360 auditorum;
2344 3294 2441 3364 qui
2479 3292 2689 3347 debent
2727 3293 2941 3348 fructus
2983 3295 3071 3349 sui
3116 3295 3341 3362 laboris,
3371 3298 3431 3353 id
3459 3304 3546 3354 est

1944 3384 2175 3450 victum,
2213 3389 2271 3437 et
2298 3383 2760 3448 calceamentum,
2784 3388 2840 3436 et
2869 3384 3266 3440 vestimentum
3290 3387 3545 3458 accipere

1951 3472 2020 3527 ab
2052 3471 2402 3527 auditoribus
2431 3471 2706 3542 suis,quia
2734 3471 2938 3541 dignus
2967 3478 3053 3526 est
3081 3474 3372 3544 cperarius
3395 3492 3542 3530 mer-

1950 3561 2083 3615 cede
2104 3577 2225 3616 sua.
2260 3561 2328 3613 Et
2352 3559 2595 3630 primum
2624 3559 2830 3612 debent
2858 3559 2939 3612 illi
2966 3576 3127 3614 suam
3153 3562 3547 3619 necessitatem

1950 3648 2184 3721 implere
2230 3666 2296 3702 ex
2339 3648 2428 3701 his
2466 3663 2589 3717 quae
2635 3646 2934 3717 accipiunt,
2975 3654 3034 3701 et
3062 3649 3141 3702 sic
3182 3652 3545 3719 postmodum

1952 3737 2078 3791 aliis
2097 3738 2165 3791 de
2198 3737 2285 3790 his
2305 3753 2427 3806 quae
2448 3740 2750 3805 supersunt
2767 3735 3102 3790 ministrare.
3122 3736 3382 3792 Fortasse
3401 3755 3549 3810 qua:-

1953 3826 2030 3879 rit
2060 3825 2263 3896 aliquis
2304 3840 2479 3894 quare
2516 3822 2838 3893 Apostolus,
2891 3824 2988 3893 qui
3034 3824 3226 3879 labore
3274 3843 3549 3883 manuum

1952 3930 2180 3968 suarum
2204 3912 2440 3978 vivebat,
2461 3911 2599 3965 talia
2614 3910 2942 3981 princeperit
2955 3911 3269 3972 Timotheo.
3294 3913 3551 3969 videlicet

1951 4009 2016 4059 ut
2037 4007 2315 4073 acciperet
2342 3999 2411 4054 ab
2449 3998 2798 4053 auditoribus
2827 3998 2943 4052 suis
2972 4015 3040 4052 ea
3071 4016 3195 4069 quae
3231 4002 3551 4060 necessaria

1951 4090 2057 4145 sibi
2077 4090 2275 4145 erant?
2303 4089 2407 4144 Cui
2434 4087 2885 4160 respondendum
2905 4095 2992 4142 est
3010 4088 3370 4143 Timotheum
3389 4088 3550 4145 bona:

1954 4179 2258 4233 voluntatis
2272 4184 2443 4249 atque
2466 4175 2793 4230 intentionis
2821 4175 3023 4243 fuisse;
3044 4182 3102 4231 et
3120 4176 3255 4248 quia
3272 4177 3392 4249 ipse
3414 4179 3551 4234 scie-

1954 4269 2052 4322 bat
2080 4266 2304 4322 beatum
2327 4264 2655 4336 Apostolum
2680 4263 2873 4318 labore
2898 4264 3171 4320 manuum
3199 4282 3431 4321 suarum
3469 4266 3554 4321 vi-

251 4384 343 4434 est
372 4376 613 4432 familiae
640 4374 813 4429 illius.
853 4372 968 4428 Iste
997 4373 1379 4444 Onesiphorus
1407 4371 1649 4425 Asianus
1692 4369 1865 4424 ﬁdelis

1956 4373 2103 4417 vere,
2136 4355 2388 4425 nihilque
2420 4352 2669 4424 accipere
2704 4369 2740 4407 a
2767 4352 3055 4423 subjectis,
3088 4353 3308 4409 volebat
3337 4354 3553 4411 imitari

253 4472 385 4521 erat
426 4464 667 4519 allectus
696 4479 797 4534 per
827 4461 1282 4533 praedicationem
1308 4459 1583 4531 Apostoli.
1615 4458 1720 4513 Cui
1746 4474 1876 4513 cum

254 4556 349 4611 sui
378 4569 562 4610 causa
575 4551 818 4606 venisset
835 4551 1075 4605 Romam
1100 4550 1174 4603 ad
1210 4549 1629 4619 imperatorem,
1653 4551 1719 4601 ut
1748 4551 1876 4616 pote

259 4647 401 4717 quia
426 4640 820 4698 nobilissimus
849 4645 973 4692 erat
1001 4652 1333 4708 magnaeque
1361 4633 1668 4706 dignitatis,
1686 4633 1877 4704 requi-

257 4734 397 4787 sivit
448 4731 549 4786 ubi
597 4736 743 4785 esset
768 4729 1104 4801 Apostolus;
1136 4732 1194 4781 et
1221 4742 1347 4780 cum
1376 4722 1681 4794 reperisset
1716 4722 1877 4777 illum

256 4839 389 4877 esse
418 4822 487 4875 in
512 4834 755 4884 carcere,
788 4833 901 4871 non
927 4822 1015 4870 est
1033 4815 1367 4884 dedignatus
1388 4812 1460 4866 ad
1482 4812 1642 4866 illum
1662 4810 1873 4877 venire,

254 4912 361 4966 sed
393 4908 722 4965 consolatus
750 4912 836 4961 est
859 4906 1041 4969 illum,
1088 4908 1145 4957 et
1173 4900 1411 4974 praebuit
1451 4901 1503 4955 ei
1534 4916 1660 4971 quae
1690 4916 1877 4955 neces-

254 5000 420 5055 saria
451 5003 635 5052 erant.
658 4996 795 5051 Inde
826 4994 964 5048 dicit
982 4991 1281 5063 Apostolus
1312 5003 1325 5039 :
1354 4990 1499 5059 Saepe
1520 5006 1607 5044 me
1644 4989 1882 5056 refrige-

256 5091 444 5153 ravit,
459 5102 565 5141 suo
583 5083 862 5155 colloquio
876 5088 934 5137 et
951 5079 1354 5147 consolatione,
1369 5084 1419 5132 et
1431 5082 1683 5133 catenam
1700 5092 1881 5131 meam

256 5193 382 5231 non
415 5176 667 5230 erubuit.

306 5298 309 5301 -
334 5266 448 5319 Det
476 5262 571 5317 illi
590 5261 737 5316 Deus
753 5261 1186 5315 Paterinvenire
1218 5256 1662 5312 misericordiam
1682 5257 1747 5308 in
1776 5255 1881 5307 itta

259 5354 356 5408 die
386 5368 429 5407 α
465 5353 712 5417 Domino,
743 5348 1010 5404 subaudis
1034 5347 1197 5414 Filio,
1237 5346 1295 5400 id
1324 5350 1411 5400 est
1448 5344 1507 5398 iu
1555 5342 1645 5397 die
1674 5342 1883 5396 adven-

260 5449 365 5497 tus
397 5438 535 5495 Filii
570 5438 667 5494 Dei
694 5439 764 5493 ad
780 5436 1079 5509 judicium,
1102 5437 1190 5490 det
1218 5437 1311 5489 illi
1334 5433 1484 5488 Deus
1528 5432 1698 5485 Pater
1726 5432 1884 5484 mise-

262 5529 592 5586 ricordiam
614 5530 888 5584 invenire.
915 5524 1052 5581 Tale
1074 5529 1163 5580 est
1185 5524 1293 5580 hoc
1312 5522 1478 5594 quale
1496 5525 1555 5576 et
1579 5519 1721 5615 illud
1734 5517 1885 5591 quod

1957 4444 2327 4515 magistrum;
2360 4442 2458 4497 sed
2497 4457 2612 4496 non
2639 4440 2863 4496 valebat
2899 4442 3139 4512 operari,
3177 4448 3443 4513 gravatus
3471 4444 3556 4499 in-

1958 4534 2224 4588 firmitate
2253 4530 2547 4587 stomachi.
2588 4531 2942 4601 Quapropter
2972 4530 3195 4600 scripsit
3231 4531 3282 4585 ei
3314 4533 3555 4602 Aposto-

1960 4623 2047 4678 lus
2072 4627 2348 4694 quatenus
2372 4621 2652 4691 acciperet
2678 4634 2713 4671 a
2747 4617 3012 4687 subjectis
3046 4617 3316 4685 subsidia,
3349 4634 3554 4674 consu-

1962 4712 2084 4767 lens
2104 4710 2423 4765 inﬁrmitati
2447 4708 2616 4762 illius.
2651 4706 2812 4761 Unde
2838 4710 2897 4758 et
2914 4704 3139 4758 subdit:
3175 4707 3555 4776 Intelligequa:

1957 4803 2096 4865 dico,
2127 4797 2394 4853 subaudis
2411 4795 2544 4867 quia
2566 4793 2634 4848 ad
2652 4799 2709 4846 te
2739 4790 3043 4861 pertinent.
3074 4793 3238 4846 Dabit
3275 4796 3426 4848 enim
3453 4796 3557 4849 tibi

1958 4890 2229 4944 Dominus
2252 4888 2609 4949 intellectum,
2624 4896 2736 4935 non
2755 4878 2938 4934 solum
2959 4879 3019 4934 in
3038 4880 3266 4949 hoc,sed
3292 4881 3464 4938 etiam
3491 4886 3556 4939 in

1962 4979 2237 5033 omnibus.

2033 5067 2242 5120 Memor
2267 5069 2375 5119 esto
2401 5063 2700 5117 Dominum
2724 5061 2909 5115 Iesum
2950 5063 3319 5115 resurremisse
3347 5078 3383 5116 a
3408 5079 3556 5118 mor-

1965 5158 2094 5220 tuis,
2114 5172 2179 5209 ea:
2195 5155 2399 5209 semine
2417 5150 2613 5216 David,
2644 5148 2700 5202 id
2725 5154 2811 5203 est
2839 5148 2908 5203 de
2939 5149 3205 5220 progenie
3234 5149 3438 5206 David:
3471 5169 3555 5206 se-

1963 5246 2211 5301 cundum
2226 5241 2589 5307 Evangetium
2608 5253 2813 5301 meum,
2846 5236 2904 5291 id
2928 5242 3015 5292 est
3035 5238 3341 5294 secundum
3360 5240 3559 5310 praedi-

1964 5334 2243 5389 cationem
2264 5344 2469 5383 meam.
2496 5326 2623 5381 Non
2652 5329 2875 5397 oportet
2896 5326 3273 5394 Timotheum,
3306 5328 3388 5383 ita
3418 5330 3558 5383 scri-

1962 5423 2131 5478 bebat
2179 5417 2502 5492 Apostolus,
2555 5420 2619 5470 ut
2664 5414 2785 5487 ipse
2829 5414 3136 5486 ignoraret,
3184 5416 3282 5470 sed
3331 5421 3559 5486 propter

1964 5510 2256 5569 haereticos
2299 5523 2440 5579 quos
2469 5503 2712 5577 pervidit
2749 5503 2990 5573 futuros,
3023 5502 3120 5574 qui
3145 5502 3351 5560 dicturi
3394 5508 3558 5559 erant
