3966 6156
466 253 572 316 808

923 254 1305 314 HAYMONIS
1335 251 1824 313 HALBERSTAT.
1859 251 2086 314 EPISO.
2116 254 2278 317 OPP.
2311 251 2497 314 PARS
2524 250 2572 321 Ι,
2608 285 2672 302 --
2705 251 3079 314 OOMMENT.
3111 253 3290 312 BIBL.

3604 251 3698 315 Oili

459 382 744 438 Christum
767 398 879 438 non
909 384 1281 439 resurrexisse
1309 397 1344 436 a
1373 382 1629 448 mortuis,
1655 397 1837 451 neque
1865 386 2064 436 natum
2081 384 2130 443 Α
2148 381 2313 436 brum
2345 387 2596 452 occupat.
2629 386 2687 436 et
2714 381 3043 453 plerumque
3061 384 3245 434 totum
3274 394 3468 450 corpus
3491 381 3704 438 mortiﬁ-

459 471 530 526 de
557 471 792 542 virgine.
815 472 875 526 Si
905 473 1053 526 enim
1085 473 1154 524 de
1185 472 1400 541 virgine
1421 475 1587 523 natus
1606 485 1718 522 non
1744 475 1848 532 est,
1869 471 2064 539 utique

458 560 640 615 necde
656 561 950 621 semine,id
967 561 1132 614 estde
1155 559 1418 630 progenie
1438 557 1611 612 David
1628 557 2060 616 descendit.Sed

458 650 694 704 veritate
744 649 1068 703 roboratum
1107 649 1266 702 illum
1299 649 1370 702 de
1397 647 1614 701 semine
1651 646 1903 700 mulieris
1941 663 2065 700 esse

460 743 660 792 natum
691 739 812 791 sine
840 738 1054 791 semine
1083 737 1204 801 viri,
1241 744 1296 791 et
1321 743 1512 790 tamen
1542 736 1698 805 virgo
1729 735 2057 805 permansit.

532 829 598 881 In
639 843 748 894 quo
781 825 1078 895 Evangelia
1118 828 1303 878 laboro
1343 841 1510 892 usque
1535 825 1607 876 ad
1637 827 1860 876 vincula
1901 827 2064 890 quasi

460 919 604 970 male
631 929 882 982 operans,
923 914 981 967 id
1013 920 1099 967 est
1126 914 1285 984 quasi
1311 915 1455 966 latro
1483 919 1582 965 aut
1610 911 1890 965 homicida
1913 930 1925 976 ;
1971 913 2062 964 sed

459 1005 684 1058 verbum
723 1005 822 1056 Dei
846 1019 956 1058 non
994 1008 1071 1055 est
1099 1005 1418 1069 alligatum,
1451 1001 1508 1054 id
1538 1007 1627 1054 est
1667 1000 1793 1053 licet
1825 1016 1927 1069 ego
1953 1000 2060 1053 sim

461 1092 730 1160 alligatus
752 1107 1004 1161 corpore,
1037 1097 1225 1144 tamen
1249 1090 1474 1144 verbum
1507 1090 1607 1142 Dei
1637 1105 1748 1141 non
1781 1095 1865 1141 est
1885 1088 2063 1157 illiga-

460 1185 584 1235 tum
609 1199 622 1248 ;
653 1180 788 1250 quia
815 1195 1039 1250 semper
1062 1180 1301 1249 praedico
1332 1179 1546 1247 positus
1576 1177 1633 1230 in
1657 1177 1916 1229 vinculis.

463 1265 466 1270 ’
533 1268 962 1336 Ideo,subaudis
985 1267 1112 1336 quia
1138 1266 1364 1318 verbum
1389 1266 1483 1318 Dei
1501 1281 1610 1318 non
1633 1269 1718 1317 est
1747 1266 2060 1334 alligatum,

462 1359 653 1412 omnia
696 1356 1053 1410 incommoda
1099 1359 1338 1407 sustineo
1374 1360 1597 1422 propter
1633 1356 1838 1421 electus,
1883 1353 1939 1406 id
1979 1360 2065 1406 est

463 1450 696 1516 prOpter
712 1444 837 1497 illos
853 1445 946 1513 qui
961 1443 1120 1497 electi
1133 1450 1188 1497 et
1204 1443 1584 1514 pi'aedestinati
1599 1448 1734 1496 sunt
1746 1449 1807 1495 ut
1824 1443 2062 1496 salutem

464 1539 899 1602 consequantur.

536 1622 680 1675 Nam
708 1624 758 1673 si
777 1624 1107 1673 commortui
1133 1636 1345 1678 sumus,
1369 1625 1420 1672 et
1441 1623 1804 1682 convivemus,
1832 1619 1886 1672 id
1909 1626 1995 1672 est
2016 1621 2062 1672 si

464 1708 742 1762 morimur
756 1709 998 1778 peccatis
1020 1709 1077 1761 in
1101 1707 1453 1777 baptismate.
1471 1707 1615 1760 sicut
1631 1707 1888 1760 Christus
1904 1725 2058 1762 mor-
2077 1695 2124 1755 Β

462 1801 596 1850 tuus
626 1801 713 1849 est
737 1811 904 1849 carne
933 1795 1054 1849 sine
1102 1800 1348 1864 peccato,
1404 1795 1650 1848 vivemus
1694 1795 1889 1865 utique
1935 1813 2064 1850 cum

461 1883 560 1938 illo
587 1883 698 1937 vita
725 1891 954 1944 mterna,
1011 1883 1058 1936 si
1089 1883 1146 1936 in
1176 1883 1336 1936 bonis
1374 1883 1637 1952 operibus
1687 1885 2064 1953 permanseri—

465 1989 612 2037 mus,
644 1977 704 2026 et
730 1973 1148 2043 supervivemus
1179 1971 1236 2024 in
1266 1988 1385 2040 spe.

532 2059 598 2114 Si
609 2060 1296 2124 sustinebimus,subaudis
1309 2059 1699 2112 tribulationes
1711 2066 1764 2113 et
1782 2060 2066 2129 passiones

463 2163 565 2218 pro
597 2147 820 2203 Christo
847 2148 908 2201 in
937 2149 1041 2201 hoc
1084 2149 1305 2209 smeulo,
1349 2148 1493 2201 sicut
1520 2149 1638 2216 ipse
1669 2149 1939 2202 sustinuit
1967 2163 2065 2218 pro

464 2235 646 2304 nobis,
666 2242 716 2290 et
743 2238 1202 2303 conregnabimus
1229 2251 1356 2288 cum
1378 2239 1475 2288 illo
1503 2237 1560 2289 in
1591 2243 1801 2289 aeterna
1834 2237 2067 2291 beatitu-

464 2324 634 2390 dine;
667 2327 717 2377 si
742 2326 1142 2391 negaverimus,
1178 2322 1446 2376 subaudis
1477 2323 1634 2376 illum
1659 2340 1846 2376 coram
1881 2325 2065 2376 homi—

465 2412 653 2478 nibus,
682 2418 731 2467 τε
755 2415 849 2466 ille
870 2414 1087 2479 negabit
1119 2427 1236 2475 nos,
1264 2411 1406 2464 sicut
1436 2411 1555 2482 ipse
1578 2411 1748 2464 dixit:
1776 2413 1883 2479 Qui
1910 2429 2070 2478 nega-

464 2504 607 2557 verit
634 2518 718 2554 me
745 2515 936 2554 coram
961 2501 1296 2564 hominibus,
1321 2502 1522 2566 negabo
1553 2517 1679 2553 eum
1699 2516 1884 2553 coram
1906 2503 2066 2555 Patre

466 2603 584 2644 meo
601 2591 821 2658 (Matth.
852 2589 927 2656 χ).

537 2677 602 2731 Si
622 2693 733 2730 non
763 2663 1040 2730 credimus
1067 2675 1247 2741 illum,
1280 2675 1546 2730 subaudis
1577 2676 1780 2730 Filium
1824 2679 1915 2732 Dei
1945 2695 2067 2734 esse

468 2770 528 2821 et
547 2781 738 2820 verum
768 2765 969 2829 Deum,
1005 2768 1098 2818 ille
1119 2768 1296 2832 fil/clis
1325 2771 1532 2822 manet.
1550 2765 1606 2818 id
1635 2772 1720 2819 est
1739 2769 2066 2822 verusDeus

464 2855 844 2910 manet.Sicut
856 2855 1006 2907 Deus
1025 2853 1380 2924 omnipotens
1402 2869 1514 2906 non
1532 2861 1658 2923 eget
1674 2861 1864 2908 nostra
1879 2857 2060 2918 laude.

464 2943 546 2999 sic
566 2943 739 2997 etiam
769 2943 816 2996 si
853 2943 1205 2996 adhaeremus
1247 2943 1326 2996 illi
1358 2959 1467 2996 non
1511 2945 1728 3000 crescit.
1761 2961 1942 3014 neque
1973 2961 2065 2998 re-

465 3031 798 3088 cesserimus
827 3031 1117 3092 decrescit,
1138 3031 1270 3101 quia
1299 3047 1524 3101 semper
1551 3039 1741 3085 manet
1763 3033 1931 3086 idem.
1964 3036 2064 3088 Ne-
2084 3005 2126 3064 δ

465 3136 598 3189 σανα
628 3123 866 3188 seipsum
893 3137 1003 3173 non
1031 3125 1218 3188 potest,
1245 3120 1299 3172 id
1330 3126 1417 3173 est
1439 3135 1646 3189 negare
1677 3121 1920 3190 seipsum
1952 3139 2064 3176 non

463 3210 586 3265 vult
616 3209 765 3279 quod
795 3225 909 3263 non
937 3208 1011 3262 sit
1049 3209 1218 3270 Deus,
1251 3214 1312 3261 ut
1363 3209 1558 3262 beatus
1587 3211 1936 3278 Augustinus
1975 3211 2061 3264 di-

465 3298 544 3354 cit
570 3316 581 3352 :
609 3314 710 3352 nec
739 3299 888 3352 enim
917 3297 1074 3349 decet
1106 3297 1283 3349 Deum
1314 3302 1379 3348 ut
1402 3297 1766 3367 semetipsum
1789 3305 1974 3366 neget.

537 3388 658 3443 Herc
673 3402 970 3444 commune,
997 3387 1292 3450 testi/icans
1313 3400 1499 3436 coram
1525 3386 1650 3451 Deo,
1676 3386 1730 3437 id
1753 3397 1838 3438 est
1859 3393 2062 3440 testem

465 3476 644 3530 Deum
666 3475 947 3529 invocans.
969 3475 1099 3526 Noti
1114 3474 1289 3524 verbis
1310 3473 1649 3537 contendere,
1675 3473 1941 3527 subaudis
1962 3491 2063 3527 ne~

466 3580 576 3635 que
606 3581 734 3618 cum
763 3561 1026 3633 gentibus
1052 3576 1232 3629 neque
1254 3575 1381 3612 cum
1399 3559 1603 3612 Judaeis
1627 3579 1638 3624 ;
1662 3563 1734 3613 ad
1758 3564 1902 3615 nihil
1913 3567 2063 3616 enim

465 3655 692 3707 utileest
712 3651 1069 3712 contendere,
1098 3651 1212 3701 nisi
1229 3650 1302 3702 ad
1322 3649 1724 3702 subvers-ionem
1751 3651 1866 3703 sive
1882 3650 1952 3704 ad
1975 3652 2068 3704 de-

466 3741 783 3811 ceptionem
814 3741 1191 3791 audientium.
1226 3737 1384 3806 Sapo
1421 3737 1555 3789 dum
1585 3740 1937 3793 contendunt
1965 3740 2066 3793 ho-

464 3829 648 3884 mines
661 3827 730 3880 de
745 3824 1145 3896 questionibus
1162 3824 1846 3894 Scripturarum,maxime
1868 3829 1946 3880 illi
1971 3829 2066 3898 qui

463 3914 748 3984 sapientes
777 3913 1036 3967 videntur
1064 3929 1184 3967 esse
1214 3912 1502 3983 decipiunt
1539 3915 1708 3968 corda
1738 3915 2062 3970 auditorum

462 4003 824 4074 simplicium,
887 4002 1020 4074 quia
1057 4003 1390 4073 plerumque
1436 4002 1571 4055 talia
1627 4003 1917 4072 proferunt
1942 4021 2064 4074 quae

461 4098 662 4147 contra
706 4093 948 4146 salutem
999 4096 1133 4145 sunt
1159 4096 1217 4144 et
1245 4095 1441 4144 contra
1469 4091 1780 4152 veritatem,
1816 4108 1928 4145 non
1973 4109 2066 4146 cu.

462 4185 657 4234 rantes
686 4179 792 4234 nisi
824 4179 1214 4234 tantummodo
1243 4184 1308 4232 ut
1347 4179 1652 4232 vindicant.
1714 4181 1977 4234 Attamen
2016 4182 2063 4236 si

463 4268 678 4338 aliquid
707 4268 1109 4338 disputandum
1137 4273 1222 4320 est
1249 4266 1320 4320 de
1342 4267 1648 4337 Scripturis
1669 4268 1891 4329 divinis,
1916 4269 2064 4324 inter

2147 477 2255 536 cat,
2296 471 2428 542 quia
2460 470 2638 540 magis
2659 487 2724 523 ac
2752 469 2933 538 magis
2964 469 3154 524 servit.
3177 467 3234 521 id
3272 472 3357 522 est
3383 468 3585 534 crescit,
3605 485 3708 524 car—

2145 575 2388 628 nemque
2435 557 2698 623 comedit,
2744 557 2824 611 ita
2879 572 3064 610 sermo
3130 555 3511 610 haereticorum
3557 556 3706 612 vitam

2145 646 2347 700 anima:
2372 646 2634 710 comedit,
2665 646 2722 700 id
2765 651 2851 698 est
2897 644 3064 698 ﬁdem
3091 643 3335 696 comedit
3359 648 3416 696 et
3443 643 3708 698 mortiﬁcat

2144 734 2324 804 ipsam
2355 734 2600 788 animam
2631 749 2733 788 suo
2762 748 2951 786 errore
2987 747 3000 783 :
3032 737 3090 784 et
3133 731 3278 784 sicut
3315 747 3510 786 cancer
3536 732 3703 801 serpit,

2146 821 2201 876 id
2248 829 2335 876 est
2362 823 2562 876 crescit
2589 823 2658 875 de
2709 821 2959 876 membro
2988 820 3047 875 in
3094 819 3430 881 membrum,
3461 819 3538 872 ita
3575 836 3710 874 error

2145 912 2346 966 crescit
2374 913 2444 966 de
2475 928 2586 966 uno
2619 909 2964 965 transeundo
2997 909 3055 962 in
3099 909 3392 978 plurimos.
3426 909 3502 962 E2
3539 910 3708 980 quibus

2147 999 2427 1054 haereticis
2455 1000 2775 1069 vaniloquia
2801 999 2915 1052 sive
2940 997 3289 1066 inaniloquia
3315 995 3634 1050 habentibus
3649 1003 3708 1051 at

2146 1091 2473 1156 llymenrus
2511 1095 2558 1142 ct
2612 1090 2874 1149 Philetas.
2912 1087 3007 1157 qui
3042 1103 3075 1139 a
3117 1085 3355 1140 veritate
3385 1084 3511 1138 ﬁdei
3538 1086 3710 1138 arride-

2147 1185 2304 1238 runt,
2339 1178 2454 1230 sive
2495 1177 2834 1232 ceciderunt.
2867 1177 3100 1228 dicentes
3132 1176 3584 1228 resurrectionem
3605 1177 3709 1238 jam

2145 1269 2372 1333 far/am.
2399 1266 2534 1320 Diue
2559 1264 2997 1319 resurrectiones
3026 1279 3060 1316 a
3085 1263 3328 1316 Domino
3350 1269 3484 1315 sunt
3512 1262 3709 1330 prolatis

2146 1360 2203 1406 et
2228 1371 2261 1406 a
2287 1353 2447 1408 nobis
2475 1355 2697 1406 creditze
2721 1371 2729 1406 :
2765 1351 2944 1422 prima
2978 1358 3064 1404 est
3083 1367 3206 1420 qua:
3227 1352 3287 1404 ﬁt
3310 1351 3366 1403 in
3393 1349 3575 1404 anima
3589 1356 3641 1402 et
3664 1349 3711 1403 in

2145 1443 2272 1507 ﬁde,
2306 1442 2530 1512 quando
2565 1443 2728 1496 homo
2759 1441 2853 1509 qui
2885 1449 3138 1493 mortuus
3184 1446 3269 1492 est
3299 1440 3358 1492 in
3396 1437 3710 1502 inﬁdelitate,

2145 1531 2203 1584 in
2237 1529 2633 1594 inobcdientia,
2666 1530 2724 1582 in
2754 1529 3047 1597 injustitia,
3070 1527 3446 1596 omnibusque
3474 1516 3703 1596 peccatis,

2145 1618 2296 1670 venit
2315 1619 2382 1670 ad
2406 1619 2765 1687 baptismum,
2783 1623 2840 1669 et
2861 1632 2958 1684 per
2977 1617 3142 1668 ﬁdem
3166 1632 3279 1684 qua
3299 1614 3547 1668 creditin
3564 1614 3712 1668 Deum

2147 1707 2614 1775 omnipotentem.
2650 1713 2705 1758 et
2735 1721 2832 1774 per
2849 1705 3091 1774 gratiam
3121 1704 3480 1774 baptismatis
3507 1703 3712 1772 resurgit

2145 1796 2218 1848 ad
2249 1795 2413 1848 ﬁdem
2436 1801 2493 1847 et
2521 1794 2915 1848 obedientiam.
2947 1796 3018 1846 Ue
3043 1809 3153 1862 qua
3176 1793 3582 1846 resurrectione
3604 1791 3713 1844 dicit

2148 1883 2450 1936 Dominus:
2483 1883 2795 1941 Venithora,
2824 1888 2870 1934 et
2896 1899 3048 1935 nunc
3066 1887 3139 1934 est
3170 1883 3394 1949 quando
3413 1883 3614 1935 mortui
3625 1895 3710 1933 auo

2149 1973 2300 2025 die/it
2329 1988 2506 2026 vocem
2548 1972 2680 2023 Fitii
2725 1972 2858 2030 Dei;
2901 1976 2948 2022 et
2974 1973 3072 2037 qui
3099 1971 3412 2033 audierint,
3445 1969 3506 2023 id
3539 1975 3612 2023 est
3636 1967 3712 2038 qui

2149 2060 2483 2124 obcdierint,
2512 2063 2693 2112 rirent
2740 2060 2924 2126 (Joan.
2981 2061 3056 2120 ν).
3095 2059 3287 2111 Altera
3337 2062 3423 2112 est
3461 2057 3713 2128 generalis

2148 2165 2443 2218 corporum
2466 2147 2600 2216 quid
2621 2147 2730 2200 erit
2758 2148 2816 2200 in
2838 2147 2927 2202 die
2951 2147 3172 2216 judicii,
3206 2147 3276 2200 de
3309 2163 3421 2216 qua
3459 2148 3620 2202 etiam
3651 2145 3715 2198 ait

2147 2235 2435 2288 Dominus:
2456 2237 2598 2288 Venit
2618 2236 2752 2287 liora
2773 2238 2830 2286 in
2849 2251 2959 2301 qua
2979 2251 3162 2287 omnes
3179 2237 3279 2301 qui
3295 2237 3356 2286 in
3379 2236 3714 2288 monumentis

2149 2329 2280 2377 sunt
2306 2327 2532 2376 audient
2563 2339 2738 2376 vocem
2773 2324 2904 2376 Filii
2945 2325 3061 2388 Dei,
3109 2329 3166 2376 et
3191 2323 3497 2392 precedent
3531 2321 3713 2388 (Ibid).

2151 2412 2341 2466 Deilla
2363 2413 2773 2466 resurrectione
2804 2429 2926 2482 qua:
2953 2415 3016 2466 lit
3042 2413 3100 2466 in
3139 2413 3330 2467 anima
3360 2413 3494 2467 etin
3525 2412 3625 2466 ﬁde
3643 2412 3714 2465 lo-

2151 2500 2345 2569 quitur
2374 2501 2463 2555 hic
2497 2503 2798 2571 Apostolus
2829 2517 2997 2570 quam
3035 2502 3372 2572 Hymenaeus
3411 2507 3469 2556 et
3499 2501 3718 2554 Philetas

2149 2589 2410 2642 dicebant
2432 2591 2550 2658 jam
2571 2606 2712 2643 esse.
2735 2591 2801 2644 Et
2821 2589 3073 2658 nunquid
3105 2605 3298 2642 verum
3330 2605 3444 2642 non
3463 2587 3716 2642 dicebant?

2152 2677 2354 2730 Verum
2373 2677 2587 2746 utique,
2609 2694 2790 2746 neque
2809 2685 3036 2747 propter
3061 2679 3162 2730 hoc
3173 2677 3652 2746 reprehenduntur
3663 2673 3718 2727 ab

2147 2766 2434 2835 Apostolo;
2459 2767 2555 2820 sed
2586 2773 2884 2836 propterea
2905 2765 3038 2834 quia
3062 2766 3230 2818 istam
3249 2765 3598 2819 solummodo
3613 2779 3719 2817 con»

2149 2854 2472 2912 ﬁtcbantur.
2493 2856 2730 2908 alteram
2754 2871 2876 2924 quae
2907 2855 3016 2908 erit
3039 2854 3096 2908 in
3119 2869 3352 2924 corpore
3382 2855 3714 2923 denegantem

2149 2943 2356 2996 Omnes
2371 2943 2518 2996 enim
2545 2949 2708 2996 εοεαε
2721 2959 2842 3012 quae
2861 2959 3025 2998 suum
3053 2959 3298 2997 errorem
3330 2941 3638 2996 hominibus
3653 2942 3720 2994 in-

2147 3047 2334 3086 serere
2364 3039 2859 3102 praesumpserunt,
2891 3048 3002 3086 non
3027 3037 3375 3101 negaverunt
3398 3031 3563 3086 istam
3583 3047 3719 3086 men-

2145 3120 2287 3174 tium
2317 3121 2806 3192 resurrectionem,
2859 3127 2922 3174 ut
2969 3121 3164 3174 beatus
3195 3121 3545 3190 Augustinus
3584 3120 3716 3180 dicit.

2145 3211 2242 3262 sed
2273 3226 2596 3280 corporum.
2627 3227 2697 3263 ne
2735 3209 2984 3263 dicerent
3025 3210 3107 3262 eis
3154 3229 3164 3262 :
3228 3209 3286 3262 Si
3341 3225 3452 3263 non
3493 3213 3720 3278 resurget

2145 3299 2536 3368 anima,quare
2557 3298 2694 3351 mihi
2719 3299 2852 3352 talia
2875 3297 3159 3366 loqueris?
3191 3297 3337 3361 Quid
3353 3298 3412 3351 in
3439 3313 3528 3351 me
3556 3298 3717 3350 facere

2145 3385 2266 3438 vis?
2299 3386 2353 3438 Si
2385 3402 2496 3439 non
2527 3385 2659 3439 facis
2689 3402 2754 3438 ex
2785 3385 3061 3438 deteriore
3085 3385 3581 3456 meliorum,quare
3599 3383 3718 3438 mihi

2145 3473 2435 3542 loqueris?
2466 3474 2630 3527 Multi
2659 3480 2848 3528 tamen
2871 3474 3056 3528 carnis
3083 3473 3553 3528 resurrectionem
3581 3486 3721 3540 negl-

2146 3568 2369 3627 verunt,
2413 3563 2559 3616 sicut
2604 3563 2940 3632 Hymenaeus
2971 3568 3029 3616 et
3057 3562 3334 3629 Philetus,
3358 3561 3453 3632 qui
3481 3579 3513 3615 a
3543 3561 3642 3614 ﬁde
3673 3563 3721 3612 et

2124 3651 2418 3708 societate
2469 3651 2618 3705 beati
2654 3651 2811 3704 Pauli
2860 3651 3184 3704 recedentes
3215 3650 3567 3704 seminabant
3594 3663 3720 3702 erro-

2149 3756 2268 3792 rem
2301 3739 2621 3806 hujusmodi
2654 3760 2664 3792 :
2691 3739 3021 3808 Quicunque
3040 3735 3355 3809 baptizatus
3380 3745 3465 3792 est
3504 3739 3616 3808 jam
3641 3752 3719 3788 re-

2148 3828 2392 3881 surrexit
2425 3828 2483 3881 in
2519 3828 2729 3880 anima.
2779 3829 2906 3880 Non
2938 3834 3022 3880 est
3049 3844 3276 3881 necesse
3325 3833 3390 3881 ut
3416 3827 3605 3881 timeat
3629 3823 3716 3877 ali-

2147 3916 2290 3986 quis.
2319 3916 2450 3984 quia
2480 3931 2590 3970 non
2620 3915 2729 3969 erit
2756 3916 3092 3969 resurrectio
3119 3931 3440 3985 corporum.

2215 4005 2318 4058 Sed
2347 4007 2577 4071 ﬁrmum
2603 4007 3037 4070 fundamentum
3065 4005 3162 4058 Dei
3179 4009 3306 4068 stat,
3325 4005 3525 4058 habens
3551 4005 3711 4069 signa-

2147 4095 2338 4146 culum
2370 4094 2483 4145 hoc.
2519 4093 2691 4156 Quasi
2722 4093 2934 4146 diceret
2971 4091 3175 4162 aliquis
3207 4133 3219 4145 .
3269 4093 3339 4146 Et
3381 4093 3506 4162 quis
3529 4088 3710 4162 poterit

2145 4182 2405 4234 resistere
2434 4181 2534 4246 eis,
2594 4181 2811 4234 Phileto
2841 4181 3053 4234 scilicet
3107 4187 3164 4234 et
3211 4179 3558 4250 Hymenao?
3601 4177 3712 4233 Ideo

2145 4269 2382 4338 subjecit
2403 4269 2595 4322 statim
2630 4291 2640 4322 :
2676 4270 2924 4323 Firmum
2957 4274 3147 4323 autem
3177 4269 3602 4324 fundamentum
3627 4264 3711 4319 Dei

462 4355 743 4426 sapientes
773 4355 961 4424 potius
985 4355 1211 4408 collatio
1255 4359 1340 4408 est
1371 4355 1628 4409 habenda
1657 4371 1785 4410 cum
1819 4358 2054 4424 ratione,
2079 4351 3710 4428 DstatFirmumtundamentumDeiappellatﬁdemﬁrmsm

461 4459 634 4514 quam
666 4443 949 4497 contentio
975 4459 1105 4497 cum
1134 4443 1340 4496 furore.

531 4533 796 4594 Sottz'cite,
812 4531 868 4586 id
886 4537 972 4585 est
991 4532 1260 4594 studiose,
1284 4547 1422 4586 cura
1445 4536 1676 4600 tcipsum
1702 4537 2056 4603 probabilem,

463 4623 520 4677 id
543 4627 630 4676 est
650 4621 950 4692 probatum
981 4627 1039 4676 et
1060 4620 1422 4684 laudabilem,
1451 4623 1698 4675 exhibere
1735 4624 1838 4676 Deo
1875 4640 2062 4691 opera-

460 4715 617 4766 rium
649 4712 1117 4778 ineonfusibitem,
1165 4709 1280 4763 sive
1313 4709 1884 4779 irreprehensibilem,
1923 4718 2060 4767 recte

463 4805 795 4854 tractantem
824 4803 882 4852 et
909 4813 1038 4852 cum
1064 4798 1301 4852 veritate
1324 4804 1693 4867 exponentem
1724 4801 1948 4854 verbum
1977 4803 2063 4857 w-

460 4890 666 4941 ritatis.

533 4977 780 5041 Prafana
800 4980 1004 5040 autem,
1036 4974 1092 5027 id
1125 4980 1212 5028 est
1241 4974 1552 5043 irreligiosa
1590 4980 1646 5028 et
1674 4976 1892 5029 veritati
1921 4993 2058 5030 con-

460 5062 655 5124 traria,
682 5067 731 5114 et
757 5065 1080 5128 vaniloquia
1103 5079 1226 5132 qua
1246 5063 1460 5116 nullam
1493 5063 1798 5116 utilitatem
1829 5064 2056 5132 habent,

459 5151 640 5204 devita
655 5155 712 5202 et
727 5149 878 5218 fuge.
901 5151 1141 5214 Multum
1161 5154 1308 5203 enim
1325 5154 1616 5217 pre/ieiuni
1633 5154 1707 5205 ad
1723 5156 2061 5221 impietatem

457 5236 518 5291 id
549 5241 636 5290 est
665 5236 904 5290 multum
936 5237 1240 5306 praevalent
1259 5239 1329 5291 ad
1352 5239 1829 5310 irreligiositatem
1853 5245 2062 5298 vanilo-

458 5325 610 5396 quia,
642 5329 696 5379 et
723 5341 898 5380 sermo
925 5341 1137 5386 eorum,
1173 5325 1226 5379 id
1255 5332 1343 5380 est
1369 5345 1554 5382 sermo
1576 5330 1964 5386 haereticorum
1997 5339 2059 5386 ut

455 5429 654 5469 cancer
679 5416 868 5482 serpit.
904 5412 1061 5467 Sicut
1089 5413 1318 5468 morbus
1355 5416 1450 5486 qui
1494 5419 1810 5490 appellatur
1831 5437 2052 5487 cancer,

2145 4463 2256 4516 qua
2271 4447 2549 4500 credimus
2571 4447 2748 4500 Deum
2771 4446 2920 4500 omni
2927 4446 3388 4516 potentem,sicut
3400 4443 3710 4499 credendum

2142 4542 2246 4596 est,
2273 4541 2329 4589 et
2359 4552 2469 4605 qua
2498 4535 2777 4588 credimu
2815 4535 3282 4589 resurrectionem
3331 4534 3637 4588 animarum
3659 4529 3710 4582 in

2142 4623 2404 4695 praesenti
2445 4629 2504 4677 et
2539 4639 2836 4693 corporum
2887 4623 2941 4677 in
2972 4623 3178 4677 futuro.
3211 4623 3370 4677 Istud
3403 4621 3709 4676 fundamen-

2142 4718 2265 4768 tum
2306 4719 2419 4766 stat
2446 4713 2504 4766 in
2529 4711 2792 4766 cordibus
2822 4711 3070 4766 ﬁdelium
3103 4710 3316 4766 habens
3345 4711 3450 4765 hoc
3476 4710 3708 4780 signacu-

2143 4801 2282 4866 lum,
2317 4801 2583 4856 subaudis
2613 4801 2761 4869 quod
2793 4801 3082 4870 sequitur:
3135 4801 3294 4854 Novit
3339 4801 3602 4854 Dominus
3627 4796 3709 4864 qui

2143 4895 2274 4942 sunt
2291 4893 2428 4956 ejus.
2449 4887 2568 4942 Ista
2597 4894 2681 4941 est
2707 4887 3000 4957 impressio
3025 4887 3221 4956 sigilli,
3245 4887 3380 4957 quia
3399 4885 3622 4948 novit,id
3637 4886 3712 4937 est

2143 4977 2314 5048 elegit
2337 4977 2603 5030 Dominus
2625 4976 2752 5030 illos
2777 4976 2872 5046 qui
2897 4977 2968 5029 ad
2999 4977 3122 5044 ejus
3151 4975 3536 5030 hmreditatem

2142 5073 2297 5120 nent.
2345 5065 2420 5120 Et
2460 5067 2564 5120 hoc
2592 5073 2678 5120 est
2704 5065 3052 5135 signaculum
3084 5064 3234 5130 ﬁdei,
3265 5065 3403 5134 quia
3427 5065 3552 5118 aliis
3578 5075 3710 5117 roce-

2143 5154 2402 5208 dentibus
2432 5172 2464 5208 a
2493 5156 2622 5218 ﬁde,
2657 5155 2735 5208 illi
2763 5154 2858 5224 qui
2895 5153 3054 5207 electi
3079 5160 3232 5216 sunt,
3257 5154 3412 5208 nullo
3431 5153 3590 5207 modo
3608 5165 3713 5221 pos-

2141 5249 2276 5298 sunt
2298 5244 2508 5298 seduci.
2543 5245 2686 5298 Nam
2718 5244 2818 5297 Dei
2839 5259 3196 5311 cognoscere,
3229 5242 3437 5312 eligere
3465 5248 3566 5296 est.
3591 5240 3650 5294 Et
3671 5235 3710 5290 si

2140 5332 2221 5388 ita
2245 5339 2347 5396 est,
2379 5333 2434 5386 id
2465 5339 2551 5386 est
2577 5332 2624 5385 si
2652 5333 2923 5386 Dominus
2953 5331 3111 5400 eligit
3139 5332 3266 5384 illos
3300 5332 3397 5401 qui
3427 5337 3558 5385 sunt
3584 5329 3710 5397 ejus.

2137 5423 2376 5476 discedat
2403 5423 2473 5475 ab
2497 5424 2807 5488 iniquitate,
2839 5420 2896 5472 id
2923 5425 3010 5474 est
3047 5419 3120 5474 ab
3150 5419 3474 5477 hominibus
3501 5415 3710 5487 iniquis.

455 5503 682 5576 quando
715 5501 971 5559 nascatur
995 5501 1056 5557 in
1082 5501 1336 5560 membro
1363 5503 1632 5576 hominis,
1661 5514 1845 5565 totum
1871 5526 2054 5566 mem-
2136 5521 2194 5566 et
2217 5510 2269 5566 si
2437 5511 2586 5566 valet
2607 5523 2866 5580 corpore,
2882 5507 3088 5566 saltem
3117 5508 3438 5564 mentc.Vel
3457 5507 3623 5564 etiam
3647 5501 3710 5558 ab
