  <div class='ocr_page' id='page_1' title='image "/cluster/home/n/w/nwhite01/storage/ocr_20150623/117/hvd.32044054759816/408.png"; bbox 0 0 3966 6156; ppageno 0'>
   <div class='ocr_carea' id='block_1_1' title="bbox 229 279 332 345">
    <p class='ocr_par' dir='ltr' id='par_1_1' title="bbox 229 279 332 345">
     <span class='ocr_line' id='line_1_1' title="bbox 229 279 332 345; baseline 0 0"><span class='ocrx_word' id='word_1_1' title='bbox 229 279 332 345; x_wconf 72' lang='lat'><strong>805</strong></span> 
     </span>
    </p>
   </div>
   <div class='ocr_carea' id='block_1_2' title="bbox 905 276 2796 352">
    <p class='ocr_par' dir='ltr' id='par_1_2' title="bbox 905 276 2796 352">
     <span class='ocr_line' id='line_1_2' title="bbox 905 276 2796 352; baseline 0.004 -10"><span class='ocrx_word' id='word_1_2' title='bbox 905 281 1283 346; x_wconf 68' lang='lat' dir='ltr'><strong>exposmo</strong></span> <span class='ocrx_word' id='word_1_3' title='bbox 1313 289 1392 346; x_wconf 90' lang='lat' dir='ltr'><strong>IN</strong></span> <span class='ocrx_word' id='word_1_4' title='bbox 1422 285 1586 348; x_wconf 53' lang='grc' dir='ltr'><strong>ΕΜ·</strong></span> <span class='ocrx_word' id='word_1_5' title='bbox 1611 293 1667 350; x_wconf 83' lang='lat' dir='ltr'><strong>s.</strong></span> <span class='ocrx_word' id='word_1_6' title='bbox 1702 279 1938 348; x_wconf 80' lang='lat' dir='ltr'><strong>PAULI.</strong></span> <span class='ocrx_word' id='word_1_7' title='bbox 1974 327 2032 336; x_wconf 87' lang='grc'><strong><em>-</em></strong></span> <span class='ocrx_word' id='word_1_8' title='bbox 2065 279 2143 348; x_wconf 74' lang='lat' dir='ltr'>1N</span> <span class='ocrx_word' id='word_1_9' title='bbox 2173 277 2394 349; x_wconf 75' lang='lat' dir='ltr'><strong>EPisT.</strong></span> <span class='ocrx_word' id='word_1_10' title='bbox 2430 287 2484 349; x_wconf 88' lang='lat' dir='ltr'>II</span> <span class='ocrx_word' id='word_1_11' title='bbox 2522 291 2618 349; x_wconf 85' lang='lat' dir='ltr'><strong>AD</strong></span> <span class='ocrx_word' id='word_1_12' title='bbox 2649 276 2796 352; x_wconf 73' lang='lat' dir='ltr'><strong>ml.</strong></span> 
     </span>
    </p>
   </div>
   <div class='ocr_carea' id='block_1_3' title="bbox 3389 289 3495 356">
    <p class='ocr_par' dir='ltr' id='par_1_3' title="bbox 3389 289 3495 356">
     <span class='ocr_line' id='line_1_3' title="bbox 3389 289 3495 356; baseline 0.019 -2"><span class='ocrx_word' id='word_1_13' title='bbox 3389 289 3495 356; x_wconf 75' lang='lat'><strong>806</strong></span> 
     </span>
    </p>
   </div>
   <div class='ocr_carea' id='block_1_4' title="bbox 229 416 3499 493">
    <p class='ocr_par' dir='ltr' id='par_1_4' title="bbox 229 416 3499 493">
     <span class='ocr_line' id='line_1_4' title="bbox 229 416 3499 493; baseline 0.003 -25"><span class='ocrx_word' id='word_1_14' title='bbox 229 416 382 468; x_wconf 85' lang='lat' dir='ltr'><strong>omni</strong></span> <span class='ocrx_word' id='word_1_15' title='bbox 405 416 703 485; x_wconf 72' lang='lat' dir='ltr'><strong>iniquitate</strong></span> <span class='ocrx_word' id='word_1_16' title='bbox 732 421 789 469; x_wconf 84' lang='lat' dir='ltr'><strong>et</strong></span> <span class='ocrx_word' id='word_1_17' title='bbox 815 433 1004 470; x_wconf 86' lang='lat' dir='ltr'><strong>errore</strong></span> <span class='ocrx_word' id='word_1_18' title='bbox 1035 419 1260 472; x_wconf 80' lang='lat' dir='ltr'><strong>recedat</strong></span> <span class='ocrx_word' id='word_1_19' title='bbox 1289 423 1468 472; x_wconf 84' lang='lat' dir='ltr'><strong>omnis</strong></span> <span class='ocrx_word' id='word_1_20' title='bbox 1490 421 1696 473; x_wconf 87' lang='lat' dir='ltr'><strong>electus</strong></span> <span class='ocrx_word' id='word_1_21' title='bbox 1726 417 1888 486; x_wconf 77' lang='lat' dir='ltr'><strong>quiA</strong></span> <span class='ocrx_word' id='word_1_22' title='bbox 1907 435 2028 472; x_wconf 91' lang='lat' dir='ltr'><strong>sum</strong></span> <span class='ocrx_word' id='word_1_23' title='bbox 2062 426 2216 474; x_wconf 86' lang='lat' dir='ltr'><strong>amat</strong></span> <span class='ocrx_word' id='word_1_24' title='bbox 2246 420 2340 490; x_wconf 90' lang='lat' dir='ltr'><strong>qui</strong></span> <span class='ocrx_word' id='word_1_25' title='bbox 2384 419 2713 492; x_wconf 79' lang='lat' dir='ltr'><strong>sibimetipsi</strong></span> <span class='ocrx_word' id='word_1_26' title='bbox 2760 423 2959 492; x_wconf 84' lang='lat' dir='ltr'><strong>placet,</strong></span> <span class='ocrx_word' id='word_1_27' title='bbox 2996 422 3090 493; x_wconf 88' lang='lat' dir='ltr'><strong>qui</strong></span> <span class='ocrx_word' id='word_1_28' title='bbox 3137 417 3415 478; x_wconf 85' lang='lat' dir='ltr'><strong>desideria</strong></span> <span class='ocrx_word' id='word_1_29' title='bbox 3444 430 3499 482; x_wconf 86' lang='lat' dir='ltr'><strong>et</strong></span> 
     </span>
    </p>
   </div>
   <div class='ocr_carea' id='block_1_5' title="bbox 228 507 1819 566">
    <p class='ocr_par' dir='ltr' id='par_1_5' title="bbox 228 507 1819 566">
     <span class='ocr_line' id='line_1_5' title="bbox 228 507 1819 566; baseline 0.003 -9"><span class='ocrx_word' id='word_1_30' title='bbox 228 508 484 557; x_wconf 78' lang='lat' dir='ltr'><strong>nominat</strong></span> <span class='ocrx_word' id='word_1_31' title='bbox 528 521 723 556; x_wconf 68' lang='lat' dir='ltr'><strong>nomen</strong></span> <span class='ocrx_word' id='word_1_32' title='bbox 778 507 1019 566; x_wconf 84' lang='lat' dir='ltr'><strong>Domini,</strong></span> <span class='ocrx_word' id='word_1_33' title='bbox 1073 509 1218 559; x_wconf 89' lang='lat' dir='ltr'><strong>sicut</strong></span> <span class='ocrx_word' id='word_1_34' title='bbox 1259 509 1662 561; x_wconf 74' lang='lat' dir='ltr'><strong>nominandum</strong></span> <span class='ocrx_word' id='word_1_35' title='bbox 1716 516 1819 561; x_wconf 90' lang='lat' dir='ltr'><strong>est.</strong></span> 
     </span>
    </p>
   </div>
   <div class='ocr_carea' id='block_1_6' title="bbox 228 593 1112 663">
    <p class='ocr_par' dir='ltr' id='par_1_6' title="bbox 228 593 1112 663">
     <span class='ocr_line' id='line_1_6' title="bbox 228 593 1112 663; baseline 0.001 -18"><span class='ocrx_word' id='word_1_36' title='bbox 228 594 394 647; x_wconf 82' lang='lat' dir='ltr'><strong>corde</strong></span> <span class='ocrx_word' id='word_1_37' title='bbox 425 593 698 655; x_wconf 86' lang='lat' dir='ltr'><strong>videlicet,</strong></span> <span class='ocrx_word' id='word_1_38' title='bbox 733 610 827 645; x_wconf 90' lang='lat' dir='ltr'><strong>ore</strong></span> <span class='ocrx_word' id='word_1_39' title='bbox 850 603 905 646; x_wconf 90' lang='lat' dir='ltr'><strong>et</strong></span> <span class='ocrx_word' id='word_1_40' title='bbox 929 612 1112 663; x_wconf 88' lang='lat' dir='ltr'><strong>opere.</strong></span> 
     </span>
    </p>
   </div>
   <div class='ocr_carea' id='block_1_7' title="bbox 1905 510 3500 583">
    <p class='ocr_par' dir='ltr' id='par_1_7' title="bbox 1905 510 3500 583">
     <span class='ocr_line' id='line_1_7' title="bbox 1905 510 3500 583; baseline 0.008 -26"><span class='ocrx_word' id='word_1_41' title='bbox 1905 510 2216 561; x_wconf 82' lang='lat' dir='ltr'><strong>voluntates</strong></span> <span class='ocrx_word' id='word_1_42' title='bbox 2265 511 2517 579; x_wconf 81' lang='lat' dir='ltr'><strong>proprias</strong></span> <span class='ocrx_word' id='word_1_43' title='bbox 2567 511 2781 580; x_wconf 75' lang='lat' dir='ltr'><strong>implet,</strong></span> <span class='ocrx_word' id='word_1_44' title='bbox 2819 529 2929 564; x_wconf 87' lang='lat' dir='ltr'><strong>non</strong></span> <span class='ocrx_word' id='word_1_45' title='bbox 2983 513 3126 565; x_wconf 89' lang='lat' dir='ltr'><strong>Dei:</strong></span> <span class='ocrx_word' id='word_1_46' title='bbox 3169 529 3268 566; x_wconf 89' lang='lat' dir='ltr'><strong>nec</strong></span> <span class='ocrx_word' id='word_1_47' title='bbox 3317 521 3500 583; x_wconf 84' lang='lat' dir='ltr'><strong>potest</strong></span> 
     </span>
    </p>
   </div>
   <div class='ocr_carea' id='block_1_8' title="bbox 1904 597 3499 668">
    <p class='ocr_par' dir='ltr' id='par_1_8' title="bbox 1904 597 3499 668">
     <span class='ocr_line' id='line_1_8' title="bbox 1904 597 3499 668; baseline 0.005 -20"><span class='ocrx_word' id='word_1_48' title='bbox 1904 597 2086 649; x_wconf 82' lang='lat' dir='ltr'><strong>dicere</strong></span> <span class='ocrx_word' id='word_1_49' title='bbox 2116 614 2241 650; x_wconf 86' lang='lat' dir='ltr'><strong>cum</strong></span> <span class='ocrx_word' id='word_1_50' title='bbox 2286 599 2450 651; x_wconf 77' lang='lat' dir='ltr'><strong>Petro</strong></span> <span class='ocrx_word' id='word_1_51' title='bbox 2498 601 2810 657; x_wconf 76' lang='lat' dir='ltr'><strong>veraciter:</strong></span> <span class='ocrx_word' id='word_1_52' title='bbox 2855 603 2927 652; x_wconf 85' lang='lat' dir='ltr'><strong>Tu</strong></span> <span class='ocrx_word' id='word_1_53' title='bbox 2975 605 3076 653; x_wconf 83' lang='lat' dir='ltr'><strong>sris</strong></span> <span class='ocrx_word' id='word_1_54' title='bbox 3119 607 3250 668; x_wconf 73' lang='lat' dir='ltr'><strong>quia</strong></span> <span class='ocrx_word' id='word_1_55' title='bbox 3299 619 3422 654; x_wconf 83' lang='lat' dir='ltr'><strong>amo</strong></span> <span class='ocrx_word' id='word_1_56' title='bbox 3455 608 3499 656; x_wconf 76' lang='lat' dir='ltr'><strong>te</strong></span> 
     </span>
    </p>
   </div>
   <div class='ocr_carea' id='block_1_9' title="bbox 299 684 3501 759">
    <p class='ocr_par' dir='ltr' id='par_1_9' title="bbox 299 684 3501 759">
     <span class='ocr_line' id='line_1_9' title="bbox 299 684 3501 759; baseline 0.003 -25"><span class='ocrx_word' id='word_1_57' title='bbox 299 684 366 734; x_wconf 87' lang='lat' dir='ltr'><strong>In</strong></span> <span class='ocrx_word' id='word_1_58' title='bbox 396 697 600 747; x_wconf 84' lang='lat' dir='ltr'><strong>magna</strong></span> <span class='ocrx_word' id='word_1_59' title='bbox 621 685 982 734; x_wconf 76' lang='lat' dir='ltr'><strong>aulcmdomo</strong></span> <span class='ocrx_word' id='word_1_60' title='bbox 1016 699 1125 735; x_wconf 88' lang='lat' dir='ltr'><strong>non</strong></span> <span class='ocrx_word' id='word_1_61' title='bbox 1145 688 1318 735; x_wconf 80' lang='lat' dir='ltr'><strong>solum</strong></span> <span class='ocrx_word' id='word_1_62' title='bbox 1344 689 1472 736; x_wconf 81' lang='lat' dir='ltr'><strong>sunt</strong></span> <span class='ocrx_word' id='word_1_63' title='bbox 1498 701 1622 736; x_wconf 82' lang='lat' dir='ltr'><strong>rasa</strong></span> <span class='ocrx_word' id='word_1_64' title='bbox 1648 701 1821 737; x_wconf 74' lang='lat' dir='ltr'><strong>a-m&#39;ca</strong></span> <span class='ocrx_word' id='word_1_65' title='bbox 1901 684 2083 750; x_wconf 80' lang='lat' dir='ltr'><strong>(Joan,</strong></span> <span class='ocrx_word' id='word_1_66' title='bbox 2120 695 2253 749; x_wconf 77' lang='lat' dir='ltr'><strong>xxi).</strong></span> <span class='ocrx_word' id='word_1_67' title='bbox 2289 687 2430 739; x_wconf 81' lang='lat' dir='ltr'><strong>Nam</strong></span> <span class='ocrx_word' id='word_1_68' title='bbox 2470 688 2563 739; x_wconf 88' lang='lat' dir='ltr'><strong>ille</strong></span> <span class='ocrx_word' id='word_1_69' title='bbox 2604 689 2779 740; x_wconf 88' lang='lat' dir='ltr'><strong>Deum</strong></span> <span class='ocrx_word' id='word_1_70' title='bbox 2823 695 2978 740; x_wconf 90' lang='lat' dir='ltr'><strong>amat</strong></span> <span class='ocrx_word' id='word_1_71' title='bbox 3018 691 3110 758; x_wconf 90' lang='lat' dir='ltr'><strong>qui</strong></span> <span class='ocrx_word' id='word_1_72' title='bbox 3153 707 3261 742; x_wconf 89' lang='lat' dir='ltr'><strong>non</strong></span> <span class='ocrx_word' id='word_1_73' title='bbox 3303 689 3501 759; x_wconf 76' lang='lat' dir='ltr'><strong>quaerit</strong></span> 
     </span>
    </p>
   </div>
   <div class='ocr_carea' id='block_1_10' title="bbox 225 772 1822 836">
    <p class='ocr_par' dir='ltr' id='par_1_10' title="bbox 225 772 1822 836">
     <span class='ocr_line' id='line_1_10' title="bbox 225 772 1822 836; baseline 0.003 -15"><span class='ocrx_word' id='word_1_74' title='bbox 225 774 275 821; x_wconf 79' lang='lat' dir='ltr'><strong>et</strong></span> <span class='ocrx_word' id='word_1_75' title='bbox 302 774 583 835; x_wconf 75' lang='lat' dir='ltr'><strong>argentea,</strong></span> <span class='ocrx_word' id='word_1_76' title='bbox 610 772 698 821; x_wconf 74' lang='lat' dir='ltr'><strong>sed</strong></span> <span class='ocrx_word' id='word_1_77' title='bbox 727 775 772 822; x_wconf 74' lang='lat' dir='ltr'><strong>et</strong></span> <span class='ocrx_word' id='word_1_78' title='bbox 808 774 986 835; x_wconf 76' lang='lat' dir='ltr'><strong>lignea</strong></span> <span class='ocrx_word' id='word_1_79' title='bbox 1009 777 1056 823; x_wconf 75' lang='lat' dir='ltr'><strong>et</strong></span> <span class='ocrx_word' id='word_1_80' title='bbox 1086 775 1299 836; x_wconf 81' lang='lat' dir='ltr'><strong>ﬁctilia.</strong></span> <span class='ocrx_word' id='word_1_81' title='bbox 1319 773 1599 834; x_wconf 85' lang='lat' dir='ltr'><strong>Quantum</strong></span> <span class='ocrx_word' id='word_1_82' title='bbox 1634 774 1699 825; x_wconf 88' lang='lat' dir='ltr'><strong>ad</strong></span> <span class='ocrx_word' id='word_1_83' title='bbox 1737 774 1822 826; x_wconf 89' lang='lat' dir='ltr'><strong>lit-</strong></span> 
     </span>
    </p>
   </div>
   <div class='ocr_carea' id='block_1_11' title="bbox 227 859 1822 931">
    <p class='ocr_par' dir='ltr' id='par_1_11' title="bbox 227 859 1822 931">
     <span class='ocr_line' id='line_1_11' title="bbox 227 859 1822 931; baseline 0.004 -22"><span class='ocrx_word' id='word_1_84' title='bbox 227 865 406 910; x_wconf 70' lang='lat' dir='ltr'><strong>teram</strong></span> <span class='ocrx_word' id='word_1_85' title='bbox 439 859 643 910; x_wconf 81' lang='lat' dir='ltr'><strong>attinet</strong></span> <span class='ocrx_word' id='word_1_86' title='bbox 671 877 681 910; x_wconf 91' lang='lat'>:</span> <span class='ocrx_word' id='word_1_87' title='bbox 717 859 773 910; x_wconf 90' lang='lat' dir='ltr'><strong>in</strong></span> <span class='ocrx_word' id='word_1_88' title='bbox 822 875 1027 924; x_wconf 78' lang='lat' dir='ltr'><strong>magna</strong></span> <span class='ocrx_word' id='word_1_89' title='bbox 1065 860 1230 912; x_wconf 85' lang='lat' dir='ltr'><strong>domo</strong></span> <span class='ocrx_word' id='word_1_90' title='bbox 1263 861 1425 929; x_wconf 85' lang='lat' dir='ltr'><strong>regis.</strong></span> <span class='ocrx_word' id='word_1_91' title='bbox 1459 868 1554 914; x_wconf 87' lang='lat' dir='ltr'><strong>aut</strong></span> <span class='ocrx_word' id='word_1_92' title='bbox 1586 863 1822 931; x_wconf 83' lang='lat' dir='ltr'><strong>alicujus</strong></span> 
     </span>
    </p>
   </div>
   <div class='ocr_carea' id='block_1_12' title="bbox 225 946 1822 1017">
    <p class='ocr_par' dir='ltr' id='par_1_12' title="bbox 225 946 1822 1017">
     <span class='ocr_line' id='line_1_12' title="bbox 225 946 1822 1017; baseline 0.004 -20"><span class='ocrx_word' id='word_1_93' title='bbox 225 946 469 998; x_wconf 78' lang='lat' dir='ltr'><strong>hominis</strong></span> <span class='ocrx_word' id='word_1_94' title='bbox 490 948 678 1014; x_wconf 84' lang='lat' dir='ltr'><strong>magni</strong></span> <span class='ocrx_word' id='word_1_95' title='bbox 700 953 829 999; x_wconf 88' lang='lat' dir='ltr'><strong>sunt</strong></span> <span class='ocrx_word' id='word_1_96' title='bbox 851 964 978 1000; x_wconf 88' lang='lat' dir='ltr'><strong>vasa</strong></span> <span class='ocrx_word' id='word_1_97' title='bbox 999 964 1171 1000; x_wconf 86' lang='lat' dir='ltr'><strong>aurea</strong></span> <span class='ocrx_word' id='word_1_98' title='bbox 1192 955 1246 1001; x_wconf 89' lang='lat' dir='ltr'><strong>et</strong></span> <span class='ocrx_word' id='word_1_99' title='bbox 1272 957 1538 1017; x_wconf 82' lang='lat' dir='ltr'><strong>argentea</strong></span> <span class='ocrx_word' id='word_1_100' title='bbox 1563 951 1615 1002; x_wconf 91' lang='lat' dir='ltr'><strong>in</strong></span> <span class='ocrx_word' id='word_1_101' title='bbox 1653 952 1822 1004; x_wconf 89' lang='lat' dir='ltr'><strong>hono-</strong></span> 
     </span>
    </p>
   </div>
   <div class='ocr_carea' id='block_1_13' title="bbox 225 1034 1824 1107">
    <p class='ocr_par' dir='ltr' id='par_1_13' title="bbox 225 1034 1824 1107">
     <span class='ocr_line' id='line_1_13' title="bbox 225 1034 1824 1107; baseline 0.005 -21"><span class='ocrx_word' id='word_1_102' title='bbox 225 1049 342 1087; x_wconf 88' lang='lat' dir='ltr'><strong>rem</strong></span> <span class='ocrx_word' id='word_1_103' title='bbox 370 1035 430 1086; x_wconf 87' lang='lat' dir='ltr'><strong>in</strong></span> <span class='ocrx_word' id='word_1_104' title='bbox 458 1034 659 1104; x_wconf 84' lang='lat' dir='ltr'><strong>quibus</strong></span> <span class='ocrx_word' id='word_1_105' title='bbox 687 1036 802 1104; x_wconf 86' lang='lat' dir='ltr'><strong>ipse</strong></span> <span class='ocrx_word' id='word_1_106' title='bbox 829 1037 1071 1089; x_wconf 87' lang='lat' dir='ltr'><strong>comedit</strong></span> <span class='ocrx_word' id='word_1_107' title='bbox 1101 1046 1155 1088; x_wconf 89' lang='lat' dir='ltr'><strong>et</strong></span> <span class='ocrx_word' id='word_1_108' title='bbox 1185 1045 1335 1106; x_wconf 88' lang='lat' dir='ltr'><strong>potat</strong></span> <span class='ocrx_word' id='word_1_109' title='bbox 1364 1056 1373 1089; x_wconf 91' lang='lat'>:</span> <span class='ocrx_word' id='word_1_110' title='bbox 1407 1047 1541 1091; x_wconf 89' lang='lat' dir='ltr'><strong>sunt</strong></span> <span class='ocrx_word' id='word_1_111' title='bbox 1561 1039 1742 1107; x_wconf 84' lang='lat' dir='ltr'><strong>lignea</strong></span> <span class='ocrx_word' id='word_1_112' title='bbox 1769 1045 1824 1094; x_wconf 84' lang='lat' dir='ltr'><strong>et</strong></span> 
     </span>
    </p>
   </div>
   <div class='ocr_carea' id='block_1_14' title="bbox 223 1123 1824 1196">
    <p class='ocr_par' dir='ltr' id='par_1_14' title="bbox 223 1123 1824 1196">
     <span class='ocr_line' id='line_1_14' title="bbox 223 1123 1824 1196; baseline 0.004 -21"><span class='ocrx_word' id='word_1_113' title='bbox 223 1123 417 1175; x_wconf 77' lang='lat' dir='ltr'><strong>fictilia</strong></span> <span class='ocrx_word' id='word_1_114' title='bbox 449 1123 506 1175; x_wconf 91' lang='lat' dir='ltr'><strong>in</strong></span> <span class='ocrx_word' id='word_1_115' title='bbox 538 1125 934 1176; x_wconf 87' lang='lat' dir='ltr'><strong>contumeliam</strong></span> <span class='ocrx_word' id='word_1_116' title='bbox 962 1125 1054 1178; x_wconf 88' lang='lat' dir='ltr'><strong>ubi</strong></span> <span class='ocrx_word' id='word_1_117' title='bbox 1087 1135 1511 1196; x_wconf 88' lang='lat' dir='ltr'><strong>concoquuntur</strong></span> <span class='ocrx_word' id='word_1_118' title='bbox 1543 1145 1738 1182; x_wconf 86' lang='lat' dir='ltr'><strong>carnes</strong></span> <span class='ocrx_word' id='word_1_119' title='bbox 1768 1136 1824 1184; x_wconf 90' lang='lat' dir='ltr'><strong>et</strong></span> 
     </span>
    </p>
   </div>
   <div class='ocr_carea' id='block_1_15' title="bbox 223 1211 1822 1287">
    <p class='ocr_par' dir='ltr' id='par_1_15' title="bbox 223 1211 1822 1287">
     <span class='ocr_line' id='line_1_15' title="bbox 223 1211 1822 1287; baseline 0.005 -24"><span class='ocrx_word' id='word_1_120' title='bbox 223 1211 478 1264; x_wconf 82' lang='lat' dir='ltr'><strong>defertur</strong></span> <span class='ocrx_word' id='word_1_121' title='bbox 520 1213 749 1281; x_wconf 88' lang='lat' dir='ltr'><strong>aliquid.</strong></span> <span class='ocrx_word' id='word_1_122' title='bbox 785 1214 982 1266; x_wconf 87' lang='lat' dir='ltr'><strong>Altiori</strong></span> <span class='ocrx_word' id='word_1_123' title='bbox 1029 1220 1216 1267; x_wconf 85' lang='lat' dir='ltr'><strong>autem</strong></span> <span class='ocrx_word' id='word_1_124' title='bbox 1261 1232 1449 1274; x_wconf 83' lang='lat' dir='ltr'><strong>sensu.</strong></span> <span class='ocrx_word' id='word_1_125' title='bbox 1484 1218 1585 1270; x_wconf 87' lang='lat' dir='ltr'><strong>ista</strong></span> <span class='ocrx_word' id='word_1_126' title='bbox 1620 1236 1822 1287; x_wconf 86' lang='lat' dir='ltr'><strong>magna</strong></span> 
     </span>
    </p>
   </div>
   <div class='ocr_carea' id='block_1_16' title="bbox 222 1299 1821 1374">
    <p class='ocr_par' dir='ltr' id='par_1_16' title="bbox 222 1299 1821 1374">
     <span class='ocr_line' id='line_1_16' title="bbox 222 1299 1821 1374; baseline 0.006 -23"><span class='ocrx_word' id='word_1_127' title='bbox 222 1299 427 1352; x_wconf 88' lang='lat' dir='ltr'><strong>domus</strong></span> <span class='ocrx_word' id='word_1_128' title='bbox 460 1307 654 1352; x_wconf 84' lang='lat' dir='ltr'><strong>sancta</strong></span> <span class='ocrx_word' id='word_1_129' title='bbox 685 1302 928 1355; x_wconf 75' lang='lat' dir='ltr'><strong>Ecclesia</strong></span> <span class='ocrx_word' id='word_1_130' title='bbox 951 1309 1052 1363; x_wconf 87' lang='lat' dir='ltr'><strong>est,</strong></span> <span class='ocrx_word' id='word_1_131' title='bbox 1083 1319 1204 1372; x_wconf 69' lang='lat' dir='ltr'><strong>quae</strong></span> <span class='ocrx_word' id='word_1_132' title='bbox 1229 1311 1398 1358; x_wconf 72' lang='lat' dir='ltr'><strong>tantae</strong></span> <span class='ocrx_word' id='word_1_133' title='bbox 1421 1306 1821 1374; x_wconf 75' lang='lat' dir='ltr'><strong>magnitudinis</strong></span> 
     </span>
    </p>
   </div>
   <div class='ocr_carea' id='block_1_17' title="bbox 222 1388 1824 1459">
    <p class='ocr_par' dir='ltr' id='par_1_17' title="bbox 222 1388 1824 1459">
     <span class='ocr_line' id='line_1_17' title="bbox 222 1388 1824 1459; baseline 0.004 -19"><span class='ocrx_word' id='word_1_134' title='bbox 222 1395 307 1440; x_wconf 79' lang='lat' dir='ltr'><strong>est</strong></span> <span class='ocrx_word' id='word_1_135' title='bbox 334 1395 401 1440; x_wconf 91' lang='lat' dir='ltr'><strong>ut</strong></span> <span class='ocrx_word' id='word_1_136' title='bbox 430 1388 500 1440; x_wconf 85' lang='lat' dir='ltr'><strong>ab</strong></span> <span class='ocrx_word' id='word_1_137' title='bbox 530 1390 745 1441; x_wconf 87' lang='lat' dir='ltr'><strong>oriente</strong></span> <span class='ocrx_word' id='word_1_138' title='bbox 789 1405 965 1459; x_wconf 85' lang='lat' dir='ltr'><strong>usque</strong></span> <span class='ocrx_word' id='word_1_139' title='bbox 1011 1389 1080 1443; x_wconf 86' lang='lat' dir='ltr'><strong>ad</strong></span> <span class='ocrx_word' id='word_1_140' title='bbox 1128 1393 1494 1456; x_wconf 85' lang='lat' dir='ltr'><strong>occidentem,</strong></span> <span class='ocrx_word' id='word_1_141' title='bbox 1531 1412 1561 1446; x_wconf 91' lang='lat' dir='ltr'><strong>a</strong></span> <span class='ocrx_word' id='word_1_142' title='bbox 1593 1395 1824 1448; x_wconf 82' lang='lat' dir='ltr'><strong>meridie</strong></span> 
     </span>
    </p>
   </div>
   <div class='ocr_carea' id='block_1_18' title="bbox 222 1477 1826 1552">
    <p class='ocr_par' dir='ltr' id='par_1_18' title="bbox 222 1477 1826 1552">
     <span class='ocr_line' id='line_1_18' title="bbox 222 1477 1826 1552; baseline 0.004 -24"><span class='ocrx_word' id='word_1_143' title='bbox 222 1491 402 1545; x_wconf 81' lang='lat' dir='ltr'><strong>usque</strong></span> <span class='ocrx_word' id='word_1_144' title='bbox 439 1477 511 1529; x_wconf 83' lang='lat' dir='ltr'><strong>ad</strong></span> <span class='ocrx_word' id='word_1_145' title='bbox 541 1478 979 1546; x_wconf 79' lang='lat' dir='ltr'><strong>septentrionem</strong></span> <span class='ocrx_word' id='word_1_146' title='bbox 1012 1481 1398 1547; x_wconf 82' lang='lat' dir='ltr'><strong>protendatur.</strong></span> <span class='ocrx_word' id='word_1_147' title='bbox 1433 1483 1496 1535; x_wconf 91' lang='lat' dir='ltr'><strong>In</strong></span> <span class='ocrx_word' id='word_1_148' title='bbox 1538 1500 1646 1552; x_wconf 88' lang='lat' dir='ltr'><strong>qua</strong></span> <span class='ocrx_word' id='word_1_149' title='bbox 1693 1489 1826 1536; x_wconf 89' lang='lat' dir='ltr'><strong>sunt</strong></span> 
     </span>
    </p>
   </div>
   <div class='ocr_carea' id='block_1_19' title="bbox 221 1568 1820 1638">
    <p class='ocr_par' dir='ltr' id='par_1_19' title="bbox 221 1568 1820 1638">
     <span class='ocr_line' id='line_1_19' title="bbox 221 1568 1820 1638; baseline 0.004 -22"><span class='ocrx_word' id='word_1_150' title='bbox 221 1579 354 1616; x_wconf 74' lang='lat' dir='ltr'><strong>vasa</strong></span> <span class='ocrx_word' id='word_1_151' title='bbox 378 1581 553 1617; x_wconf 85' lang='lat' dir='ltr'><strong>aurea</strong></span> <span class='ocrx_word' id='word_1_152' title='bbox 573 1572 628 1617; x_wconf 89' lang='lat' dir='ltr'><strong>et</strong></span> <span class='ocrx_word' id='word_1_153' title='bbox 648 1573 932 1633; x_wconf 83' lang='lat' dir='ltr'><strong>argentea,</strong></span> <span class='ocrx_word' id='word_1_154' title='bbox 960 1568 1153 1620; x_wconf 86' lang='lat' dir='ltr'><strong>electi:</strong></span> <span class='ocrx_word' id='word_1_155' title='bbox 1180 1574 1308 1621; x_wconf 89' lang='lat' dir='ltr'><strong>sunt</strong></span> <span class='ocrx_word' id='word_1_156' title='bbox 1332 1569 1515 1638; x_wconf 87' lang='lat' dir='ltr'><strong>lignea</strong></span> <span class='ocrx_word' id='word_1_157' title='bbox 1538 1581 1587 1622; x_wconf 83' lang='lat' dir='ltr'><strong>et</strong></span> <span class='ocrx_word' id='word_1_158' title='bbox 1613 1573 1820 1636; x_wconf 84' lang='lat' dir='ltr'><strong>lictilia,</strong></span> 
     </span>
    </p>
   </div>
   <div class='ocr_carea' id='block_1_20' title="bbox 223 1653 1823 1728">
    <p class='ocr_par' dir='ltr' id='par_1_20' title="bbox 223 1653 1823 1728">
     <span class='ocr_line' id='line_1_20' title="bbox 223 1653 1823 1728; baseline 0.005 -23"><span class='ocrx_word' id='word_1_159' title='bbox 223 1654 470 1722; x_wconf 89' lang='lat' dir='ltr'><strong>reprobi.</strong></span> <span class='ocrx_word' id='word_1_160' title='bbox 505 1653 610 1705; x_wconf 76' lang='lat' dir='ltr'><strong>l’er</strong></span> <span class='ocrx_word' id='word_1_161' title='bbox 630 1671 829 1707; x_wconf 87' lang='lat' dir='ltr'><strong>aurum</strong></span> <span class='ocrx_word' id='word_1_162' title='bbox 861 1655 1251 1724; x_wconf 87' lang='lat' dir='ltr'><strong>intelliguntur</strong></span> <span class='ocrx_word' id='word_1_163' title='bbox 1277 1657 1356 1710; x_wconf 92' lang='lat' dir='ltr'><strong>illi</strong></span> <span class='ocrx_word' id='word_1_164' title='bbox 1389 1659 1481 1727; x_wconf 87' lang='lat' dir='ltr'><strong>qui</strong></span> <span class='ocrx_word' id='word_1_165' title='bbox 1514 1660 1823 1728; x_wconf 89' lang='lat' dir='ltr'><strong>spiritalem</strong></span> 
     </span>
    </p>
   </div>
   <div class='ocr_carea' id='block_1_21' title="bbox 1905 774 3500 848">
    <p class='ocr_par' dir='ltr' id='par_1_21' title="bbox 1905 774 3500 848">
     <span class='ocr_line' id='line_1_21' title="bbox 1905 774 3500 848; baseline 0.005 -24"><span class='ocrx_word' id='word_1_166' title='bbox 1905 789 2064 825; x_wconf 87' lang='lat' dir='ltr'><strong>suam</strong></span> <span class='ocrx_word' id='word_1_167' title='bbox 2096 774 2459 839; x_wconf 78' lang='lat' dir='ltr'><strong>voluntatem,</strong></span> <span class='ocrx_word' id='word_1_168' title='bbox 2502 776 2595 827; x_wconf 88' lang='lat' dir='ltr'><strong>sed</strong></span> <span class='ocrx_word' id='word_1_169' title='bbox 2629 777 2747 828; x_wconf 89' lang='lat' dir='ltr'><strong>Dei.</strong></span> <span class='ocrx_word' id='word_1_170' title='bbox 2793 777 2998 830; x_wconf 82' lang='lat' dir='ltr'><strong>Paulus</strong></span> <span class='ocrx_word' id='word_1_171' title='bbox 3041 780 3327 847; x_wconf 79' lang='lat' dir='ltr'><strong>apostolus</strong></span> <span class='ocrx_word' id='word_1_172' title='bbox 3369 796 3500 848; x_wconf 91' lang='lat' dir='ltr'><strong>pro-</strong></span> 
     </span>
    </p>
   </div>
   <div class='ocr_carea' id='block_1_22' title="bbox 1905 862 3500 936">
    <p class='ocr_par' dir='ltr' id='par_1_22' title="bbox 1905 862 3500 936">
     <span class='ocr_line' id='line_1_22' title="bbox 1905 862 3500 936; baseline 0.005 -24"><span class='ocrx_word' id='word_1_173' title='bbox 1905 862 2072 931; x_wconf 81' lang='lat' dir='ltr'><strong>pheta</strong></span> <span class='ocrx_word' id='word_1_174' title='bbox 2098 869 2236 927; x_wconf 86' lang='lat' dir='ltr'><strong>erat,</strong></span> <span class='ocrx_word' id='word_1_175' title='bbox 2279 862 2515 933; x_wconf 86' lang='lat' dir='ltr'><strong>ideoque</strong></span> <span class='ocrx_word' id='word_1_176' title='bbox 2550 866 2903 933; x_wconf 68' lang='lat' dir='ltr'><strong>prophetarit</strong></span> <span class='ocrx_word' id='word_1_177' title='bbox 2932 881 3052 936; x_wconf 63' lang='lat' dir='ltr'><strong>quae</strong></span> <span class='ocrx_word' id='word_1_178' title='bbox 3085 867 3246 919; x_wconf 90' lang='lat' dir='ltr'><strong>modo</strong></span> <span class='ocrx_word' id='word_1_179' title='bbox 3278 874 3410 920; x_wconf 90' lang='lat' dir='ltr'><strong>sunt</strong></span> <span class='ocrx_word' id='word_1_180' title='bbox 3443 868 3500 921; x_wconf 89' lang='lat' dir='ltr'><strong>in</strong></span> 
     </span>
    </p>
   </div>
   <div class='ocr_carea' id='block_1_23' title="bbox 1905 951 3502 1020">
    <p class='ocr_par' dir='ltr' id='par_1_23' title="bbox 1905 951 3502 1020">
     <span class='ocr_line' id='line_1_23' title="bbox 1905 951 3502 1020; baseline 0.005 -20"><span class='ocrx_word' id='word_1_181' title='bbox 1905 952 2156 1012; x_wconf 86' lang='lat' dir='ltr'><strong>ecclesia,</strong></span> <span class='ocrx_word' id='word_1_182' title='bbox 2193 957 2246 1004; x_wconf 89' lang='lat' dir='ltr'><strong>et</strong></span> <span class='ocrx_word' id='word_1_183' title='bbox 2278 967 2399 1020; x_wconf 80' lang='lat' dir='ltr'><strong>quac</strong></span> <span class='ocrx_word' id='word_1_184' title='bbox 2439 951 2621 1005; x_wconf 86' lang='lat' dir='ltr'><strong>adhuc</strong></span> <span class='ocrx_word' id='word_1_185' title='bbox 2668 954 2858 1006; x_wconf 84' lang='lat' dir='ltr'><strong>futura</strong></span> <span class='ocrx_word' id='word_1_186' title='bbox 2889 960 3035 1006; x_wconf 87' lang='lat' dir='ltr'><strong>sunt.</strong></span> <span class='ocrx_word' id='word_1_187' title='bbox 3074 955 3179 1017; x_wconf 86' lang='lat' dir='ltr'><strong>Qui</strong></span> <span class='ocrx_word' id='word_1_188' title='bbox 3209 954 3357 1007; x_wconf 88' lang='lat' dir='ltr'><strong>enim</strong></span> <span class='ocrx_word' id='word_1_189' title='bbox 3399 955 3502 1008; x_wconf 90' lang='lat' dir='ltr'><strong>hoc</strong></span> 
     </span>
    </p>
   </div>
   <div class='ocr_carea' id='block_1_24' title="bbox 1906 1037 3502 1110">
    <p class='ocr_par' dir='ltr' id='par_1_24' title="bbox 1906 1037 3502 1110">
     <span class='ocr_line' id='line_1_24' title="bbox 1906 1037 3502 1110; baseline 0.004 -21"><span class='ocrx_word' id='word_1_190' title='bbox 1906 1037 2093 1091; x_wconf 85' lang='lat' dir='ltr'><strong>animo</strong></span> <span class='ocrx_word' id='word_1_191' title='bbox 2116 1046 2351 1108; x_wconf 84' lang='lat' dir='ltr'><strong>pascunt</strong></span> <span class='ocrx_word' id='word_1_192' title='bbox 2382 1057 2510 1092; x_wconf 85' lang='lat' dir='ltr'><strong>oves</strong></span> <span class='ocrx_word' id='word_1_193' title='bbox 2533 1040 2758 1102; x_wconf 80' lang='lat' dir='ltr'><strong>Christi,</strong></span> <span class='ocrx_word' id='word_1_194' title='bbox 2785 1047 2848 1092; x_wconf 87' lang='lat' dir='ltr'><strong>ut</strong></span> <span class='ocrx_word' id='word_1_195' title='bbox 2874 1057 3003 1093; x_wconf 87' lang='lat' dir='ltr'><strong>suas</strong></span> <span class='ocrx_word' id='word_1_196' title='bbox 3027 1042 3195 1093; x_wconf 82' lang='lat' dir='ltr'><strong>velint</strong></span> <span class='ocrx_word' id='word_1_197' title='bbox 3224 1057 3365 1110; x_wconf 83' lang='lat' dir='ltr'><strong>esse,</strong></span> <span class='ocrx_word' id='word_1_198' title='bbox 3389 1059 3502 1095; x_wconf 91' lang='lat' dir='ltr'><strong>non</strong></span> 
     </span>
    </p>
   </div>
   <div class='ocr_carea' id='block_1_25' title="bbox 1905 1126 3502 1191">
    <p class='ocr_par' dir='ltr' id='par_1_25' title="bbox 1905 1126 3502 1191">
     <span class='ocr_line' id='line_1_25' title="bbox 1905 1126 3502 1191; baseline 0.004 -13"><span class='ocrx_word' id='word_1_199' title='bbox 1905 1126 2134 1184; x_wconf 86' lang='lat' dir='ltr'><strong>Christi,</strong></span> <span class='ocrx_word' id='word_1_200' title='bbox 2166 1145 2224 1180; x_wconf 89' lang='lat' dir='ltr'><strong>se</strong></span> <span class='ocrx_word' id='word_1_201' title='bbox 2255 1130 2658 1181; x_wconf 79' lang='lat' dir='ltr'><strong>convincuntur</strong></span> <span class='ocrx_word' id='word_1_202' title='bbox 2686 1146 2894 1191; x_wconf 88' lang='lat' dir='ltr'><strong>amare,</strong></span> <span class='ocrx_word' id='word_1_203' title='bbox 2929 1147 3040 1182; x_wconf 91' lang='lat' dir='ltr'><strong>non</strong></span> <span class='ocrx_word' id='word_1_204' title='bbox 3086 1131 3397 1187; x_wconf 85' lang='lat' dir='ltr'><strong>Christum.</strong></span> <span class='ocrx_word' id='word_1_205' title='bbox 3436 1129 3502 1184; x_wconf 83' lang='lat' dir='ltr'><strong>Et</strong></span> 
     </span>
    </p>
   </div>
   <div class='ocr_carea' id='block_1_26' title="bbox 1906 1217 3502 1286">
    <p class='ocr_par' dir='ltr' id='par_1_26' title="bbox 1906 1217 3502 1286">
     <span class='ocr_line' id='line_1_26' title="bbox 1906 1217 3502 1286; baseline 0.003 -19"><span class='ocrx_word' id='word_1_206' title='bbox 1906 1225 2073 1267; x_wconf 86' lang='lat' dir='ltr'><strong>erunt</strong></span> <span class='ocrx_word' id='word_1_207' title='bbox 2093 1219 2298 1282; x_wconf 70' lang='lat' dir='ltr'><strong>cupidi,</strong></span> <span class='ocrx_word' id='word_1_208' title='bbox 2325 1217 2377 1268; x_wconf 88' lang='lat' dir='ltr'><strong>id</strong></span> <span class='ocrx_word' id='word_1_209' title='bbox 2405 1223 2485 1268; x_wconf 87' lang='lat' dir='ltr'><strong>est</strong></span> <span class='ocrx_word' id='word_1_210' title='bbox 2512 1225 2790 1269; x_wconf 75' lang='lat' dir='ltr'><strong>amatores</strong></span> <span class='ocrx_word' id='word_1_211' title='bbox 2812 1219 3205 1286; x_wconf 77' lang='lat' dir='ltr'><strong>pecuniarum;</strong></span> <span class='ocrx_word' id='word_1_212' title='bbox 3232 1222 3382 1284; x_wconf 77' lang='lat' dir='ltr'><strong>elati,</strong></span> <span class='ocrx_word' id='word_1_213' title='bbox 3413 1237 3502 1274; x_wconf 85' lang='lat' dir='ltr'><strong>v0-</strong></span> 
     </span>
    </p>
   </div>
   <div class='ocr_carea' id='block_1_27' title="bbox 1905 1304 3501 1375">
    <p class='ocr_par' dir='ltr' id='par_1_27' title="bbox 1905 1304 3501 1375">
     <span class='ocr_line' id='line_1_27' title="bbox 1905 1304 3501 1375; baseline 0.004 -20"><span class='ocrx_word' id='word_1_214' title='bbox 1905 1305 2084 1355; x_wconf 86' lang='lat' dir='ltr'><strong>lentes</strong></span> <span class='ocrx_word' id='word_1_215' title='bbox 2113 1304 2236 1356; x_wconf 86' lang='lat' dir='ltr'><strong>aliis</strong></span> <span class='ocrx_word' id='word_1_216' title='bbox 2265 1304 2574 1357; x_wconf 81' lang='lat' dir='ltr'><strong>dominari:</strong></span> <span class='ocrx_word' id='word_1_217' title='bbox 2612 1307 2848 1370; x_wconf 69' lang='lat' dir='ltr'><strong>su/wln&#39;,</strong></span> <span class='ocrx_word' id='word_1_218' title='bbox 2880 1307 3186 1375; x_wconf 74' lang='lat' dir='ltr'><strong>gloriantes</strong></span> <span class='ocrx_word' id='word_1_219' title='bbox 3217 1307 3284 1360; x_wconf 88' lang='lat' dir='ltr'><strong>de</strong></span> <span class='ocrx_word' id='word_1_220' title='bbox 3330 1309 3501 1361; x_wconf 89' lang='lat' dir='ltr'><strong>hono-</strong></span> 
     </span>
    </p>
   </div>
   <div class='ocr_carea' id='block_1_28' title="bbox 1908 1392 3501 1463">
    <p class='ocr_par' dir='ltr' id='par_1_28' title="bbox 1908 1392 3501 1463">
     <span class='ocr_line' id='line_1_28' title="bbox 1908 1392 3501 1463; baseline 0.003 -20"><span class='ocrx_word' id='word_1_221' title='bbox 1908 1392 2060 1444; x_wconf 82' lang='lat' dir='ltr'><strong>ribus</strong></span> <span class='ocrx_word' id='word_1_222' title='bbox 2093 1410 2230 1461; x_wconf 86' lang='lat' dir='ltr'><strong>quos</strong></span> <span class='ocrx_word' id='word_1_223' title='bbox 2260 1410 2290 1445; x_wconf 89' lang='lat' dir='ltr'><strong>a</strong></span> <span class='ocrx_word' id='word_1_224' title='bbox 2323 1393 2589 1462; x_wconf 83' lang='lat' dir='ltr'><strong>subjectis</strong></span> <span class='ocrx_word' id='word_1_225' title='bbox 2627 1393 2937 1463; x_wconf 83' lang='lat' dir='ltr'><strong>accipiunt:</strong></span> <span class='ocrx_word' id='word_1_226' title='bbox 2973 1395 3287 1460; x_wconf 71' lang='lat' dir='ltr'><strong>[)[tl.\&#39;])/lt’llll,</strong></span> <span class='ocrx_word' id='word_1_227' title='bbox 3323 1397 3501 1449; x_wconf 88' lang='lat' dir='ltr'><strong>Deum</strong></span> 
     </span>
    </p>
   </div>
   <div class='ocr_carea' id='block_1_29' title="bbox 1907 1479 3502 1551">
    <p class='ocr_par' dir='ltr' id='par_1_29' title="bbox 1907 1479 3502 1551">
     <span class='ocr_line' id='line_1_29' title="bbox 1907 1479 3502 1551; baseline 0.003 -19"><span class='ocrx_word' id='word_1_228' title='bbox 1907 1479 2359 1549; x_wconf 87' lang='lat' dir='ltr'><strong>blasphemantes</strong></span> <span class='ocrx_word' id='word_1_229' title='bbox 2379 1499 2475 1551; x_wconf 86' lang='lat' dir='ltr'><strong>per</strong></span> <span class='ocrx_word' id='word_1_230' title='bbox 2497 1483 2760 1538; x_wconf 65' lang='lat' dir='ltr'><strong>haereses;</strong></span> <span class='ocrx_word' id='word_1_231' title='bbox 2783 1484 3105 1549; x_wconf 70' lang='lat' dir='ltr'><strong>parentibus</strong></span> <span class='ocrx_word' id='word_1_232' title='bbox 3127 1499 3232 1534; x_wconf 85' lang='lat' dir='ltr'><strong>non</strong></span> <span class='ocrx_word' id='word_1_233' title='bbox 3259 1485 3502 1536; x_wconf 66' lang='lat' dir='ltr'><strong>obedien-</strong></span> 
     </span>
    </p>
   </div>
   <div class='ocr_carea' id='block_1_30' title="bbox 1909 1569 3503 1639">
    <p class='ocr_par' dir='ltr' id='par_1_30' title="bbox 1909 1569 3503 1639">
     <span class='ocr_line' id='line_1_30' title="bbox 1909 1569 3503 1639; baseline 0.003 -20"><span class='ocrx_word' id='word_1_234' title='bbox 1909 1574 2000 1630; x_wconf 75' lang='lat' dir='ltr'><strong>tcs,</strong></span> <span class='ocrx_word' id='word_1_235' title='bbox 2049 1569 2100 1620; x_wconf 89' lang='lat' dir='ltr'><strong>id</strong></span> <span class='ocrx_word' id='word_1_236' title='bbox 2155 1577 2239 1621; x_wconf 88' lang='lat' dir='ltr'><strong>est</strong></span> <span class='ocrx_word' id='word_1_237' title='bbox 2277 1570 2529 1639; x_wconf 85' lang='lat' dir='ltr'><strong>patribus</strong></span> <span class='ocrx_word' id='word_1_238' title='bbox 2560 1569 2906 1639; x_wconf 83' lang='lat' dir='ltr'><strong>spiritalibus</strong></span> <span class='ocrx_word' id='word_1_239' title='bbox 2948 1571 3031 1622; x_wconf 84' lang='lat' dir='ltr'><strong>vel</strong></span> <span class='ocrx_word' id='word_1_240' title='bbox 3069 1571 3237 1623; x_wconf 87' lang='lat' dir='ltr'><strong>etiam</strong></span> <span class='ocrx_word' id='word_1_241' title='bbox 3269 1571 3415 1639; x_wconf 87' lang='lat' dir='ltr'><strong>patri</strong></span> <span class='ocrx_word' id='word_1_242' title='bbox 3448 1579 3503 1624; x_wconf 78' lang='lat' dir='ltr'><strong>et</strong></span> 
     </span>
    </p>
   </div>
   <div class='ocr_carea' id='block_1_31' title="bbox 1908 1657 3501 1728">
    <p class='ocr_par' dir='ltr' id='par_1_31' title="bbox 1908 1657 3501 1728">
     <span class='ocr_line' id='line_1_31' title="bbox 1908 1657 3501 1728; baseline 0.003 -22"><span class='ocrx_word' id='word_1_243' title='bbox 1908 1657 2073 1708; x_wconf 85' lang='lat' dir='ltr'><strong>matri</strong></span> <span class='ocrx_word' id='word_1_244' title='bbox 2102 1676 2112 1720; x_wconf 88' lang='lat'><strong>;</strong></span> <span class='ocrx_word' id='word_1_245' title='bbox 2147 1661 2378 1722; x_wconf 78' lang='lat' dir='ltr'><strong>ingrati,</strong></span> <span class='ocrx_word' id='word_1_246' title='bbox 2415 1657 2698 1710; x_wconf 80' lang='lat' dir='ltr'><strong>beneﬁciis</strong></span> <span class='ocrx_word' id='word_1_247' title='bbox 2731 1659 2846 1718; x_wconf 83' lang='lat' dir='ltr'><strong>Dei,</strong></span> <span class='ocrx_word' id='word_1_248' title='bbox 2879 1659 2962 1709; x_wconf 81' lang='lat' dir='ltr'><strong>vel</strong></span> <span class='ocrx_word' id='word_1_249' title='bbox 2991 1659 3199 1710; x_wconf 88' lang='lat' dir='ltr'><strong>malum</strong></span> <span class='ocrx_word' id='word_1_250' title='bbox 3225 1675 3323 1728; x_wconf 90' lang='lat' dir='ltr'><strong>pro</strong></span> <span class='ocrx_word' id='word_1_251' title='bbox 3355 1659 3501 1711; x_wconf 89' lang='lat' dir='ltr'><strong>malo</strong></span> 
     </span>
    </p>
   </div>
   <div class='ocr_carea' id='block_1_32' title="bbox 221 1741 3501 1839">
    <p class='ocr_par' dir='ltr' id='par_1_32' title="bbox 221 1741 3501 1839">
     <span class='ocr_line' id='line_1_32' title="bbox 221 1741 3501 1839; baseline 0.001 -45"><span class='ocrx_word' id='word_1_252' title='bbox 221 1758 451 1794; x_wconf 84' lang='lat' dir='ltr'><strong>sensum</strong></span> <span class='ocrx_word' id='word_1_253' title='bbox 475 1741 700 1804; x_wconf 82' lang='lat' dir='ltr'><strong>habent,</strong></span> <span class='ocrx_word' id='word_1_254' title='bbox 732 1760 829 1811; x_wconf 92' lang='lat' dir='ltr'><strong>per</strong></span> <span class='ocrx_word' id='word_1_255' title='bbox 851 1751 1145 1812; x_wconf 76' lang='lat' dir='ltr'><strong>argentum</strong></span> <span class='ocrx_word' id='word_1_256' title='bbox 1170 1746 1400 1799; x_wconf 86' lang='lat' dir='ltr'><strong>minoris</strong></span> <span class='ocrx_word' id='word_1_257' title='bbox 1417 1747 1706 1814; x_wconf 88' lang='lat' dir='ltr'><strong>dignitatis</strong></span> <span class='ocrx_word' id='word_1_258' title='bbox 1729 1749 1822 1817; x_wconf 87' lang='lat' dir='ltr'><strong>qui</strong></span> <span class='ocrx_word' id='word_1_259' title='bbox 1843 1782 1886 1839; x_wconf 78' lang='grc' dir='ltr'><strong>Β</strong></span> <span class='ocrx_word' id='word_1_260' title='bbox 1906 1744 2202 1797; x_wconf 86' lang='lat' dir='ltr'><strong>reddentes</strong></span> <span class='ocrx_word' id='word_1_261' title='bbox 2231 1787 2243 1810; x_wconf 80' lang='lat'><strong>,</strong></span> <span class='ocrx_word' id='word_1_262' title='bbox 2286 1751 2508 1809; x_wconf 75' lang='lat' dir='ltr'><strong>srclt’slt,</strong></span> <span class='ocrx_word' id='word_1_263' title='bbox 2545 1753 2759 1815; x_wconf 85' lang='lat' dir='ltr'><strong>patrem</strong></span> <span class='ocrx_word' id='word_1_264' title='bbox 2801 1752 2856 1798; x_wconf 87' lang='lat' dir='ltr'><strong>et</strong></span> <span class='ocrx_word' id='word_1_265' title='bbox 2905 1753 3284 1798; x_wconf 69' lang='lat' dir='ltr'><strong>matrem’non</strong></span> <span class='ocrx_word' id='word_1_266' title='bbox 3326 1747 3501 1799; x_wconf 85' lang='lat' dir='ltr'><strong>hono-</strong></span> 
     </span>
    </p>
   </div>
   <div class='ocr_carea' id='block_1_33' title="bbox 221 1830 1819 1899">
    <p class='ocr_par' dir='ltr' id='par_1_33' title="bbox 221 1830 1819 1899">
     <span class='ocr_line' id='line_1_33' title="bbox 221 1830 1819 1899; baseline 0.003 -16"><span class='ocrx_word' id='word_1_267' title='bbox 221 1830 434 1884; x_wconf 87' lang='lat' dir='ltr'><strong>habent</strong></span> <span class='ocrx_word' id='word_1_268' title='bbox 451 1830 736 1899; x_wconf 85' lang='lat' dir='ltr'><strong>eloquium</strong></span> <span class='ocrx_word' id='word_1_269' title='bbox 755 1838 813 1886; x_wconf 87' lang='lat' dir='ltr'><strong>et</strong></span> <span class='ocrx_word' id='word_1_270' title='bbox 833 1847 1164 1885; x_wconf 77' lang='lat' dir='ltr'><strong>sermonem.</strong></span> <span class='ocrx_word' id='word_1_271' title='bbox 1183 1835 1280 1886; x_wconf 85' lang='lat' dir='ltr'><strong>Isti</strong></span> <span class='ocrx_word' id='word_1_272' title='bbox 1305 1837 1506 1887; x_wconf 87' lang='lat' dir='ltr'><strong>suntin</strong></span> <span class='ocrx_word' id='word_1_273' title='bbox 1532 1837 1819 1899; x_wconf 86' lang='lat' dir='ltr'><strong>honorem,</strong></span> 
     </span>
    </p>
   </div>
   <div class='ocr_carea' id='block_1_34' title="bbox 222 1919 1825 1991">
    <p class='ocr_par' dir='ltr' id='par_1_34' title="bbox 222 1919 1825 1991">
     <span class='ocr_line' id='line_1_34' title="bbox 222 1919 1825 1991; baseline 0.004 -20"><span class='ocrx_word' id='word_1_274' title='bbox 222 1919 354 1988; x_wconf 86' lang='lat' dir='ltr'><strong>quia</strong></span> <span class='ocrx_word' id='word_1_275' title='bbox 375 1920 446 1972; x_wconf 83' lang='lat' dir='ltr'><strong>ad</strong></span> <span class='ocrx_word' id='word_1_276' title='bbox 474 1921 739 1973; x_wconf 88' lang='lat' dir='ltr'><strong>honorem</strong></span> <span class='ocrx_word' id='word_1_277' title='bbox 763 1929 820 1972; x_wconf 88' lang='lat' dir='ltr'><strong>et</strong></span> <span class='ocrx_word' id='word_1_278' title='bbox 837 1922 1075 1989; x_wconf 83' lang='lat' dir='ltr'><strong>gloriam</strong></span> <span class='ocrx_word' id='word_1_279' title='bbox 1103 1923 1295 1991; x_wconf 65' lang='lat' dir='ltr'><strong>patriae</strong></span> <span class='ocrx_word' id='word_1_280' title='bbox 1316 1924 1554 1976; x_wconf 74' lang='lat' dir='ltr'><strong>coelestis</strong></span> <span class='ocrx_word' id='word_1_281' title='bbox 1576 1925 1825 1978; x_wconf 87' lang='lat' dir='ltr'><strong>subleva-</strong></span> 
     </span>
    </p>
   </div>
   <div class='ocr_carea' id='block_1_35' title="bbox 221 2007 1826 2082">
    <p class='ocr_par' dir='ltr' id='par_1_35' title="bbox 221 2007 1826 2082">
     <span class='ocr_line' id='line_1_35' title="bbox 221 2007 1826 2082; baseline 0.004 -22"><span class='ocrx_word' id='word_1_282' title='bbox 221 2007 437 2062; x_wconf 77' lang='lat' dir='ltr'><strong>buntur</strong></span> <span class='ocrx_word' id='word_1_283' title='bbox 473 2027 484 2060; x_wconf 86' lang='lat'>:</span> <span class='ocrx_word' id='word_1_284' title='bbox 518 2009 704 2077; x_wconf 86' lang='lat' dir='ltr'><strong>lignea</strong></span> <span class='ocrx_word' id='word_1_285' title='bbox 735 2017 791 2062; x_wconf 84' lang='lat' dir='ltr'><strong>et</strong></span> <span class='ocrx_word' id='word_1_286' title='bbox 821 2011 1014 2063; x_wconf 83' lang='lat' dir='ltr'><strong>ﬁctilia</strong></span> <span class='ocrx_word' id='word_1_287' title='bbox 1046 2017 1179 2062; x_wconf 88' lang='lat' dir='ltr'><strong>sunt</strong></span> <span class='ocrx_word' id='word_1_288' title='bbox 1212 2013 1452 2080; x_wconf 89' lang='lat' dir='ltr'><strong>reprobi,</strong></span> <span class='ocrx_word' id='word_1_289' title='bbox 1489 2013 1580 2082; x_wconf 88' lang='lat' dir='ltr'><strong>qui</strong></span> <span class='ocrx_word' id='word_1_290' title='bbox 1611 2015 1826 2066; x_wconf 88' lang='lat' dir='ltr'><strong>demer-</strong></span> 
     </span>
    </p>
   </div>
   <div class='ocr_carea' id='block_1_36' title="bbox 218 2097 1311 2166">
    <p class='ocr_par' dir='ltr' id='par_1_36' title="bbox 218 2097 1311 2166">
     <span class='ocr_line' id='line_1_36' title="bbox 218 2097 1311 2166; baseline 0.004 -16"><span class='ocrx_word' id='word_1_291' title='bbox 218 2102 437 2165; x_wconf 82' lang='lat' dir='ltr'><strong>guntur</strong></span> <span class='ocrx_word' id='word_1_292' title='bbox 467 2097 523 2150; x_wconf 87' lang='lat' dir='ltr'><strong>in</strong></span> <span class='ocrx_word' id='word_1_293' title='bbox 552 2098 885 2166; x_wconf 80' lang='lat' dir='ltr'><strong>supplicium</strong></span> <span class='ocrx_word' id='word_1_294' title='bbox 916 2099 1311 2156; x_wconf 76' lang='lat' dir='ltr'><strong>damnationis.</strong></span> 
     </span>
    </p>
   </div>
   <div class='ocr_carea' id='block_1_37' title="bbox 292 2186 1822 2252">
    <p class='ocr_par' dir='ltr' id='par_1_37' title="bbox 292 2186 1822 2252">
     <span class='ocr_line' id='line_1_37' title="bbox 292 2186 1822 2252; baseline 0.003 -13"><span class='ocrx_word' id='word_1_295' title='bbox 292 2186 360 2240; x_wconf 83' lang='lat' dir='ltr'><strong>Si</strong></span> <span class='ocrx_word' id='word_1_296' title='bbox 407 2189 532 2252; x_wconf 78' lang='lat' dir='ltr'><strong>quis</strong></span> <span class='ocrx_word' id='word_1_297' title='bbox 583 2202 706 2252; x_wconf 73' lang='lat' dir='ltr'><strong>ergo</strong></span> <span class='ocrx_word' id='word_1_298' title='bbox 746 2203 798 2238; x_wconf 83' lang='lat' dir='ltr'><strong>sc</strong></span> <span class='ocrx_word' id='word_1_299' title='bbox 844 2190 1225 2240; x_wconf 74' lang='lat' dir='ltr'><strong>cnmndarcr-il</strong></span> <span class='ocrx_word' id='word_1_300' title='bbox 1267 2190 1335 2240; x_wconf 83' lang='lat' dir='ltr'><strong>ab</strong></span> <span class='ocrx_word' id='word_1_301' title='bbox 1384 2193 1523 2251; x_wconf 77' lang='lat' dir='ltr'><strong>istis,</strong></span> <span class='ocrx_word' id='word_1_302' title='bbox 1557 2189 1822 2243; x_wconf 82' lang='lat' dir='ltr'><strong>subaudis</strong></span> 
     </span>
    </p>
   </div>
   <div class='ocr_carea' id='block_1_38' title="bbox 1908 1833 3504 1903">
    <p class='ocr_par' dir='ltr' id='par_1_38' title="bbox 1908 1833 3504 1903">
     <span class='ocr_line' id='line_1_38' title="bbox 1908 1833 3504 1903; baseline 0.002 -20"><span class='ocrx_word' id='word_1_303' title='bbox 1908 1838 2116 1894; x_wconf 86' lang='lat' dir='ltr'><strong>rantes,</strong></span> <span class='ocrx_word' id='word_1_304' title='bbox 2155 1833 2380 1885; x_wconf 88' lang='lat' dir='ltr'><strong>modum</strong></span> <span class='ocrx_word' id='word_1_305' title='bbox 2413 1834 2623 1903; x_wconf 81' lang='lat' dir='ltr'><strong>peccati</strong></span> <span class='ocrx_word' id='word_1_306' title='bbox 2657 1835 3136 1894; x_wconf 85' lang='lat' dir='ltr'><strong>transcendentes,</strong></span> <span class='ocrx_word' id='word_1_307' title='bbox 3175 1833 3259 1886; x_wconf 85' lang='lat' dir='ltr'><strong>vel</strong></span> <span class='ocrx_word' id='word_1_308' title='bbox 3288 1834 3504 1886; x_wconf 84' lang='lat' dir='ltr'><strong>interfi-</strong></span> 
     </span>
    </p>
   </div>
   <div class='ocr_carea' id='block_1_39' title="bbox 1907 1921 3503 1988">
    <p class='ocr_par' dir='ltr' id='par_1_39' title="bbox 1907 1921 3503 1988">
     <span class='ocr_line' id='line_1_39' title="bbox 1907 1921 3503 1988; baseline 0.001 -16"><span class='ocrx_word' id='word_1_309' title='bbox 1907 1921 2114 1974; x_wconf 83' lang='lat' dir='ltr'><strong>cientes</strong></span> <span class='ocrx_word' id='word_1_310' title='bbox 2132 1923 2347 1975; x_wconf 87' lang='lat' dir='ltr'><strong>animas</strong></span> <span class='ocrx_word' id='word_1_311' title='bbox 2369 1941 2498 1975; x_wconf 85' lang='lat' dir='ltr'><strong>suas</strong></span> <span class='ocrx_word' id='word_1_312' title='bbox 2515 1931 2569 1975; x_wconf 91' lang='lat' dir='ltr'><strong>et</strong></span> <span class='ocrx_word' id='word_1_313' title='bbox 2591 1923 2828 1988; x_wconf 86' lang='lat' dir='ltr'><strong>alienas;</strong></span> <span class='ocrx_word' id='word_1_314' title='bbox 2863 1927 2980 1974; x_wconf 75' lang='lat' dir='ltr'><strong>sine</strong></span> <span class='ocrx_word' id='word_1_315' title='bbox 3011 1927 3305 1988; x_wconf 75' lang='lat' dir='ltr'><strong>a/[cctionc,</strong></span> <span class='ocrx_word' id='word_1_316' title='bbox 3341 1923 3395 1975; x_wconf 91' lang='lat' dir='ltr'><strong>id</strong></span> <span class='ocrx_word' id='word_1_317' title='bbox 3418 1927 3503 1976; x_wconf 89' lang='lat' dir='ltr'><strong>est</strong></span> 
     </span>
    </p>
   </div>
   <div class='ocr_carea' id='block_1_40' title="bbox 1908 2009 3504 2080">
    <p class='ocr_par' dir='ltr' id='par_1_40' title="bbox 1908 2009 3504 2080">
     <span class='ocr_line' id='line_1_40' title="bbox 1908 2009 3504 2080; baseline 0.002 -20"><span class='ocrx_word' id='word_1_318' title='bbox 1908 2009 2027 2060; x_wconf 85' lang='lat' dir='ltr'><strong>sine</strong></span> <span class='ocrx_word' id='word_1_319' title='bbox 2049 2009 2360 2076; x_wconf 83' lang='lat' dir='ltr'><strong>dilectione,</strong></span> <span class='ocrx_word' id='word_1_320' title='bbox 2382 2028 2491 2063; x_wconf 84' lang='lat' dir='ltr'><strong>non</strong></span> <span class='ocrx_word' id='word_1_321' title='bbox 2516 2013 2918 2080; x_wconf 86' lang='lat' dir='ltr'><strong>cornpatientes</strong></span> <span class='ocrx_word' id='word_1_322' title='bbox 2941 2011 3204 2076; x_wconf 83' lang='lat' dir='ltr'><strong>inﬁrmis;</strong></span> <span class='ocrx_word' id='word_1_323' title='bbox 3234 2014 3504 2063; x_wconf 74' lang='lat' dir='ltr'><strong>criniina-</strong></span> 
     </span>
    </p>
   </div>
   <div class='ocr_carea' id='block_1_41' title="bbox 1911 2100 3503 2164">
    <p class='ocr_par' dir='ltr' id='par_1_41' title="bbox 1911 2100 3503 2164">
     <span class='ocr_line' id='line_1_41' title="bbox 1911 2100 3503 2164; baseline 0.003 -16"><span class='ocrx_word' id='word_1_324' title='bbox 1911 2103 2064 2160; x_wconf 74' lang='lat' dir='ltr'><strong>torcs,</strong></span> <span class='ocrx_word' id='word_1_325' title='bbox 2087 2100 2141 2150; x_wconf 89' lang='lat' dir='ltr'><strong>id</strong></span> <span class='ocrx_word' id='word_1_326' title='bbox 2163 2107 2246 2151; x_wconf 88' lang='lat' dir='ltr'><strong>est</strong></span> <span class='ocrx_word' id='word_1_327' title='bbox 2267 2101 2629 2164; x_wconf 88' lang='lat' dir='ltr'><strong>detractorcs,</strong></span> <span class='ocrx_word' id='word_1_328' title='bbox 2646 2101 2850 2152; x_wconf 77' lang='lat' dir='ltr'><strong>famam</strong></span> <span class='ocrx_word' id='word_1_329' title='bbox 2875 2107 3196 2152; x_wconf 85' lang='lat' dir='ltr'><strong>sanctorum</strong></span> <span class='ocrx_word' id='word_1_330' title='bbox 3220 2101 3503 2153; x_wconf 88' lang='lat' dir='ltr'><strong>maculare</strong></span> 
     </span>
    </p>
   </div>
   <div class='ocr_carea' id='block_1_42' title="bbox 1905 2188 3503 2257">
    <p class='ocr_par' dir='ltr' id='par_1_42' title="bbox 1905 2188 3503 2257">
     <span class='ocr_line' id='line_1_42' title="bbox 1905 2188 3503 2257; baseline 0.001 -18"><span class='ocrx_word' id='word_1_331' title='bbox 1905 2194 2200 2252; x_wconf 82' lang='lat' dir='ltr'><strong>conantes;</strong></span> <span class='ocrx_word' id='word_1_332' title='bbox 2240 2191 2656 2248; x_wconf 71' lang='lat' dir='ltr'><strong>inconlinmlcs,</strong></span> <span class='ocrx_word' id='word_1_333' title='bbox 2685 2189 2738 2240; x_wconf 93' lang='lat' dir='ltr'><strong>id</strong></span> <span class='ocrx_word' id='word_1_334' title='bbox 2763 2195 2848 2240; x_wconf 88' lang='lat' dir='ltr'><strong>est</strong></span> <span class='ocrx_word' id='word_1_335' title='bbox 2872 2188 3206 2257; x_wconf 85' lang='lat' dir='ltr'><strong>cupiditates</strong></span> <span class='ocrx_word' id='word_1_336' title='bbox 3234 2189 3503 2256; x_wconf 74' lang='lat' dir='ltr'><strong>pessimus</strong></span> 
     </span>
    </p>
   </div>
   <div class='ocr_carea' id='block_1_43' title="bbox 220 2274 3507 2345">
    <p class='ocr_par' dir='ltr' id='par_1_43' title="bbox 220 2274 3507 2345">
     <span class='ocr_line' id='line_1_43' title="bbox 220 2274 3507 2345; baseline 0 -18"><span class='ocrx_word' id='word_1_337' title='bbox 220 2274 502 2327; x_wconf 64' lang='lat' dir='ltr'><strong>haereticis</strong></span> <span class='ocrx_word' id='word_1_338' title='bbox 524 2281 581 2327; x_wconf 87' lang='lat' dir='ltr'><strong>et</strong></span> <span class='ocrx_word' id='word_1_339' title='bbox 604 2275 1029 2340; x_wconf 84' lang='lat' dir='ltr'><strong>erroribus,crit</strong></span> <span class='ocrx_word' id='word_1_340' title='bbox 1051 2291 1144 2328; x_wconf 75' lang='lat' dir='ltr'><strong>ras</strong></span> <span class='ocrx_word' id='word_1_341' title='bbox 1166 2280 1224 2328; x_wconf 82' lang='lat' dir='ltr'><strong>in.</strong></span> <span class='ocrx_word' id='word_1_342' title='bbox 1249 2279 1823 2331; x_wconf 61' lang='lat' dir='ltr'><strong>lwno-rmrJuvenilia</strong></span> <span class='ocrx_word' id='word_1_343' title='bbox 1904 2293 2016 2328; x_wconf 90' lang='lat' dir='ltr'><strong>non</strong></span> <span class='ocrx_word' id='word_1_344' title='bbox 2059 2276 2443 2342; x_wconf 86' lang='lat' dir='ltr'><strong>refrenantes;</strong></span> <span class='ocrx_word' id='word_1_345' title='bbox 2481 2280 2744 2336; x_wconf 83' lang='lat' dir='ltr'><strong>immites,</strong></span> <span class='ocrx_word' id='word_1_346' title='bbox 2781 2275 2832 2328; x_wconf 91' lang='lat' dir='ltr'><strong>id</strong></span> <span class='ocrx_word' id='word_1_347' title='bbox 2876 2283 2959 2328; x_wconf 89' lang='lat' dir='ltr'><strong>est</strong></span> <span class='ocrx_word' id='word_1_348' title='bbox 3007 2277 3153 2340; x_wconf 72' lang='lat' dir='ltr'><strong>szevi,</strong></span> <span class='ocrx_word' id='word_1_349' title='bbox 3187 2276 3312 2328; x_wconf 88' lang='lat' dir='ltr'><strong>lites</strong></span> <span class='ocrx_word' id='word_1_350' title='bbox 3342 2292 3507 2345; x_wconf 88' lang='lat' dir='ltr'><strong>gene-</strong></span> 
     </span>
    </p>
   </div>
   <div class='ocr_carea' id='block_1_44' title="bbox 219 2363 1818 2432">
    <p class='ocr_par' dir='ltr' id='par_1_44' title="bbox 219 2363 1818 2432">
     <span class='ocr_line' id='line_1_44' title="bbox 219 2363 1818 2432; baseline 0.003 -16"><span class='ocrx_word' id='word_1_351' title='bbox 219 2369 412 2417; x_wconf 85' lang='lat' dir='ltr'><strong>autem</strong></span> <span class='ocrx_word' id='word_1_352' title='bbox 441 2363 736 2420; x_wconf 85' lang='lat' dir='ltr'><strong>desideria,</strong></span> <span class='ocrx_word' id='word_1_353' title='bbox 775 2364 830 2416; x_wconf 89' lang='lat' dir='ltr'><strong>id</strong></span> <span class='ocrx_word' id='word_1_354' title='bbox 859 2371 941 2417; x_wconf 89' lang='lat' dir='ltr'><strong>est</strong></span> <span class='ocrx_word' id='word_1_355' title='bbox 988 2366 1348 2428; x_wconf 84' lang='lat' dir='ltr'><strong>adulterium,</strong></span> <span class='ocrx_word' id='word_1_356' title='bbox 1382 2366 1818 2432; x_wconf 87' lang='lat' dir='ltr'><strong>immunditiam,</strong></span> 
     </span>
    </p>
   </div>
   <div class='ocr_carea' id='block_1_45' title="bbox 217 2451 1824 2524">
    <p class='ocr_par' dir='ltr' id='par_1_45' title="bbox 217 2451 1824 2524">
     <span class='ocr_line' id='line_1_45' title="bbox 217 2451 1824 2524; baseline 0.005 -22"><span class='ocrx_word' id='word_1_357' title='bbox 217 2451 523 2519; x_wconf 83' lang='lat' dir='ltr'><strong>luxuriam,</strong></span> <span class='ocrx_word' id='word_1_358' title='bbox 557 2452 787 2514; x_wconf 84' lang='lat' dir='ltr'><strong>furtum,</strong></span> <span class='ocrx_word' id='word_1_359' title='bbox 821 2455 1092 2523; x_wconf 88' lang='lat' dir='ltr'><strong>rapinam,</strong></span> <span class='ocrx_word' id='word_1_360' title='bbox 1128 2457 1494 2515; x_wconf 83' lang='lat' dir='ltr'><strong>venationem,</strong></span> <span class='ocrx_word' id='word_1_361' title='bbox 1533 2454 1824 2524; x_wconf 84' lang='lat' dir='ltr'><strong>vagabun-</strong></span> 
     </span>
    </p>
   </div>
   <div class='ocr_carea' id='block_1_46' title="bbox 221 2539 1821 2613">
    <p class='ocr_par' dir='ltr' id='par_1_46' title="bbox 221 2539 1821 2613">
     <span class='ocr_line' id='line_1_46' title="bbox 221 2539 1821 2613; baseline 0.003 -22"><span class='ocrx_word' id='word_1_362' title='bbox 221 2539 482 2599; x_wconf 84' lang='lat' dir='ltr'><strong>ditatem,</strong></span> <span class='ocrx_word' id='word_1_363' title='bbox 517 2557 849 2612; x_wconf 84' lang='lat' dir='ltr'><strong>omnemque</strong></span> <span class='ocrx_word' id='word_1_364' title='bbox 891 2543 1190 2602; x_wconf 74' lang='lat' dir='ltr'><strong>lasciviam,</strong></span> <span class='ocrx_word' id='word_1_365' title='bbox 1221 2544 1406 2596; x_wconf 85' lang='lat' dir='ltr'><strong>devita</strong></span> <span class='ocrx_word' id='word_1_366' title='bbox 1436 2550 1491 2596; x_wconf 87' lang='lat' dir='ltr'><strong>et</strong></span> <span class='ocrx_word' id='word_1_367' title='bbox 1519 2544 1667 2613; x_wconf 83' lang='lat' dir='ltr'><strong>fuge.</strong></span> <span class='ocrx_word' id='word_1_368' title='bbox 1701 2547 1821 2599; x_wconf 71' lang='lat' dir='ltr'><strong>Sec-</strong></span> 
     </span>
    </p>
   </div>
   <div class='ocr_carea' id='block_1_47' title="bbox 222 2629 1823 2700">
    <p class='ocr_par' dir='ltr' id='par_1_47' title="bbox 222 2629 1823 2700">
     <span class='ocr_line' id='line_1_47' title="bbox 222 2629 1823 2700; baseline 0.005 -21"><span class='ocrx_word' id='word_1_369' title='bbox 222 2633 363 2690; x_wconf 73' lang='lat' dir='ltr'><strong>tarc,</strong></span> <span class='ocrx_word' id='word_1_370' title='bbox 389 2629 445 2681; x_wconf 87' lang='lat' dir='ltr'><strong>id</strong></span> <span class='ocrx_word' id='word_1_371' title='bbox 474 2636 560 2682; x_wconf 84' lang='lat' dir='ltr'><strong>est</strong></span> <span class='ocrx_word' id='word_1_372' title='bbox 585 2632 924 2700; x_wconf 76' lang='lat' dir='ltr'><strong>amplectere</strong></span> <span class='ocrx_word' id='word_1_373' title='bbox 948 2631 1250 2700; x_wconf 85' lang='lat' dir='ltr'><strong>justitiam,</strong></span> <span class='ocrx_word' id='word_1_374' title='bbox 1279 2640 1340 2685; x_wconf 89' lang='lat' dir='ltr'><strong>ut</strong></span> <span class='ocrx_word' id='word_1_375' title='bbox 1371 2641 1518 2687; x_wconf 80' lang='lat' dir='ltr'><strong>recte.</strong></span> <span class='ocrx_word' id='word_1_376' title='bbox 1543 2634 1690 2686; x_wconf 87' lang='lat' dir='ltr'><strong>vivas</strong></span> <span class='ocrx_word' id='word_1_377' title='bbox 1717 2653 1725 2685; x_wconf 94' lang='lat'><strong>:</strong></span> <span class='ocrx_word' id='word_1_378' title='bbox 1759 2651 1823 2687; x_wconf 87' lang='lat' dir='ltr'><strong>ac</strong></span> 
     </span>
    </p>
   </div>
   <div class='ocr_carea' id='block_1_48' title="bbox 217 2717 1823 2788">
    <p class='ocr_par' dir='ltr' id='par_1_48' title="bbox 217 2717 1823 2788">
     <span class='ocr_line' id='line_1_48' title="bbox 217 2717 1823 2788; baseline 0.004 -18"><span class='ocrx_word' id='word_1_379' title='bbox 217 2717 262 2770; x_wconf 87' lang='lat' dir='ltr'><strong>si</strong></span> <span class='ocrx_word' id='word_1_380' title='bbox 283 2718 499 2771; x_wconf 87' lang='lat' dir='ltr'><strong>diceret</strong></span> <span class='ocrx_word' id='word_1_381' title='bbox 527 2742 537 2774; x_wconf 96' lang='lat'>:</span> <span class='ocrx_word' id='word_1_382' title='bbox 563 2720 625 2771; x_wconf 81' lang='lat' dir='ltr'><strong>In</strong></span> <span class='ocrx_word' id='word_1_383' title='bbox 646 2719 830 2771; x_wconf 89' lang='lat' dir='ltr'><strong>locum</strong></span> <span class='ocrx_word' id='word_1_384' title='bbox 851 2721 1183 2788; x_wconf 82' lang='lat' dir='ltr'><strong>juvenilium</strong></span> <span class='ocrx_word' id='word_1_385' title='bbox 1205 2722 1612 2777; x_wconf 79' lang='lat' dir='ltr'><strong>desideriorum</strong></span> <span class='ocrx_word' id='word_1_386' title='bbox 1639 2724 1823 2777; x_wconf 78' lang='lat' dir='ltr'><strong>insere</strong></span> 
     </span>
    </p>
   </div>
   <div class='ocr_carea' id='block_1_49' title="bbox 218 2805 647 2860">
    <p class='ocr_par' dir='ltr' id='par_1_49' title="bbox 218 2805 647 2860">
     <span class='ocr_line' id='line_1_49' title="bbox 218 2805 647 2860; baseline 0.005 -4"><span class='ocrx_word' id='word_1_387' title='bbox 218 2805 361 2858; x_wconf 88' lang='lat' dir='ltr'><strong>istas</strong></span> <span class='ocrx_word' id='word_1_388' title='bbox 395 2807 647 2860; x_wconf 83' lang='lat' dir='ltr'><strong>virtutes.</strong></span> 
     </span>
    </p>
   </div>
   <div class='ocr_carea' id='block_1_50' title="bbox 289 2894 1823 2965">
    <p class='ocr_par' dir='ltr' id='par_1_50' title="bbox 289 2894 1823 2965">
     <span class='ocr_line' id='line_1_50' title="bbox 289 2894 1823 2965; baseline 0.005 -17"><span class='ocrx_word' id='word_1_389' title='bbox 289 2894 509 2948; x_wconf 77' lang='lat' dir='ltr'><strong>Stultos</strong></span> <span class='ocrx_word' id='word_1_390' title='bbox 529 2901 712 2948; x_wconf 76' lang='lat' dir='ltr'><strong>autem</strong></span> <span class='ocrx_word' id='word_1_391' title='bbox 734 2900 1049 2962; x_wconf 60' lang='lat' dir='ltr'><strong>quastione:</strong></span> <span class='ocrx_word' id='word_1_392' title='bbox 1070 2898 1411 2965; x_wconf 66' lang='lat' dir='ltr'><strong>Judaeorum,</strong></span> <span class='ocrx_word' id='word_1_393' title='bbox 1433 2900 1823 2956; x_wconf 70' lang='lat' dir='ltr'><strong>haereticorum</strong></span> 
     </span>
    </p>
   </div>
   <div class='ocr_carea' id='block_1_51' title="bbox 1905 2626 3072 2679">
    <p class='ocr_par' dir='ltr' id='par_1_51' title="bbox 1905 2626 3072 2679">
     <span class='ocr_line' id='line_1_51' title="bbox 1905 2626 3072 2679; baseline -0.001 0"><span class='ocrx_word' id='word_1_394' title='bbox 1905 2626 2145 2679; x_wconf 87' lang='lat' dir='ltr'><strong>inimicis</strong></span> <span class='ocrx_word' id='word_1_395' title='bbox 2177 2627 2487 2679; x_wconf 88' lang='lat' dir='ltr'><strong>indicantes</strong></span> <span class='ocrx_word' id='word_1_396' title='bbox 2521 2633 2576 2678; x_wconf 91' lang='lat' dir='ltr'><strong>et</strong></span> <span class='ocrx_word' id='word_1_397' title='bbox 2607 2626 3028 2678; x_wconf 85' lang='lat' dir='ltr'><strong>manifestantes</strong></span> <span class='ocrx_word' id='word_1_398' title='bbox 3062 2646 3072 2678; x_wconf 87' lang='lat'><strong>:</strong></span> 
     </span>
    </p>
   </div>
   <div class='ocr_carea' id='block_1_52' title="bbox 1905 2363 3501 2431">
    <p class='ocr_par' dir='ltr' id='par_1_52' title="bbox 1905 2363 3501 2431">
     <span class='ocr_line' id='line_1_52' title="bbox 1905 2363 3501 2431; baseline 0 -16"><span class='ocrx_word' id='word_1_399' title='bbox 1905 2371 2127 2430; x_wconf 83' lang='lat' dir='ltr'><strong>rantes;</strong></span> <span class='ocrx_word' id='word_1_400' title='bbox 2179 2368 2294 2416; x_wconf 71' lang='lat' dir='ltr'><strong>sine</strong></span> <span class='ocrx_word' id='word_1_401' title='bbox 2339 2366 2692 2431; x_wconf 75' lang='lat' dir='ltr'><strong>bem‘gnitalc,</strong></span> <span class='ocrx_word' id='word_1_402' title='bbox 2735 2363 2790 2416; x_wconf 90' lang='lat' dir='ltr'><strong>id</strong></span> <span class='ocrx_word' id='word_1_403' title='bbox 2835 2371 2920 2416; x_wconf 81' lang='lat' dir='ltr'><strong>est</strong></span> <span class='ocrx_word' id='word_1_404' title='bbox 2949 2365 3068 2417; x_wconf 88' lang='lat' dir='ltr'><strong>sine</strong></span> <span class='ocrx_word' id='word_1_405' title='bbox 3097 2363 3501 2425; x_wconf 80' lang='lat' dir='ltr'><strong>benevolentia,</strong></span> 
     </span>
    </p>
   </div>
   <div class='ocr_carea' id='block_1_53' title="bbox 1906 2451 3501 2522">
    <p class='ocr_par' dir='ltr' id='par_1_53' title="bbox 1906 2451 3501 2522">
     <span class='ocr_line' id='line_1_53' title="bbox 1906 2451 3501 2522; baseline 0 -18"><span class='ocrx_word' id='word_1_406' title='bbox 1906 2454 2216 2505; x_wconf 85' lang='lat' dir='ltr'><strong>nescientes</strong></span> <span class='ocrx_word' id='word_1_407' title='bbox 2233 2470 2411 2522; x_wconf 84' lang='lat' dir='ltr'><strong>neque</strong></span> <span class='ocrx_word' id='word_1_408' title='bbox 2431 2453 2673 2504; x_wconf 82' lang='lat' dir='ltr'><strong>volentes</strong></span> <span class='ocrx_word' id='word_1_409' title='bbox 2691 2451 2983 2505; x_wconf 86' lang='lat' dir='ltr'><strong>subvenire</strong></span> <span class='ocrx_word' id='word_1_410' title='bbox 3000 2453 3148 2518; x_wconf 85' lang='lat' dir='ltr'><strong>aliis;</strong></span> <span class='ocrx_word' id='word_1_411' title='bbox 3176 2454 3501 2520; x_wconf 82' lang='lat' dir='ltr'><strong>proditores,</strong></span> 
     </span>
    </p>
   </div>
   <div class='ocr_carea' id='block_1_54' title="bbox 1907 2539 3500 2608">
    <p class='ocr_par' dir='ltr' id='par_1_54' title="bbox 1907 2539 3500 2608">
     <span class='ocr_line' id='line_1_54' title="bbox 1907 2539 3500 2608; baseline 0.001 -16"><span class='ocrx_word' id='word_1_412' title='bbox 1907 2541 1961 2592; x_wconf 88' lang='lat' dir='ltr'><strong>id</strong></span> <span class='ocrx_word' id='word_1_413' title='bbox 1982 2547 2067 2592; x_wconf 84' lang='lat' dir='ltr'><strong>est</strong></span> <span class='ocrx_word' id='word_1_414' title='bbox 2085 2545 2224 2592; x_wconf 84' lang='lat' dir='ltr'><strong>tacta</strong></span> <span class='ocrx_word' id='word_1_415' title='bbox 2247 2540 2518 2592; x_wconf 88' lang='lat' dir='ltr'><strong>bonorum</strong></span> <span class='ocrx_word' id='word_1_416' title='bbox 2535 2539 2843 2598; x_wconf 89' lang='lat' dir='ltr'><strong>hominum,</strong></span> <span class='ocrx_word' id='word_1_417' title='bbox 2861 2556 2981 2608; x_wconf 73' lang='lat' dir='ltr'><strong>qtae</strong></span> <span class='ocrx_word' id='word_1_418' title='bbox 3001 2539 3329 2592; x_wconf 89' lang='lat' dir='ltr'><strong>occultanda</strong></span> <span class='ocrx_word' id='word_1_419' title='bbox 3349 2547 3500 2606; x_wconf 89' lang='lat' dir='ltr'><strong>sunt,</strong></span> 
     </span>
    </p>
   </div>
   <div class='ocr_carea' id='block_1_55' title="bbox 3112 2627 3507 2696">
    <p class='ocr_par' dir='ltr' id='par_1_55' title="bbox 3112 2627 3507 2696">
     <span class='ocr_line' id='line_1_55' title="bbox 3112 2627 3507 2696; baseline 0.005 -19"><span class='ocrx_word' id='word_1_420' title='bbox 3112 2627 3236 2696; x_wconf 88' lang='lat' dir='ltr'><strong>quia</strong></span> <span class='ocrx_word' id='word_1_421' title='bbox 3271 2643 3380 2679; x_wconf 89' lang='lat' dir='ltr'><strong>non</strong></span> <span class='ocrx_word' id='word_1_422' title='bbox 3421 2633 3507 2680; x_wconf 86' lang='lat' dir='ltr'><strong>est</strong></span> 
     </span>
    </p>
   </div>
   <div class='ocr_carea' id='block_1_56' title="bbox 1907 2715 3502 2786">
    <p class='ocr_par' dir='ltr' id='par_1_56' title="bbox 1907 2715 3502 2786">
     <span class='ocr_line' id='line_1_56' title="bbox 1907 2715 3502 2786; baseline 0.001 -18"><span class='ocrx_word' id='word_1_423' title='bbox 1907 2716 2073 2768; x_wconf 91' lang='lat' dir='ltr'><strong>homo</strong></span> <span class='ocrx_word' id='word_1_424' title='bbox 2105 2716 2196 2786; x_wconf 91' lang='lat' dir='ltr'><strong>qui</strong></span> <span class='ocrx_word' id='word_1_425' title='bbox 2228 2715 2394 2768; x_wconf 82' lang='lat' dir='ltr'><strong>faciat</strong></span> <span class='ocrx_word' id='word_1_426' title='bbox 2424 2715 2630 2767; x_wconf 90' lang='lat' dir='ltr'><strong>bonum</strong></span> <span class='ocrx_word' id='word_1_427' title='bbox 2665 2723 2719 2767; x_wconf 87' lang='lat' dir='ltr'><strong>et</strong></span> <span class='ocrx_word' id='word_1_428' title='bbox 2749 2731 2861 2767; x_wconf 88' lang='lat' dir='ltr'><strong>non</strong></span> <span class='ocrx_word' id='word_1_429' title='bbox 2897 2719 3086 2783; x_wconf 88' lang='lat' dir='ltr'><strong>peccet</strong></span> <span class='ocrx_word' id='word_1_430' title='bbox 3111 2734 3122 2780; x_wconf 83' lang='grc'>;</span> <span class='ocrx_word' id='word_1_431' title='bbox 3147 2719 3410 2783; x_wconf 65' lang='lat' dir='ltr'><strong>protervi,</strong></span> <span class='ocrx_word' id='word_1_432' title='bbox 3445 2716 3502 2770; x_wconf 87' lang='lat' dir='ltr'><strong>id</strong></span> 
     </span>
    </p>
   </div>
   <div class='ocr_carea' id='block_1_57' title="bbox 1909 2803 3508 2872">
    <p class='ocr_par' dir='ltr' id='par_1_57' title="bbox 1909 2803 3508 2872">
     <span class='ocr_line' id='line_1_57' title="bbox 1909 2803 3508 2872; baseline 0.001 -16"><span class='ocrx_word' id='word_1_433' title='bbox 1909 2811 1992 2856; x_wconf 88' lang='lat' dir='ltr'><strong>est</strong></span> <span class='ocrx_word' id='word_1_434' title='bbox 2022 2821 2298 2872; x_wconf 82' lang='lat' dir='ltr'><strong>procaces,</strong></span> <span class='ocrx_word' id='word_1_435' title='bbox 2343 2803 2732 2854; x_wconf 78' lang='lat' dir='ltr'><strong>verecundiam</strong></span> <span class='ocrx_word' id='word_1_436' title='bbox 2778 2804 3086 2854; x_wconf 88' lang='lat' dir='ltr'><strong>humanam</strong></span> <span class='ocrx_word' id='word_1_437' title='bbox 3134 2803 3508 2857; x_wconf 79' lang='lat' dir='ltr'><strong>inverecunda</strong></span> 
     </span>
    </p>
   </div>
   <div class='ocr_carea' id='block_1_58' title="bbox 1909 2890 3506 2960">
    <p class='ocr_par' dir='ltr' id='par_1_58' title="bbox 1909 2890 3506 2960">
     <span class='ocr_line' id='line_1_58' title="bbox 1909 2890 3506 2960; baseline 0 -16"><span class='ocrx_word' id='word_1_438' title='bbox 1909 2892 2312 2960; x_wconf 81' lang='lat' dir='ltr'><strong>excogitatione</strong></span> <span class='ocrx_word' id='word_1_439' title='bbox 2361 2890 2789 2960; x_wconf 84' lang='lat' dir='ltr'><strong>perturbantes:</strong></span> <span class='ocrx_word' id='word_1_440' title='bbox 2841 2895 3185 2958; x_wconf 76' lang='lat' dir='ltr'><strong>roluplatum</strong></span> <span class='ocrx_word' id='word_1_441' title='bbox 3234 2898 3506 2945; x_wconf 77' lang='lat' dir='ltr'><strong>amatores</strong></span> 
     </span>
    </p>
   </div>
   <div class='ocr_carea' id='block_1_59' title="bbox 222 2978 3506 3069">
    <p class='ocr_par' dir='ltr' id='par_1_59' title="bbox 222 2978 3506 3069">
     <span class='ocr_line' id='line_1_59' title="bbox 222 2978 3506 3069; baseline 0.004 -34"><span class='ocrx_word' id='word_1_442' title='bbox 222 2988 399 3053; x_wconf 85' lang='lat' dir='ltr'><strong>atque</strong></span> <span class='ocrx_word' id='word_1_443' title='bbox 427 2984 742 3051; x_wconf 84' lang='lat' dir='ltr'><strong>gentilium,</strong></span> <span class='ocrx_word' id='word_1_444' title='bbox 775 2990 823 3036; x_wconf 71' lang='lat' dir='ltr'><strong>et</strong></span> <span class='ocrx_word' id='word_1_445' title='bbox 853 3002 974 3053; x_wconf 69' lang='lat' dir='ltr'><strong>quae</strong></span> <span class='ocrx_word' id='word_1_446' title='bbox 1007 2991 1138 3038; x_wconf 89' lang='lat' dir='ltr'><strong>sunt</strong></span> <span class='ocrx_word' id='word_1_447' title='bbox 1166 2991 1281 3038; x_wconf 81' lang='lat' dir='ltr'><strong>sine</strong></span> <span class='ocrx_word' id='word_1_448' title='bbox 1312 2989 1627 3053; x_wconf 77' lang='lat' dir='ltr'><strong>disciplina,</strong></span> <span class='ocrx_word' id='word_1_449' title='bbox 1658 2990 1712 3044; x_wconf 87' lang='lat' dir='ltr'><strong>id</strong></span> <span class='ocrx_word' id='word_1_450' title='bbox 1741 2995 1885 3069; x_wconf 79' lang='lat' dir='ltr'><strong>estC</strong></span> <span class='ocrx_word' id='word_1_451' title='bbox 1910 2983 2086 3045; x_wconf 52' lang='lat' dir='ltr'><strong>malli-3&#39;</strong></span> <span class='ocrx_word' id='word_1_452' title='bbox 2117 2996 2282 3046; x_wconf 71' lang='grc' dir='ltr'><strong>(Ιυανη</strong></span> <span class='ocrx_word' id='word_1_453' title='bbox 2321 2981 2434 3041; x_wconf 65' lang='grc' dir='ltr'><strong>Ῐλθίν</strong></span> <span class='ocrx_word' id='word_1_454' title='bbox 2460 2978 2511 3030; x_wconf 71' lang='lat' dir='ltr'><strong>id</strong></span> <span class='ocrx_word' id='word_1_455' title='bbox 2547 2984 2628 3031; x_wconf 60' lang='lat' dir='ltr'><strong>“St</strong></span> <span class='ocrx_word' id='word_1_456' title='bbox 2665 2978 3008 3048; x_wconf 59' lang='lat' dir='ltr'><strong>spiritalibus</strong></span> <span class='ocrx_word' id='word_1_457' title='bbox 3032 2979 3255 3049; x_wconf 65' lang='lat' dir='ltr'><strong>gandiis</strong></span> <span class='ocrx_word' id='word_1_458' title='bbox 3285 2979 3506 3033; x_wconf 46' lang='lat' dir='ltr'><strong>laetitias</strong></span> 
     </span>
    </p>
   </div>
   <div class='ocr_carea' id='block_1_60' title="bbox 223 3072 1828 3142">
    <p class='ocr_par' dir='ltr' id='par_1_60' title="bbox 223 3072 1828 3142">
     <span class='ocr_line' id='line_1_60' title="bbox 223 3072 1828 3142; baseline 0.004 -19"><span class='ocrx_word' id='word_1_459' title='bbox 223 3073 346 3125; x_wconf 90' lang='lat' dir='ltr'><strong>sine</strong></span> <span class='ocrx_word' id='word_1_460' title='bbox 371 3072 558 3140; x_wconf 88' lang='lat' dir='ltr'><strong>aliqua</strong></span> <span class='ocrx_word' id='word_1_461' title='bbox 590 3073 849 3134; x_wconf 83' lang='lat' dir='ltr'><strong>utilitate,</strong></span> <span class='ocrx_word' id='word_1_462' title='bbox 875 3075 1074 3139; x_wconf 78' lang='lat' dir='ltr'><strong>devita,</strong></span> <span class='ocrx_word' id='word_1_463' title='bbox 1098 3078 1231 3142; x_wconf 83' lang='lat' dir='ltr'><strong>quia</strong></span> <span class='ocrx_word' id='word_1_464' title='bbox 1247 3081 1513 3142; x_wconf 72' lang='lat' dir='ltr'><strong>generant</strong></span> <span class='ocrx_word' id='word_1_465' title='bbox 1538 3079 1674 3140; x_wconf 80' lang='lat' dir='ltr'><strong>lites,</strong></span> <span class='ocrx_word' id='word_1_466' title='bbox 1701 3078 1828 3130; x_wconf 89' lang='lat' dir='ltr'><strong>lites</strong></span> 
     </span>
    </p>
   </div>
   <div class='ocr_carea' id='block_1_61' title="bbox 221 3157 890 3228">
    <p class='ocr_par' dir='ltr' id='par_1_61' title="bbox 221 3157 890 3228">
     <span class='ocr_line' id='line_1_61' title="bbox 221 3157 890 3228; baseline 0.004 -19"><span class='ocrx_word' id='word_1_467' title='bbox 221 3176 356 3212; x_wconf 84' lang='lat' dir='ltr'><strong>vero</strong></span> <span class='ocrx_word' id='word_1_468' title='bbox 380 3165 658 3228; x_wconf 83' lang='lat' dir='ltr'><strong>generant</strong></span> <span class='ocrx_word' id='word_1_469' title='bbox 678 3157 890 3212; x_wconf 89' lang='lat' dir='ltr'><strong>odium.</strong></span> 
     </span>
    </p>
   </div>
   <div class='ocr_carea' id='block_1_62' title="bbox 294 3249 1819 3318">
    <p class='ocr_par' dir='ltr' id='par_1_62' title="bbox 294 3249 1819 3318">
     <span class='ocr_line' id='line_1_62' title="bbox 294 3249 1819 3318; baseline 0.005 -18"><span class='ocrx_word' id='word_1_470' title='bbox 294 3249 535 3302; x_wconf 72' lang='lat' dir='ltr'><strong>Servum</strong></span> <span class='ocrx_word' id='word_1_471' title='bbox 581 3255 765 3301; x_wconf 74' lang='lat' dir='ltr'><strong>autem</strong></span> <span class='ocrx_word' id='word_1_472' title='bbox 823 3252 1045 3302; x_wconf 81' lang='lat' dir='ltr'><strong>Domini</strong></span> <span class='ocrx_word' id='word_1_473' title='bbox 1089 3258 1291 3318; x_wconf 70' lang='lat' dir='ltr'><strong>oportet</strong></span> <span class='ocrx_word' id='word_1_474' title='bbox 1348 3254 1630 3306; x_wconf 74' lang='lat' dir='ltr'><strong>docibilem</strong></span> <span class='ocrx_word' id='word_1_475' title='bbox 1687 3271 1819 3308; x_wconf 84' lang='lat' dir='ltr'><strong>csse.</strong></span> 
     </span>
    </p>
   </div>
   <div class='ocr_carea' id='block_1_63' title="bbox 225 3327 1827 3411">
    <p class='ocr_par' dir='ltr' id='par_1_63' title="bbox 225 3327 1827 3411">
     <span class='ocr_line' id='line_1_63' title="bbox 225 3327 1827 3411; baseline 0.003 -21"><span class='ocrx_word' id='word_1_476' title='bbox 225 3337 517 3401; x_wconf 86' lang='lat' dir='ltr'><strong>Quantum</strong></span> <span class='ocrx_word' id='word_1_477' title='bbox 549 3338 616 3390; x_wconf 89' lang='lat' dir='ltr'><strong>ad</strong></span> <span class='ocrx_word' id='word_1_478' title='bbox 648 3339 1050 3407; x_wconf 88' lang='lat' dir='ltr'><strong>proprietatem</strong></span> <span class='ocrx_word' id='word_1_479' title='bbox 1085 3341 1378 3394; x_wconf 81' lang='lat' dir='ltr'><strong>verborum</strong></span> <span class='ocrx_word' id='word_1_480' title='bbox 1430 3327 1692 3411; x_wconf 80' lang='lat' dir='ltr'><strong>pertinet,</strong></span> <span class='ocrx_word' id='word_1_481' title='bbox 1725 3344 1827 3396; x_wconf 92' lang='lat' dir='ltr'><strong>hoc</strong></span> 
     </span>
    </p>
   </div>
   <div class='ocr_carea' id='block_1_64' title="bbox 227 3425 1827 3498">
    <p class='ocr_par' dir='ltr' id='par_1_64' title="bbox 227 3425 1827 3498">
     <span class='ocr_line' id='line_1_64' title="bbox 227 3425 1827 3498; baseline 0.004 -20"><span class='ocrx_word' id='word_1_482' title='bbox 227 3425 406 3478; x_wconf 83' lang='lat' dir='ltr'><strong>distat</strong></span> <span class='ocrx_word' id='word_1_483' title='bbox 453 3425 600 3478; x_wconf 87' lang='lat' dir='ltr'><strong>inter</strong></span> <span class='ocrx_word' id='word_1_484' title='bbox 642 3425 874 3480; x_wconf 88' lang='lat' dir='ltr'><strong>docilem</strong></span> <span class='ocrx_word' id='word_1_485' title='bbox 915 3433 971 3479; x_wconf 87' lang='lat' dir='ltr'><strong>et</strong></span> <span class='ocrx_word' id='word_1_486' title='bbox 1001 3428 1313 3492; x_wconf 80' lang='lat' dir='ltr'><strong>docibilem,</strong></span> <span class='ocrx_word' id='word_1_487' title='bbox 1358 3435 1486 3498; x_wconf 89' lang='lat' dir='ltr'><strong>quia</strong></span> <span class='ocrx_word' id='word_1_488' title='bbox 1520 3431 1713 3483; x_wconf 85' lang='lat' dir='ltr'><strong>docilis</strong></span> <span class='ocrx_word' id='word_1_489' title='bbox 1743 3437 1827 3484; x_wconf 88' lang='lat' dir='ltr'><strong>est</strong></span> 
     </span>
    </p>
   </div>
   <div class='ocr_carea' id='block_1_65' title="bbox 227 3514 1828 3589">
    <p class='ocr_par' dir='ltr' id='par_1_65' title="bbox 227 3514 1828 3589">
     <span class='ocr_line' id='line_1_65' title="bbox 227 3514 1828 3589; baseline 0.005 -24"><span class='ocrx_word' id='word_1_490' title='bbox 227 3514 320 3584; x_wconf 85' lang='lat' dir='ltr'><strong>qui</strong></span> <span class='ocrx_word' id='word_1_491' title='bbox 354 3514 501 3566; x_wconf 86' lang='lat' dir='ltr'><strong>alios</strong></span> <span class='ocrx_word' id='word_1_492' title='bbox 531 3521 710 3584; x_wconf 82' lang='lat' dir='ltr'><strong>potest</strong></span> <span class='ocrx_word' id='word_1_493' title='bbox 740 3515 939 3569; x_wconf 88' lang='lat' dir='ltr'><strong>docere</strong></span> <span class='ocrx_word' id='word_1_494' title='bbox 974 3535 984 3568; x_wconf 91' lang='lat'>:</span> <span class='ocrx_word' id='word_1_495' title='bbox 1019 3517 1271 3569; x_wconf 89' lang='lat' dir='ltr'><strong>docibilis</strong></span> <span class='ocrx_word' id='word_1_496' title='bbox 1301 3519 1397 3587; x_wconf 88' lang='lat' dir='ltr'><strong>qui</strong></span> <span class='ocrx_word' id='word_1_497' title='bbox 1446 3519 1601 3571; x_wconf 84' lang='lat' dir='ltr'><strong>facile</strong></span> <span class='ocrx_word' id='word_1_498' title='bbox 1644 3526 1828 3589; x_wconf 86' lang='lat' dir='ltr'><strong>potest</strong></span> 
     </span>
    </p>
   </div>
   <div class='ocr_carea' id='block_1_66' title="bbox 226 3599 1826 3668">
    <p class='ocr_par' dir='ltr' id='par_1_66' title="bbox 226 3599 1826 3668">
     <span class='ocr_line' id='line_1_66' title="bbox 226 3599 1826 3668; baseline 0.004 -14"><span class='ocrx_word' id='word_1_499' title='bbox 226 3599 455 3668; x_wconf 82' lang='lat' dir='ltr'><strong>doceri;</strong></span> <span class='ocrx_word' id='word_1_500' title='bbox 503 3603 648 3655; x_wconf 87' lang='lat' dir='ltr'><strong>unde</strong></span> <span class='ocrx_word' id='word_1_501' title='bbox 679 3605 885 3657; x_wconf 87' lang='lat' dir='ltr'><strong>dicitur</strong></span> <span class='ocrx_word' id='word_1_502' title='bbox 918 3624 927 3657; x_wconf 87' lang='lat'>:</span> <span class='ocrx_word' id='word_1_503' title='bbox 965 3606 1143 3657; x_wconf 84' lang='lat' dir='ltr'><strong>Erunt</strong></span> <span class='ocrx_word' id='word_1_504' title='bbox 1197 3623 1380 3657; x_wconf 63' lang='lat' dir='ltr'><strong>mnnrs</strong></span> <span class='ocrx_word' id='word_1_505' title='bbox 1422 3609 1673 3659; x_wconf 76' lang='lat' dir='ltr'><strong>docibilcs</strong></span> <span class='ocrx_word' id='word_1_506' title='bbox 1725 3611 1826 3660; x_wconf 78' lang='lat' dir='ltr'><strong>Dco</strong></span> 
     </span>
    </p>
   </div>
   <div class='ocr_carea' id='block_1_67' title="bbox 229 3689 1832 3764">
    <p class='ocr_par' dir='ltr' id='par_1_67' title="bbox 229 3689 1832 3764">
     <span class='ocr_line' id='line_1_67' title="bbox 229 3689 1832 3764; baseline 0.002 -20"><span class='ocrx_word' id='word_1_507' title='bbox 229 3692 419 3759; x_wconf 86' lang='lat' dir='ltr'><strong>(Joan.</strong></span> <span class='ocrx_word' id='word_1_508' title='bbox 443 3699 535 3750; x_wconf 70' lang='grc' dir='ltr'><strong>γη,</strong></span> <span class='ocrx_word' id='word_1_509' title='bbox 562 3692 613 3743; x_wconf 90' lang='lat' dir='ltr'><strong>id</strong></span> <span class='ocrx_word' id='word_1_510' title='bbox 647 3698 730 3744; x_wconf 85' lang='lat' dir='ltr'><strong>est</strong></span> <span class='ocrx_word' id='word_1_511' title='bbox 757 3694 914 3744; x_wconf 85' lang='lat' dir='ltr'><strong>facile</strong></span> <span class='ocrx_word' id='word_1_512' title='bbox 947 3689 1294 3746; x_wconf 87' lang='lat' dir='ltr'><strong>docebuntur</strong></span> <span class='ocrx_word' id='word_1_513' title='bbox 1318 3712 1350 3746; x_wconf 88' lang='lat' dir='ltr'><strong>a</strong></span> <span class='ocrx_word' id='word_1_514' title='bbox 1377 3697 1510 3748; x_wconf 88' lang='lat' dir='ltr'><strong>Deo.</strong></span> <span class='ocrx_word' id='word_1_515' title='bbox 1542 3696 1644 3749; x_wconf 85' lang='lat' dir='ltr'><strong>Sed</strong></span> <span class='ocrx_word' id='word_1_516' title='bbox 1684 3700 1832 3764; x_wconf 81' lang='lat' dir='ltr'><strong>Apo-</strong></span> 
     </span>
    </p>
   </div>
   <div class='ocr_carea' id='block_1_68' title="bbox 228 3783 1835 3851">
    <p class='ocr_par' dir='ltr' id='par_1_68' title="bbox 228 3783 1835 3851">
     <span class='ocr_line' id='line_1_68' title="bbox 228 3783 1835 3851; baseline 0.002 -17"><span class='ocrx_word' id='word_1_517' title='bbox 228 3783 415 3834; x_wconf 85' lang='lat' dir='ltr'><strong>stolus</strong></span> <span class='ocrx_word' id='word_1_518' title='bbox 448 3799 557 3834; x_wconf 88' lang='lat' dir='ltr'><strong>non</strong></span> <span class='ocrx_word' id='word_1_519' title='bbox 585 3799 786 3834; x_wconf 85' lang='lat' dir='ltr'><strong>curans</strong></span> <span class='ocrx_word' id='word_1_520' title='bbox 815 3783 882 3834; x_wconf 91' lang='lat' dir='ltr'><strong>de</strong></span> <span class='ocrx_word' id='word_1_521' title='bbox 913 3783 1254 3851; x_wconf 84' lang='lat' dir='ltr'><strong>proprietate</strong></span> <span class='ocrx_word' id='word_1_522' title='bbox 1279 3784 1590 3842; x_wconf 77' lang='lat' dir='ltr'><strong>verbm‘um,</strong></span> <span class='ocrx_word' id='word_1_523' title='bbox 1617 3786 1835 3838; x_wconf 86' lang='lat' dir='ltr'><strong>videtur</strong></span> 
     </span>
    </p>
   </div>
   <div class='ocr_carea' id='block_1_69' title="bbox 226 3871 1836 3941">
    <p class='ocr_par' dir='ltr' id='par_1_69' title="bbox 226 3871 1836 3941">
     <span class='ocr_line' id='line_1_69' title="bbox 226 3871 1836 3941; baseline 0.002 -19"><span class='ocrx_word' id='word_1_524' title='bbox 226 3871 284 3923; x_wconf 89' lang='lat' dir='ltr'><strong>in</strong></span> <span class='ocrx_word' id='word_1_525' title='bbox 347 3871 458 3923; x_wconf 85' lang='lat' dir='ltr'><strong>hoc</strong></span> <span class='ocrx_word' id='word_1_526' title='bbox 512 3871 631 3925; x_wconf 90' lang='lat' dir='ltr'><strong>loco</strong></span> <span class='ocrx_word' id='word_1_527' title='bbox 671 3871 961 3923; x_wconf 89' lang='lat' dir='ltr'><strong>docibilem</strong></span> <span class='ocrx_word' id='word_1_528' title='bbox 1006 3871 1256 3940; x_wconf 85' lang='lat' dir='ltr'><strong>posuisse</strong></span> <span class='ocrx_word' id='word_1_529' title='bbox 1295 3889 1393 3940; x_wconf 90' lang='lat' dir='ltr'><strong>pro</strong></span> <span class='ocrx_word' id='word_1_530' title='bbox 1434 3873 1596 3924; x_wconf 80' lang='lat' dir='ltr'><strong>docili</strong></span> <span class='ocrx_word' id='word_1_531' title='bbox 1643 3891 1653 3923; x_wconf 75' lang='grc' dir='ltr'>ε</span> <span class='ocrx_word' id='word_1_532' title='bbox 1704 3873 1836 3941; x_wconf 89' lang='lat' dir='ltr'><strong>quia</strong></span> 
     </span>
    </p>
   </div>
   <div class='ocr_carea' id='block_1_70' title="bbox 227 3957 1839 4029">
    <p class='ocr_par' dir='ltr' id='par_1_70' title="bbox 227 3957 1839 4029">
     <span class='ocr_line' id='line_1_70' title="bbox 227 3957 1839 4029; baseline 0.002 -18"><span class='ocrx_word' id='word_1_533' title='bbox 227 3959 533 4029; x_wconf 87' lang='lat' dir='ltr'><strong>episcopus</strong></span> <span class='ocrx_word' id='word_1_534' title='bbox 562 3957 756 4011; x_wconf 87' lang='lat' dir='ltr'><strong>docilis</strong></span> <span class='ocrx_word' id='word_1_535' title='bbox 786 3959 951 4012; x_wconf 86' lang='lat' dir='ltr'><strong>debet</strong></span> <span class='ocrx_word' id='word_1_536' title='bbox 979 3976 1117 4023; x_wconf 84' lang='lat' dir='ltr'><strong>esse,</strong></span> <span class='ocrx_word' id='word_1_537' title='bbox 1149 3958 1205 4012; x_wconf 86' lang='lat' dir='ltr'><strong>id</strong></span> <span class='ocrx_word' id='word_1_538' title='bbox 1244 3966 1326 4012; x_wconf 86' lang='lat' dir='ltr'><strong>est</strong></span> <span class='ocrx_word' id='word_1_539' title='bbox 1372 3960 1509 4012; x_wconf 88' lang='lat' dir='ltr'><strong>alios</strong></span> <span class='ocrx_word' id='word_1_540' title='bbox 1541 3961 1707 4013; x_wconf 87' lang='lat' dir='ltr'><strong>debet</strong></span> <span class='ocrx_word' id='word_1_541' title='bbox 1736 3962 1839 4014; x_wconf 88' lang='lat' dir='ltr'><strong>do-</strong></span> 
     </span>
    </p>
   </div>
   <div class='ocr_carea' id='block_1_71' title="bbox 228 4065 377 4101">
    <p class='ocr_par' dir='ltr' id='par_1_71' title="bbox 228 4065 377 4101">
     <span class='ocr_line' id='line_1_71' title="bbox 228 4065 377 4101; baseline -0.007 0"><span class='ocrx_word' id='word_1_542' title='bbox 228 4065 377 4101; x_wconf 87' lang='lat' dir='ltr'><strong>cere.</strong></span> 
     </span>
    </p>
   </div>
   <div class='ocr_carea' id='block_1_72' title="bbox 301 4138 1838 4206">
    <p class='ocr_par' dir='ltr' id='par_1_72' title="bbox 301 4138 1838 4206">
     <span class='ocr_line' id='line_1_72' title="bbox 301 4138 1838 4206; baseline -0.001 -13"><span class='ocrx_word' id='word_1_543' title='bbox 301 4139 449 4193; x_wconf 83' lang='lat' dir='ltr'><strong>Cum</strong></span> <span class='ocrx_word' id='word_1_544' title='bbox 477 4138 736 4190; x_wconf 73' lang='lat' dir='ltr'><strong>modestia</strong></span> <span class='ocrx_word' id='word_1_545' title='bbox 761 4141 1148 4205; x_wconf 70' lang='lat' dir='ltr'><strong>corripio/item</strong></span> <span class='ocrx_word' id='word_1_546' title='bbox 1175 4155 1258 4191; x_wconf 84' lang='lat' dir='ltr'><strong>cos</strong></span> <span class='ocrx_word' id='word_1_547' title='bbox 1281 4141 1378 4206; x_wconf 86' lang='lat' dir='ltr'><strong>qui</strong></span> <span class='ocrx_word' id='word_1_548' title='bbox 1408 4141 1672 4191; x_wconf 72' lang='lat' dir='ltr'><strong>resistunt</strong></span> <span class='ocrx_word' id='word_1_549' title='bbox 1698 4141 1838 4191; x_wconf 77' lang='lat' dir='ltr'><strong>reri-</strong></span> 
     </span>
    </p>
   </div>
   <div class='ocr_carea' id='block_1_73' title="bbox 233 4227 1838 4294">
    <p class='ocr_par' dir='ltr' id='par_1_73' title="bbox 233 4227 1838 4294">
     <span class='ocr_line' id='line_1_73' title="bbox 233 4227 1838 4294; baseline 0.002 -17"><span class='ocrx_word' id='word_1_550' title='bbox 233 4229 360 4290; x_wconf 84' lang='lat' dir='ltr'><strong>tati,</strong></span> <span class='ocrx_word' id='word_1_551' title='bbox 391 4242 460 4277; x_wconf 80' lang='lat' dir='ltr'><strong>ne</strong></span> <span class='ocrx_word' id='word_1_552' title='bbox 488 4227 628 4290; x_wconf 75' lang='lat' dir='ltr'><strong>forte</strong></span> <span class='ocrx_word' id='word_1_553' title='bbox 658 4229 739 4278; x_wconf 70' lang='lat' dir='ltr'><strong>det</strong></span> <span class='ocrx_word' id='word_1_554' title='bbox 765 4229 876 4278; x_wconf 77' lang='lat' dir='ltr'><strong>illis</strong></span> <span class='ocrx_word' id='word_1_555' title='bbox 901 4228 1039 4279; x_wconf 73' lang='lat' dir='ltr'><strong>Dens</strong></span> <span class='ocrx_word' id='word_1_556' title='bbox 1059 4229 1456 4294; x_wconf 71' lang='lat' dir='ltr'><strong>panitentianz,</strong></span> <span class='ocrx_word' id='word_1_557' title='bbox 1483 4227 1747 4280; x_wconf 86' lang='lat' dir='ltr'><strong>subaudis</strong></span> <span class='ocrx_word' id='word_1_558' title='bbox 1770 4227 1838 4280; x_wconf 85' lang='lat' dir='ltr'><strong>de</strong></span> 
     </span>
    </p>
   </div>
   <div class='ocr_carea' id='block_1_74' title="bbox 232 4312 1838 4384">
    <p class='ocr_par' dir='ltr' id='par_1_74' title="bbox 232 4312 1838 4384">
     <span class='ocr_line' id='line_1_74' title="bbox 232 4312 1838 4384; baseline 0.001 -19"><span class='ocrx_word' id='word_1_559' title='bbox 232 4312 497 4382; x_wconf 87' lang='lat' dir='ltr'><strong>pristinis</strong></span> <span class='ocrx_word' id='word_1_560' title='bbox 521 4314 801 4366; x_wconf 81' lang='lat' dir='ltr'><strong>erroribus</strong></span> <span class='ocrx_word' id='word_1_561' title='bbox 823 4321 878 4368; x_wconf 89' lang='lat' dir='ltr'><strong>et</strong></span> <span class='ocrx_word' id='word_1_562' title='bbox 899 4316 1160 4384; x_wconf 87' lang='lat' dir='ltr'><strong>peccatis,</strong></span> <span class='ocrx_word' id='word_1_563' title='bbox 1180 4316 1252 4366; x_wconf 84' lang='lat' dir='ltr'><strong>ad</strong></span> <span class='ocrx_word' id='word_1_564' title='bbox 1272 4317 1610 4380; x_wconf 68' lang='lat' dir='ltr'><strong>agnoscenda</strong></span> <span class='ocrx_word' id='word_1_565' title='bbox 1621 4332 1673 4367; x_wconf 81' lang='lat' dir='ltr'><strong>1n</strong></span> <span class='ocrx_word' id='word_1_566' title='bbox 1697 4319 1838 4367; x_wconf 80' lang='lat' dir='ltr'><strong>rori-</strong></span> 
     </span>
    </p>
   </div>
   <div class='ocr_carea' id='block_1_75' title="bbox 235 4401 1839 4472">
    <p class='ocr_par' dir='ltr' id='par_1_75' title="bbox 235 4401 1839 4472">
     <span class='ocr_line' id='line_1_75' title="bbox 235 4401 1839 4472; baseline 0.001 -17"><span class='ocrx_word' id='word_1_567' title='bbox 235 4407 432 4455; x_wconf 78' lang='lat' dir='ltr'><strong>tatem.</strong></span> <span class='ocrx_word' id='word_1_568' title='bbox 477 4401 577 4452; x_wconf 85' lang='lat' dir='ltr'><strong>Hic</strong></span> <span class='ocrx_word' id='word_1_569' title='bbox 608 4418 790 4454; x_wconf 85' lang='lat' dir='ltr'><strong>sermo</strong></span> <span class='ocrx_word' id='word_1_570' title='bbox 822 4419 930 4472; x_wconf 91' lang='lat' dir='ltr'><strong>quo</strong></span> <span class='ocrx_word' id='word_1_571' title='bbox 963 4403 1099 4455; x_wconf 89' lang='lat' dir='ltr'><strong>dicit</strong></span> <span class='ocrx_word' id='word_1_572' title='bbox 1128 4419 1198 4455; x_wconf 89' lang='lat' dir='ltr'><strong>ne</strong></span> <span class='ocrx_word' id='word_1_573' title='bbox 1230 4402 1391 4468; x_wconf 83' lang='lat' dir='ltr'><strong>forte,</strong></span> <span class='ocrx_word' id='word_1_574' title='bbox 1424 4403 1509 4455; x_wconf 84' lang='lat' dir='ltr'><strong>vel</strong></span> <span class='ocrx_word' id='word_1_575' title='bbox 1539 4403 1682 4456; x_wconf 90' lang='lat' dir='ltr'><strong>sicut</strong></span> <span class='ocrx_word' id='word_1_576' title='bbox 1713 4404 1839 4472; x_wconf 87' lang='lat' dir='ltr'><strong>qui-</strong></span> 
     </span>
    </p>
   </div>
   <div class='ocr_carea' id='block_1_76' title="bbox 231 4487 1845 4561">
    <p class='ocr_par' dir='ltr' id='par_1_76' title="bbox 231 4487 1845 4561">
     <span class='ocr_line' id='line_1_76' title="bbox 231 4487 1845 4561; baseline 0.001 -18"><span class='ocrx_word' id='word_1_577' title='bbox 231 4491 367 4543; x_wconf 85' lang='lat' dir='ltr'><strong>dam</strong></span> <span class='ocrx_word' id='word_1_578' title='bbox 393 4489 615 4542; x_wconf 86' lang='lat' dir='ltr'><strong>codices</strong></span> <span class='ocrx_word' id='word_1_579' title='bbox 638 4489 860 4546; x_wconf 87' lang='lat' dir='ltr'><strong>habent.</strong></span> <span class='ocrx_word' id='word_1_580' title='bbox 893 4508 961 4542; x_wconf 90' lang='lat' dir='ltr'><strong>ne</strong></span> <span class='ocrx_word' id='word_1_581' title='bbox 992 4492 1214 4561; x_wconf 89' lang='lat' dir='ltr'><strong>quando</strong></span> <span class='ocrx_word' id='word_1_582' title='bbox 1237 4491 1328 4543; x_wconf 88' lang='lat' dir='ltr'><strong>det</strong></span> <span class='ocrx_word' id='word_1_583' title='bbox 1362 4490 1471 4543; x_wconf 88' lang='lat' dir='ltr'><strong>illis</strong></span> <span class='ocrx_word' id='word_1_584' title='bbox 1498 4487 1643 4544; x_wconf 85' lang='lat' dir='ltr'><strong>Deus</strong></span> <span class='ocrx_word' id='word_1_585' title='bbox 1674 4492 1845 4560; x_wconf 83' lang='lat' dir='ltr'><strong>poeni-</strong></span> 
     </span>
    </p>
   </div>
   <div class='ocr_carea' id='block_1_77' title="bbox 231 4578 1842 4649">
    <p class='ocr_par' dir='ltr' id='par_1_77' title="bbox 231 4578 1842 4649">
     <span class='ocr_line' id='line_1_77' title="bbox 231 4578 1842 4649; baseline 0.001 -18"><span class='ocrx_word' id='word_1_586' title='bbox 231 4579 500 4638; x_wconf 81' lang='lat' dir='ltr'><strong>tentiam,</strong></span> <span class='ocrx_word' id='word_1_587' title='bbox 528 4594 625 4647; x_wconf 92' lang='lat' dir='ltr'><strong>pro</strong></span> <span class='ocrx_word' id='word_1_588' title='bbox 646 4578 690 4630; x_wconf 89' lang='lat' dir='ltr'><strong>si</strong></span> <span class='ocrx_word' id='word_1_589' title='bbox 718 4578 856 4630; x_wconf 85' lang='lat' dir='ltr'><strong>forte</strong></span> <span class='ocrx_word' id='word_1_590' title='bbox 879 4579 1190 4648; x_wconf 88' lang='lat' dir='ltr'><strong>ponebatur</strong></span> <span class='ocrx_word' id='word_1_591' title='bbox 1208 4580 1539 4649; x_wconf 87' lang='lat' dir='ltr'><strong>antiquitus,</strong></span> <span class='ocrx_word' id='word_1_592' title='bbox 1559 4581 1653 4632; x_wconf 89' lang='lat' dir='ltr'><strong>sed</strong></span> <span class='ocrx_word' id='word_1_593' title='bbox 1680 4580 1842 4633; x_wconf 90' lang='lat' dir='ltr'><strong>modo</strong></span> 
     </span>
    </p>
   </div>
   <div class='ocr_carea' id='block_1_78' title="bbox 231 4665 1842 4737">
    <p class='ocr_par' dir='ltr' id='par_1_78' title="bbox 231 4665 1842 4737">
     <span class='ocr_line' id='line_1_78' title="bbox 231 4665 1842 4737; baseline 0 -17"><span class='ocrx_word' id='word_1_594' title='bbox 231 4667 549 4720; x_wconf 79' lang='lat' dir='ltr'><strong>inusitatus</strong></span> <span class='ocrx_word' id='word_1_595' title='bbox 593 4665 847 4718; x_wconf 85' lang='lat' dir='ltr'><strong>habetur.</strong></span> <span class='ocrx_word' id='word_1_596' title='bbox 885 4668 1310 4737; x_wconf 78' lang='lat' dir='ltr'><strong>Corripientem.</strong></span> <span class='ocrx_word' id='word_1_597' title='bbox 1353 4667 1553 4737; x_wconf 87' lang='lat' dir='ltr'><strong>inquit,</strong></span> <span class='ocrx_word' id='word_1_598' title='bbox 1593 4685 1686 4720; x_wconf 88' lang='lat' dir='ltr'><strong>eos</strong></span> <span class='ocrx_word' id='word_1_599' title='bbox 1717 4685 1842 4720; x_wconf 91' lang='lat' dir='ltr'><strong>cum</strong></span> 
     </span>
    </p>
   </div>
   <div class='ocr_carea' id='block_1_79' title="bbox 236 4753 1844 4824">
    <p class='ocr_par' dir='ltr' id='par_1_79' title="bbox 236 4753 1844 4824">
     <span class='ocr_line' id='line_1_79' title="bbox 236 4753 1844 4824; baseline 0.001 -16"><span class='ocrx_word' id='word_1_600' title='bbox 236 4755 544 4816; x_wconf 86' lang='lat' dir='ltr'><strong>modestia,</strong></span> <span class='ocrx_word' id='word_1_601' title='bbox 596 4753 642 4806; x_wconf 87' lang='lat' dir='ltr'><strong>si</strong></span> <span class='ocrx_word' id='word_1_602' title='bbox 688 4755 828 4807; x_wconf 87' lang='lat' dir='ltr'><strong>forte</strong></span> <span class='ocrx_word' id='word_1_603' title='bbox 862 4755 956 4808; x_wconf 85' lang='lat' dir='ltr'><strong>det</strong></span> <span class='ocrx_word' id='word_1_604' title='bbox 999 4756 1106 4809; x_wconf 91' lang='lat' dir='ltr'><strong>illis</strong></span> <span class='ocrx_word' id='word_1_605' title='bbox 1140 4757 1287 4808; x_wconf 88' lang='lat' dir='ltr'><strong>Deus</strong></span> <span class='ocrx_word' id='word_1_606' title='bbox 1337 4755 1746 4824; x_wconf 81' lang='lat' dir='ltr'><strong>paenitentiam.</strong></span> <span class='ocrx_word' id='word_1_607' title='bbox 1782 4758 1844 4809; x_wconf 85' lang='lat' dir='ltr'><strong>Et</strong></span> 
     </span>
    </p>
   </div>
   <div class='ocr_carea' id='block_1_80' title="bbox 236 4844 1848 4912">
    <p class='ocr_par' dir='ltr' id='par_1_80' title="bbox 236 4844 1848 4912">
     <span class='ocr_line' id='line_1_80' title="bbox 236 4844 1848 4912; baseline 0.001 -16"><span class='ocrx_word' id='word_1_608' title='bbox 236 4848 571 4911; x_wconf 73' lang='lat' dir='ltr'><strong>resipiscam</strong></span> <span class='ocrx_word' id='word_1_609' title='bbox 593 4860 626 4895; x_wconf 78' lang='grc' dir='ltr'><em>α</em></span> <span class='ocrx_word' id='word_1_610' title='bbox 645 4845 855 4896; x_wconf 85' lang='lat' dir='ltr'><strong>diaboli</strong></span> <span class='ocrx_word' id='word_1_611' title='bbox 879 4848 1104 4912; x_wconf 69' lang='lat' dir='ltr'><strong>laqueis,</strong></span> <span class='ocrx_word' id='word_1_612' title='bbox 1127 4844 1180 4896; x_wconf 90' lang='lat' dir='ltr'><strong>id</strong></span> <span class='ocrx_word' id='word_1_613' title='bbox 1205 4849 1289 4896; x_wconf 91' lang='lat' dir='ltr'><strong>est</strong></span> <span class='ocrx_word' id='word_1_614' title='bbox 1310 4850 1371 4897; x_wconf 89' lang='lat' dir='ltr'><strong>ut</strong></span> <span class='ocrx_word' id='word_1_615' title='bbox 1396 4844 1657 4897; x_wconf 87' lang='lat' dir='ltr'><strong>recedant</strong></span> <span class='ocrx_word' id='word_1_616' title='bbox 1676 4845 1745 4897; x_wconf 87' lang='lat' dir='ltr'><strong>ab</strong></span> <span class='ocrx_word' id='word_1_617' title='bbox 1767 4862 1848 4897; x_wconf 90' lang='lat' dir='ltr'><strong>er-</strong></span> 
     </span>
    </p>
   </div>
   <div class='ocr_carea' id='block_1_81' title="bbox 231 4931 1848 5001">
    <p class='ocr_par' dir='ltr' id='par_1_81' title="bbox 231 4931 1848 5001">
     <span class='ocr_line' id='line_1_81' title="bbox 231 4931 1848 5001; baseline 0.001 -16"><span class='ocrx_word' id='word_1_618' title='bbox 231 4931 469 4986; x_wconf 81' lang='lat' dir='ltr'><strong>roribus</strong></span> <span class='ocrx_word' id='word_1_619' title='bbox 509 4931 737 4994; x_wconf 89' lang='lat' dir='ltr'><strong>diaboli,</strong></span> <span class='ocrx_word' id='word_1_620' title='bbox 779 4931 979 5001; x_wconf 88' lang='lat' dir='ltr'><strong>quibus</strong></span> <span class='ocrx_word' id='word_1_621' title='bbox 1011 4931 1296 5001; x_wconf 87' lang='lat' dir='ltr'><strong>illaqueati</strong></span> <span class='ocrx_word' id='word_1_622' title='bbox 1331 4937 1594 4985; x_wconf 85' lang='lat' dir='ltr'><strong>tenentur</strong></span> <span class='ocrx_word' id='word_1_623' title='bbox 1624 4939 1680 4986; x_wconf 89' lang='lat' dir='ltr'><strong>et</strong></span> <span class='ocrx_word' id='word_1_624' title='bbox 1711 4934 1848 4986; x_wconf 90' lang='lat' dir='ltr'><strong>inci-</strong></span> 
     </span>
    </p>
   </div>
   <div class='ocr_carea' id='block_1_82' title="bbox 233 5009 1852 5092">
    <p class='ocr_par' dir='ltr' id='par_1_82' title="bbox 233 5009 1852 5092">
     <span class='ocr_line' id='line_1_82' title="bbox 233 5009 1852 5092; baseline 0 -18"><span class='ocrx_word' id='word_1_625' title='bbox 233 5022 405 5092; x_wconf 85' lang='lat' dir='ltr'><strong>piant</strong></span> <span class='ocrx_word' id='word_1_626' title='bbox 437 5020 643 5072; x_wconf 89' lang='lat' dir='ltr'><strong>iterum</strong></span> <span class='ocrx_word' id='word_1_627' title='bbox 677 5036 872 5090; x_wconf 89' lang='lat' dir='ltr'><strong>sapere</strong></span> <span class='ocrx_word' id='word_1_628' title='bbox 905 5021 1213 5073; x_wconf 80' lang='lat' dir='ltr'><strong>veritatem.</strong></span> <span class='ocrx_word' id='word_1_629' title='bbox 1249 5022 1388 5073; x_wconf 85' lang='lat' dir='ltr'><strong>Nam</strong></span> <span class='ocrx_word' id='word_1_630' title='bbox 1419 5009 1742 5092; x_wconf 79' lang='lat' dir='ltr'><strong>resipiscere</strong></span> <span class='ocrx_word' id='word_1_631' title='bbox 1769 5027 1852 5074; x_wconf 86' lang='lat' dir='ltr'><strong>est</strong></span> 
     </span>
    </p>
   </div>
   <div class='ocr_carea' id='block_1_83' title="bbox 235 5108 1854 5179">
    <p class='ocr_par' dir='ltr' id='par_1_83' title="bbox 235 5108 1854 5179">
     <span class='ocr_line' id='line_1_83' title="bbox 235 5108 1854 5179; baseline 0.001 -18"><span class='ocrx_word' id='word_1_632' title='bbox 235 5110 409 5179; x_wconf 87' lang='lat' dir='ltr'><strong>quasi</strong></span> <span class='ocrx_word' id='word_1_633' title='bbox 463 5124 743 5177; x_wconf 84' lang='lat' dir='ltr'><strong>resapere.</strong></span> <span class='ocrx_word' id='word_1_634' title='bbox 789 5111 828 5161; x_wconf 84' lang='grc' dir='ltr'><em>Α</em></span> <span class='ocrx_word' id='word_1_635' title='bbox 877 5126 1000 5174; x_wconf 82' lang='lat' dir='ltr'><strong>quo,</strong></span> <span class='ocrx_word' id='word_1_636' title='bbox 1033 5109 1089 5160; x_wconf 89' lang='lat' dir='ltr'><strong>id</strong></span> <span class='ocrx_word' id='word_1_637' title='bbox 1122 5121 1208 5161; x_wconf 86' lang='lat' dir='ltr'><strong>est</strong></span> <span class='ocrx_word' id='word_1_638' title='bbox 1237 5125 1268 5161; x_wconf 91' lang='lat' dir='ltr'><strong>a</strong></span> <span class='ocrx_word' id='word_1_639' title='bbox 1298 5108 1539 5170; x_wconf 86' lang='lat' dir='ltr'><strong>diabolo,</strong></span> <span class='ocrx_word' id='word_1_640' title='bbox 1590 5109 1735 5179; x_wconf 88' lang='lat' dir='ltr'><strong>capti</strong></span> <span class='ocrx_word' id='word_1_641' title='bbox 1771 5115 1854 5162; x_wconf 91' lang='lat' dir='ltr'><strong>te—</strong></span> 
     </span>
    </p>
   </div>
   <div class='ocr_carea' id='block_1_84' title="bbox 234 5196 1799 5267">
    <p class='ocr_par' dir='ltr' id='par_1_84' title="bbox 234 5196 1799 5267">
     <span class='ocr_line' id='line_1_84' title="bbox 234 5196 1799 5267; baseline 0.001 -17"><span class='ocrx_word' id='word_1_642' title='bbox 234 5203 461 5251; x_wconf 85' lang='lat' dir='ltr'><strong>nentur</strong></span> <span class='ocrx_word' id='word_1_643' title='bbox 490 5198 561 5249; x_wconf 82' lang='lat' dir='ltr'><strong>ad</strong></span> <span class='ocrx_word' id='word_1_644' title='bbox 589 5199 761 5264; x_wconf 80' lang='lat' dir='ltr'><strong>ipsius</strong></span> <span class='ocrx_word' id='word_1_645' title='bbox 794 5196 998 5250; x_wconf 89' lang='lat' dir='ltr'><strong>diaboli</strong></span> <span class='ocrx_word' id='word_1_646' title='bbox 1028 5201 1363 5251; x_wconf 73' lang='lat' dir='ltr'><strong>roluntatcm</strong></span> <span class='ocrx_word' id='word_1_647' title='bbox 1397 5197 1799 5267; x_wconf 70' lang='lat' dir='ltr'><strong>peragendam.</strong></span> 
     </span>
    </p>
   </div>
   <div class='ocr_carea' id='block_1_85' title="bbox 871 5336 1242 5392">
    <p class='ocr_par' dir='ltr' id='par_1_85' title="bbox 871 5336 1242 5392">
     <span class='ocr_line' id='line_1_85' title="bbox 871 5336 1242 5392; baseline -0.008 0"><span class='ocrx_word' id='word_1_648' title='bbox 871 5339 1102 5392; x_wconf 83' lang='lat' dir='ltr'>CAPUT</span> <span class='ocrx_word' id='word_1_649' title='bbox 1142 5336 1242 5391; x_wconf 91' lang='lat' dir='ltr'><strong>III.</strong></span> 
     </span>
    </p>
   </div>
   <div class='ocr_carea' id='block_1_86' title="bbox 317 5460 1860 5527">
    <p class='ocr_par' dir='ltr' id='par_1_86' title="bbox 317 5460 1860 5527">
     <span class='ocr_line' id='line_1_86' title="bbox 317 5460 1860 5527; baseline -0.003 -8"><span class='ocrx_word' id='word_1_650' title='bbox 317 5466 395 5519; x_wconf 83' lang='lat' dir='ltr'><strong>In</strong></span> <span class='ocrx_word' id='word_1_651' title='bbox 429 5464 740 5515; x_wconf 69' lang='lat' dir='ltr'><strong>novissimis</strong></span> <span class='ocrx_word' id='word_1_652' title='bbox 771 5461 980 5527; x_wconf 72' lang='lat' dir='ltr'><strong>diebus,</strong></span> <span class='ocrx_word' id='word_1_653' title='bbox 1001 5462 1054 5515; x_wconf 92' lang='lat' dir='ltr'><strong>id</strong></span> <span class='ocrx_word' id='word_1_654' title='bbox 1077 5465 1163 5515; x_wconf 88' lang='lat' dir='ltr'><strong>est</strong></span> <span class='ocrx_word' id='word_1_655' title='bbox 1187 5462 1245 5514; x_wconf 92' lang='lat' dir='ltr'><strong>in</strong></span> <span class='ocrx_word' id='word_1_656' title='bbox 1264 5460 1460 5514; x_wconf 90' lang='lat' dir='ltr'><strong>ultima</strong></span> <span class='ocrx_word' id='word_1_657' title='bbox 1483 5464 1666 5525; x_wconf 63' lang='lat' dir='ltr'><strong>rotate,</strong></span> <span class='ocrx_word' id='word_1_658' title='bbox 1695 5469 1860 5514; x_wconf 70' lang='lat' dir='ltr'><strong>erunt</strong></span> 
     </span>
    </p>
   </div>
   <div class='ocr_carea' id='block_1_87' title="bbox 238 5547 1864 5623">
    <p class='ocr_par' dir='ltr' id='par_1_87' title="bbox 238 5547 1864 5623">
     <span class='ocr_line' id='line_1_87' title="bbox 238 5547 1864 5623; baseline -0.002 -17"><span class='ocrx_word' id='word_1_659' title='bbox 238 5554 504 5606; x_wconf 78' lang='lat' dir='ltr'><strong>homines</strong></span> <span class='ocrx_word' id='word_1_660' title='bbox 525 5554 718 5620; x_wconf 81' lang='lat' dir='ltr'><strong>seipsos</strong></span> <span class='ocrx_word' id='word_1_661' title='bbox 740 5557 1013 5617; x_wconf 81' lang='lat' dir='ltr'><strong>amantes,</strong></span> <span class='ocrx_word' id='word_1_662' title='bbox 1039 5551 1333 5621; x_wconf 82' lang='lat' dir='ltr'><strong>subaudis,</strong></span> <span class='ocrx_word' id='word_1_663' title='bbox 1348 5566 1462 5604; x_wconf 90' lang='lat' dir='ltr'><strong>non</strong></span> <span class='ocrx_word' id='word_1_664' title='bbox 1485 5547 1685 5605; x_wconf 89' lang='lat' dir='ltr'><strong>Deum.</strong></span> <span class='ocrx_word' id='word_1_665' title='bbox 1713 5549 1864 5623; x_wconf 85' lang='lat' dir='ltr'><strong>Scip-</strong></span> 
     </span>
    </p>
   </div>
   <div class='ocr_carea' id='block_1_88' title="bbox 1910 3067 3509 3138">
    <p class='ocr_par' dir='ltr' id='par_1_88' title="bbox 1910 3067 3509 3138">
     <span class='ocr_line' id='line_1_88' title="bbox 1910 3067 3509 3138; baseline 0 -17"><span class='ocrx_word' id='word_1_666' title='bbox 1910 3069 2247 3137; x_wconf 80' lang='lat' dir='ltr'><strong>temporales</strong></span> <span class='ocrx_word' id='word_1_667' title='bbox 2280 3074 2705 3137; x_wconf 86' lang='lat' dir='ltr'><strong>anteponentes,</strong></span> <span class='ocrx_word' id='word_1_668' title='bbox 2742 3073 2798 3119; x_wconf 87' lang='lat' dir='ltr'><strong>et</strong></span> <span class='ocrx_word' id='word_1_669' title='bbox 2827 3067 3105 3120; x_wconf 88' lang='lat' dir='ltr'><strong>desideria</strong></span> <span class='ocrx_word' id='word_1_670' title='bbox 3135 3069 3318 3120; x_wconf 88' lang='lat' dir='ltr'><strong>carnis</strong></span> <span class='ocrx_word' id='word_1_671' title='bbox 3349 3069 3509 3138; x_wconf 85' lang='lat' dir='ltr'><strong>perﬁ-</strong></span> 
     </span>
    </p>
   </div>
   <div class='ocr_carea' id='block_1_89' title="bbox 1911 3156 3510 3228">
    <p class='ocr_par' dir='ltr' id='par_1_89' title="bbox 1911 3156 3510 3228">
     <span class='ocr_line' id='line_1_89' title="bbox 1911 3156 3510 3228; baseline 0.001 -20"><span class='ocrx_word' id='word_1_672' title='bbox 1911 3158 2141 3209; x_wconf 87' lang='lat' dir='ltr'><strong>cientes.</strong></span> <span class='ocrx_word' id='word_1_673' title='bbox 2178 3159 2304 3209; x_wconf 72' lang='lat' dir='ltr'><strong>Hzec</strong></span> <span class='ocrx_word' id='word_1_674' title='bbox 2354 3157 2544 3209; x_wconf 89' lang='lat' dir='ltr'><strong>omnia</strong></span> <span class='ocrx_word' id='word_1_675' title='bbox 2587 3156 2718 3208; x_wconf 86' lang='lat' dir='ltr'><strong>vitia</strong></span> <span class='ocrx_word' id='word_1_676' title='bbox 2767 3173 2832 3209; x_wconf 86' lang='lat' dir='ltr'><strong>ex</strong></span> <span class='ocrx_word' id='word_1_677' title='bbox 2877 3157 2974 3208; x_wconf 90' lang='lat' dir='ltr'><strong>illa</strong></span> <span class='ocrx_word' id='word_1_678' title='bbox 3006 3157 3190 3210; x_wconf 89' lang='lat' dir='ltr'><strong>radice</strong></span> <span class='ocrx_word' id='word_1_679' title='bbox 3227 3156 3510 3228; x_wconf 86' lang='lat' dir='ltr'><strong>pullulant</strong></span> 
     </span>
    </p>
   </div>
   <div class='ocr_carea' id='block_1_90' title="bbox 1913 3246 3044 3316">
    <p class='ocr_par' dir='ltr' id='par_1_90' title="bbox 1913 3246 3044 3316">
     <span class='ocr_line' id='line_1_90' title="bbox 1913 3246 3044 3316; baseline 0 -18"><span class='ocrx_word' id='word_1_680' title='bbox 1913 3247 2058 3315; x_wconf 87' lang='lat' dir='ltr'><strong>quod</strong></span> <span class='ocrx_word' id='word_1_681' title='bbox 2084 3251 2216 3298; x_wconf 89' lang='lat' dir='ltr'><strong>sunt</strong></span> <span class='ocrx_word' id='word_1_682' title='bbox 2244 3246 2500 3298; x_wconf 85' lang='lat' dir='ltr'><strong>homines</strong></span> <span class='ocrx_word' id='word_1_683' title='bbox 2529 3246 2741 3316; x_wconf 87' lang='lat' dir='ltr'><strong>seipsos</strong></span> <span class='ocrx_word' id='word_1_684' title='bbox 2767 3252 3044 3298; x_wconf 89' lang='lat' dir='ltr'><strong>amantes.</strong></span> 
     </span>
    </p>
   </div>
   <div class='ocr_carea' id='block_1_91' title="bbox 1982 3335 3512 3405">
    <p class='ocr_par' dir='ltr' id='par_1_91' title="bbox 1982 3335 3512 3405">
     <span class='ocr_line' id='line_1_91' title="bbox 1982 3335 3512 3405; baseline -0.001 -17"><span class='ocrx_word' id='word_1_685' title='bbox 1982 3337 2246 3388; x_wconf 72' lang='lat' dir='ltr'><strong>Habentes</strong></span> <span class='ocrx_word' id='word_1_686' title='bbox 2269 3336 2492 3402; x_wconf 71' lang='lat' dir='ltr'><strong>quidem.</strong></span> <span class='ocrx_word' id='word_1_687' title='bbox 2513 3338 2737 3402; x_wconf 71' lang='lat' dir='ltr'><strong>speciem.</strong></span> <span class='ocrx_word' id='word_1_688' title='bbox 2755 3338 2995 3402; x_wconf 78' lang='lat' dir='ltr'><strong>pictatis,</strong></span> <span class='ocrx_word' id='word_1_689' title='bbox 3019 3335 3074 3387; x_wconf 90' lang='lat' dir='ltr'><strong>id</strong></span> <span class='ocrx_word' id='word_1_690' title='bbox 3093 3340 3176 3388; x_wconf 89' lang='lat' dir='ltr'><strong>est</strong></span> <span class='ocrx_word' id='word_1_691' title='bbox 3195 3335 3512 3405; x_wconf 81' lang='lat' dir='ltr'><strong>exemplum</strong></span> 
     </span>
    </p>
   </div>
   <div class='ocr_carea' id='block_1_92' title="bbox 1909 3423 3512 3492">
    <p class='ocr_par' dir='ltr' id='par_1_92' title="bbox 1909 3423 3512 3492">
     <span class='ocr_line' id='line_1_92' title="bbox 1909 3423 3512 3492; baseline 0.001 -18"><span class='ocrx_word' id='word_1_692' title='bbox 1909 3423 2218 3492; x_wconf 82' lang='lat' dir='ltr'><strong>religionis,</strong></span> <span class='ocrx_word' id='word_1_693' title='bbox 2269 3427 2528 3476; x_wconf 73' lang='lat' dir='ltr'><strong>rirtutmn</strong></span> <span class='ocrx_word' id='word_1_694' title='bbox 2579 3429 2758 3475; x_wconf 71' lang='lat' dir='ltr'><strong>autem</strong></span> <span class='ocrx_word' id='word_1_695' title='bbox 2792 3427 2907 3489; x_wconf 74' lang='lat' dir='ltr'><strong>ejus</strong></span> <span class='ocrx_word' id='word_1_696' title='bbox 2936 3425 3283 3489; x_wconf 72' lang='lat' dir='ltr'><strong>abneganlcs.</strong></span> <span class='ocrx_word' id='word_1_697' title='bbox 3315 3423 3512 3476; x_wconf 76' lang='lat' dir='ltr'><strong>Virtus</strong></span> 
     </span>
    </p>
   </div>
   <div class='ocr_carea' id='block_1_93' title="bbox 1909 3512 3513 3581">
    <p class='ocr_par' dir='ltr' id='par_1_93' title="bbox 1909 3512 3513 3581">
     <span class='ocr_line' id='line_1_93' title="bbox 1909 3512 3513 3581; baseline 0.001 -18"><span class='ocrx_word' id='word_1_698' title='bbox 1909 3513 2196 3581; x_wconf 78' lang='lat' dir='ltr'><strong>religionis</strong></span> <span class='ocrx_word' id='word_1_699' title='bbox 2234 3513 2347 3565; x_wconf 82' lang='lat' dir='ltr'><strong>sive</strong></span> <span class='ocrx_word' id='word_1_700' title='bbox 2379 3512 2602 3581; x_wconf 85' lang='lat' dir='ltr'><strong>pietatis</strong></span> <span class='ocrx_word' id='word_1_701' title='bbox 2630 3518 2714 3564; x_wconf 90' lang='lat' dir='ltr'><strong>est</strong></span> <span class='ocrx_word' id='word_1_702' title='bbox 2747 3512 2872 3563; x_wconf 85' lang='lat' dir='ltr'><strong>linis</strong></span> <span class='ocrx_word' id='word_1_703' title='bbox 2903 3512 3015 3564; x_wconf 89' lang='lat' dir='ltr'><strong>sive</strong></span> <span class='ocrx_word' id='word_1_704' title='bbox 3041 3512 3337 3580; x_wconf 88' lang='lat' dir='ltr'><strong>completio</strong></span> <span class='ocrx_word' id='word_1_705' title='bbox 3370 3528 3513 3580; x_wconf 68' lang='lat' dir='ltr'><strong>pra}-</strong></span> 
     </span>
    </p>
   </div>
   <div class='ocr_carea' id='block_1_94' title="bbox 1917 3599 3515 3668">
    <p class='ocr_par' dir='ltr' id='par_1_94' title="bbox 1917 3599 3515 3668">
     <span class='ocr_line' id='line_1_94' title="bbox 1917 3599 3515 3668; baseline 0.001 -18"><span class='ocrx_word' id='word_1_706' title='bbox 1917 3601 2081 3668; x_wconf 88' lang='lat' dir='ltr'><strong>cepti,</strong></span> <span class='ocrx_word' id='word_1_707' title='bbox 2118 3600 2171 3651; x_wconf 88' lang='lat' dir='ltr'><strong>id</strong></span> <span class='ocrx_word' id='word_1_708' title='bbox 2220 3605 2304 3652; x_wconf 71' lang='lat' dir='ltr'><strong>est</strong></span> <span class='ocrx_word' id='word_1_709' title='bbox 2334 3599 2575 3651; x_wconf 83' lang='lat' dir='ltr'><strong>Charitas</strong></span> <span class='ocrx_word' id='word_1_710' title='bbox 2620 3599 2687 3651; x_wconf 89' lang='lat' dir='ltr'><strong>de</strong></span> <span class='ocrx_word' id='word_1_711' title='bbox 2718 3600 2882 3651; x_wconf 87' lang='lat' dir='ltr'><strong>corde</strong></span> <span class='ocrx_word' id='word_1_712' title='bbox 2915 3616 3053 3668; x_wconf 88' lang='lat' dir='ltr'><strong>puro</strong></span> <span class='ocrx_word' id='word_1_713' title='bbox 3088 3605 3144 3650; x_wconf 89' lang='lat' dir='ltr'><strong>ct</strong></span> <span class='ocrx_word' id='word_1_714' title='bbox 3173 3599 3515 3651; x_wconf 83' lang='lat' dir='ltr'><strong>conscientia</strong></span> 
     </span>
    </p>
   </div>
   <div class='ocr_carea' id='block_1_95' title="bbox 1917 3686 3515 3751">
    <p class='ocr_par' dir='ltr' id='par_1_95' title="bbox 1917 3686 3515 3751">
     <span class='ocr_line' id='line_1_95' title="bbox 1917 3686 3515 3751; baseline 0.001 -12"><span class='ocrx_word' id='word_1_715' title='bbox 1917 3687 2080 3751; x_wconf 85' lang='lat' dir='ltr'><strong>bona,</strong></span> <span class='ocrx_word' id='word_1_716' title='bbox 2116 3693 2171 3740; x_wconf 88' lang='lat' dir='ltr'><strong>et</strong></span> <span class='ocrx_word' id='word_1_717' title='bbox 2197 3689 2304 3740; x_wconf 83' lang='lat' dir='ltr'><strong>ﬁde</strong></span> <span class='ocrx_word' id='word_1_718' title='bbox 2334 3705 2444 3740; x_wconf 90' lang='lat' dir='ltr'><strong>non</strong></span> <span class='ocrx_word' id='word_1_719' title='bbox 2479 3689 2625 3751; x_wconf 83' lang='lat' dir='ltr'><strong>ﬁcta,</strong></span> <span class='ocrx_word' id='word_1_720' title='bbox 2659 3686 2713 3738; x_wconf 89' lang='lat' dir='ltr'><strong>id</strong></span> <span class='ocrx_word' id='word_1_721' title='bbox 2748 3693 2834 3739; x_wconf 88' lang='lat' dir='ltr'><strong>est</strong></span> <span class='ocrx_word' id='word_1_722' title='bbox 2862 3688 3106 3739; x_wconf 82' lang='lat' dir='ltr'><strong>Charitas</strong></span> <span class='ocrx_word' id='word_1_723' title='bbox 3135 3704 3260 3739; x_wconf 86' lang='lat' dir='ltr'><strong>cum</strong></span> <span class='ocrx_word' id='word_1_724' title='bbox 3296 3687 3422 3751; x_wconf 86' lang='lat' dir='ltr'><strong>fide,</strong></span> <span class='ocrx_word' id='word_1_725' title='bbox 3458 3689 3515 3740; x_wconf 89' lang='lat' dir='ltr'><strong>et</strong></span> 
     </span>
    </p>
   </div>
   <div class='ocr_carea' id='block_1_96' title="bbox 1917 3775 3226 3845">
    <p class='ocr_par' dir='ltr' id='par_1_96' title="bbox 1917 3775 3226 3845">
     <span class='ocr_line' id='line_1_96' title="bbox 1917 3775 3226 3845; baseline 0 -18"><span class='ocrx_word' id='word_1_726' title='bbox 1917 3793 2032 3845; x_wconf 86' lang='lat' dir='ltr'><strong>spe,</strong></span> <span class='ocrx_word' id='word_1_727' title='bbox 2070 3782 2125 3828; x_wconf 86' lang='lat' dir='ltr'><strong>et</strong></span> <span class='ocrx_word' id='word_1_728' title='bbox 2154 3791 2280 3828; x_wconf 90' lang='lat' dir='ltr'><strong>cum</strong></span> <span class='ocrx_word' id='word_1_729' title='bbox 2313 3778 2636 3828; x_wconf 79' lang='lat' dir='ltr'><strong>executione</strong></span> <span class='ocrx_word' id='word_1_730' title='bbox 2669 3775 2940 3827; x_wconf 89' lang='lat' dir='ltr'><strong>bonorum</strong></span> <span class='ocrx_word' id='word_1_731' title='bbox 2973 3792 3226 3845; x_wconf 89' lang='lat' dir='ltr'><strong>operum.</strong></span> 
     </span>
    </p>
   </div>
   <div class='ocr_carea' id='block_1_97' title="bbox 1999 3863 3515 3931">
    <p class='ocr_par' dir='ltr' id='par_1_97' title="bbox 1999 3863 3515 3931">
     <span class='ocr_line' id='line_1_97' title="bbox 1999 3863 3515 3931; baseline -0.001 -13"><span class='ocrx_word' id='word_1_732' title='bbox 1999 3867 2076 3918; x_wconf 65' lang='lat' dir='ltr'><strong>Er</strong></span> <span class='ocrx_word' id='word_1_733' title='bbox 2095 3865 2178 3917; x_wconf 79' lang='lat' dir='ltr'><strong>his</strong></span> <span class='ocrx_word' id='word_1_734' title='bbox 2197 3882 2257 3916; x_wconf 78' lang='lat' dir='ltr'><strong>en</strong></span> <span class='ocrx_word' id='word_1_735' title='bbox 2270 3868 2363 3928; x_wconf 84' lang='lat' dir='ltr'><strong>im,</strong></span> <span class='ocrx_word' id='word_1_736' title='bbox 2383 3863 2953 3925; x_wconf 68' lang='lat' dir='ltr'><strong>subaudishmreticis,</strong></span> <span class='ocrx_word' id='word_1_737' title='bbox 2973 3870 3099 3916; x_wconf 81' lang='lat' dir='ltr'><strong>sunt</strong></span> <span class='ocrx_word' id='word_1_738' title='bbox 3117 3867 3515 3931; x_wconf 75' lang='lat' dir='ltr'><strong>quipcnelrant</strong></span> 
     </span>
    </p>
   </div>
   <div class='ocr_carea' id='block_1_98' title="bbox 1924 3955 3516 4020">
    <p class='ocr_par' dir='ltr' id='par_1_98' title="bbox 1924 3955 3516 4020">
     <span class='ocr_line' id='line_1_98' title="bbox 1924 3955 3516 4020; baseline -0.001 -15"><span class='ocrx_word' id='word_1_739' title='bbox 1924 3955 2129 4016; x_wconf 81' lang='lat' dir='ltr'><strong>domos,</strong></span> <span class='ocrx_word' id='word_1_740' title='bbox 2152 3960 2197 4005; x_wconf 81' lang='lat' dir='ltr'><strong>et</strong></span> <span class='ocrx_word' id='word_1_741' title='bbox 2228 3957 2466 4020; x_wconf 83' lang='lat' dir='ltr'><strong>captivas</strong></span> <span class='ocrx_word' id='word_1_742' title='bbox 2495 3955 2705 4005; x_wconf 68' lang='lat' dir='ltr'><strong>(lucu-nt</strong></span> <span class='ocrx_word' id='word_1_743' title='bbox 2741 3955 3099 4004; x_wconf 82' lang='lat' dir='ltr'><strong>mulierculas</strong></span> <span class='ocrx_word' id='word_1_744' title='bbox 3125 3959 3378 4005; x_wconf 76' lang='lat' dir='ltr'><strong>oneratas</strong></span> <span class='ocrx_word' id='word_1_745' title='bbox 3401 3970 3516 4020; x_wconf 79' lang='lat' dir='ltr'><strong>pcr-</strong></span> 
     </span>
    </p>
   </div>
   <div class='ocr_carea' id='block_1_99' title="bbox 1923 4039 3516 4109">
    <p class='ocr_par' dir='ltr' id='par_1_99' title="bbox 1923 4039 3516 4109">
     <span class='ocr_line' id='line_1_99' title="bbox 1923 4039 3516 4109; baseline -0.002 -14"><span class='ocrx_word' id='word_1_746' title='bbox 1923 4046 2076 4095; x_wconf 81' lang='lat' dir='ltr'><strong>catis.</strong></span> <span class='ocrx_word' id='word_1_747' title='bbox 2121 4041 2381 4094; x_wconf 71' lang='lat' dir='ltr'><strong>Przevidit</strong></span> <span class='ocrx_word' id='word_1_748' title='bbox 2418 4040 2630 4109; x_wconf 82' lang='lat' dir='ltr'><strong>Spiritu</strong></span> <span class='ocrx_word' id='word_1_749' title='bbox 2671 4047 2864 4092; x_wconf 89' lang='lat' dir='ltr'><strong>sancto</strong></span> <span class='ocrx_word' id='word_1_750' title='bbox 2917 4039 3162 4107; x_wconf 89' lang='lat' dir='ltr'><strong>repletus</strong></span> <span class='ocrx_word' id='word_1_751' title='bbox 3216 4041 3516 4109; x_wconf 81' lang='lat' dir='ltr'><strong>Apostolus</strong></span> 
     </span>
    </p>
   </div>
   <div class='ocr_carea' id='block_1_100' title="bbox 1922 4128 3517 4198">
    <p class='ocr_par' dir='ltr' id='par_1_100' title="bbox 1922 4128 3517 4198">
     <span class='ocr_line' id='line_1_100' title="bbox 1922 4128 3517 4198; baseline -0.001 -15"><span class='ocrx_word' id='word_1_752' title='bbox 1922 4130 2257 4183; x_wconf 61' lang='lat' dir='ltr'><strong>Manicheeos</strong></span> <span class='ocrx_word' id='word_1_753' title='bbox 2278 4129 2566 4181; x_wconf 69' lang='lat' dir='ltr'><strong>hmreticos</strong></span> <span class='ocrx_word' id='word_1_754' title='bbox 2588 4128 2806 4180; x_wconf 83' lang='lat' dir='ltr'><strong>futuros</strong></span> <span class='ocrx_word' id='word_1_755' title='bbox 2828 4132 2883 4180; x_wconf 87' lang='lat' dir='ltr'><strong>et</strong></span> <span class='ocrx_word' id='word_1_756' title='bbox 2907 4128 3065 4192; x_wconf 88' lang='lat' dir='ltr'><strong>alios,</strong></span> <span class='ocrx_word' id='word_1_757' title='bbox 3089 4133 3146 4180; x_wconf 91' lang='lat' dir='ltr'><strong>et</strong></span> <span class='ocrx_word' id='word_1_758' title='bbox 3172 4128 3424 4198; x_wconf 91' lang='lat' dir='ltr'><strong>loquitur</strong></span> <span class='ocrx_word' id='word_1_759' title='bbox 3448 4129 3517 4183; x_wconf 87' lang='lat' dir='ltr'><strong>de</strong></span> 
     </span>
    </p>
   </div>
   <div class='ocr_carea' id='block_1_101' title="bbox 1922 4217 3520 4288">
    <p class='ocr_par' dir='ltr' id='par_1_101' title="bbox 1922 4217 3520 4288">
     <span class='ocr_line' id='line_1_101' title="bbox 1922 4217 3520 4288; baseline 0.001 -17"><span class='ocrx_word' id='word_1_760' title='bbox 1922 4219 2111 4271; x_wconf 85' lang='lat' dir='ltr'><strong>futuro</strong></span> <span class='ocrx_word' id='word_1_761' title='bbox 2143 4219 2301 4288; x_wconf 88' lang='lat' dir='ltr'><strong>quasi</strong></span> <span class='ocrx_word' id='word_1_762' title='bbox 2332 4217 2399 4270; x_wconf 92' lang='lat' dir='ltr'><strong>de</strong></span> <span class='ocrx_word' id='word_1_763' title='bbox 2429 4217 2708 4287; x_wconf 72' lang='lat' dir='ltr'><strong>prmsenti.</strong></span> <span class='ocrx_word' id='word_1_764' title='bbox 2743 4217 3032 4271; x_wconf 84' lang='lat' dir='ltr'><strong>Manichaei</strong></span> <span class='ocrx_word' id='word_1_765' title='bbox 3062 4219 3210 4270; x_wconf 90' lang='lat' dir='ltr'><strong>enim</strong></span> <span class='ocrx_word' id='word_1_766' title='bbox 3242 4218 3520 4285; x_wconf 79' lang='lat' dir='ltr'><strong>ingredie-</strong></span> 
     </span>
    </p>
   </div>
   <div class='ocr_carea' id='block_1_102' title="bbox 1923 4305 3523 4377">
    <p class='ocr_par' dir='ltr' id='par_1_102' title="bbox 1923 4305 3523 4377">
     <span class='ocr_line' id='line_1_102' title="bbox 1923 4305 3523 4377; baseline 0.003 -20"><span class='ocrx_word' id='word_1_767' title='bbox 1923 4307 2130 4360; x_wconf 86' lang='lat' dir='ltr'><strong>bantur</strong></span> <span class='ocrx_word' id='word_1_768' title='bbox 2170 4307 2228 4360; x_wconf 90' lang='lat' dir='ltr'><strong>in</strong></span> <span class='ocrx_word' id='word_1_769' title='bbox 2268 4307 2461 4359; x_wconf 89' lang='lat' dir='ltr'><strong>domos</strong></span> <span class='ocrx_word' id='word_1_770' title='bbox 2497 4307 2793 4359; x_wconf 88' lang='lat' dir='ltr'><strong>mulierum</strong></span> <span class='ocrx_word' id='word_1_771' title='bbox 2825 4312 2881 4359; x_wconf 90' lang='lat' dir='ltr'><strong>et</strong></span> <span class='ocrx_word' id='word_1_772' title='bbox 2927 4305 3279 4377; x_wconf 87' lang='lat' dir='ltr'><strong>decipiebant</strong></span> <span class='ocrx_word' id='word_1_773' title='bbox 3318 4325 3429 4365; x_wconf 88' lang='lat' dir='ltr'><strong>eas,</strong></span> <span class='ocrx_word' id='word_1_774' title='bbox 3466 4308 3523 4361; x_wconf 82' lang='lat' dir='ltr'><strong>et</strong></span> 
     </span>
    </p>
   </div>
   <div class='ocr_carea' id='block_1_103' title="bbox 1927 4394 3520 4466">
    <p class='ocr_par' dir='ltr' id='par_1_103' title="bbox 1927 4394 3520 4466">
     <span class='ocr_line' id='line_1_103' title="bbox 1927 4394 3520 4466; baseline 0.001 -18"><span class='ocrx_word' id='word_1_775' title='bbox 1927 4398 2030 4449; x_wconf 90' lang='lat' dir='ltr'><strong>hoc</strong></span> <span class='ocrx_word' id='word_1_776' title='bbox 2057 4395 2296 4449; x_wconf 86' lang='lat' dir='ltr'><strong>maxime</strong></span> <span class='ocrx_word' id='word_1_777' title='bbox 2327 4394 2472 4465; x_wconf 89' lang='lat' dir='ltr'><strong>apud</strong></span> <span class='ocrx_word' id='word_1_778' title='bbox 2503 4395 2810 4449; x_wconf 86' lang='lat' dir='ltr'><strong>Persidem.</strong></span> <span class='ocrx_word' id='word_1_779' title='bbox 2847 4395 2982 4449; x_wconf 89' lang='lat' dir='ltr'><strong>Inde</strong></span> <span class='ocrx_word' id='word_1_780' title='bbox 3011 4396 3143 4449; x_wconf 90' lang='lat' dir='ltr'><strong>dicit</strong></span> <span class='ocrx_word' id='word_1_781' title='bbox 3173 4396 3472 4466; x_wconf 87' lang='lat' dir='ltr'><strong>Apostolus</strong></span> <span class='ocrx_word' id='word_1_782' title='bbox 3507 4419 3520 4450; x_wconf 91' lang='lat'><strong>:</strong></span> 
     </span>
    </p>
   </div>
   <div class='ocr_carea' id='block_1_104' title="bbox 1928 4485 3524 4555">
    <p class='ocr_par' dir='ltr' id='par_1_104' title="bbox 1928 4485 3524 4555">
     <span class='ocr_line' id='line_1_104' title="bbox 1928 4485 3524 4555; baseline 0 -17"><span class='ocrx_word' id='word_1_783' title='bbox 1928 4485 2123 4549; x_wconf 88' lang='lat' dir='ltr'><strong>Erunt,</strong></span> <span class='ocrx_word' id='word_1_784' title='bbox 2148 4485 2426 4554; x_wconf 88' lang='lat' dir='ltr'><strong>inquiens,</strong></span> <span class='ocrx_word' id='word_1_785' title='bbox 2454 4485 2678 4554; x_wconf 89' lang='lat' dir='ltr'><strong>quidam</strong></span> <span class='ocrx_word' id='word_1_786' title='bbox 2705 4485 2796 4555; x_wconf 90' lang='lat' dir='ltr'><strong>qui</strong></span> <span class='ocrx_word' id='word_1_787' title='bbox 2821 4485 3196 4555; x_wconf 82' lang='lat' dir='ltr'><strong>penetrabant</strong></span> <span class='ocrx_word' id='word_1_788' title='bbox 3224 4485 3524 4538; x_wconf 76' lang='lat' dir='ltr'><strong>mulierum</strong></span> 
     </span>
    </p>
   </div>
   <div class='ocr_carea' id='block_1_105' title="bbox 1927 4573 3524 4642">
    <p class='ocr_par' dir='ltr' id='par_1_105' title="bbox 1927 4573 3524 4642">
     <span class='ocr_line' id='line_1_105' title="bbox 1927 4573 3524 4642; baseline 0 -16"><span class='ocrx_word' id='word_1_789' title='bbox 1927 4574 2142 4632; x_wconf 84' lang='lat' dir='ltr'><strong>domos,</strong></span> <span class='ocrx_word' id='word_1_790' title='bbox 2163 4580 2218 4626; x_wconf 90' lang='lat' dir='ltr'><strong>et</strong></span> <span class='ocrx_word' id='word_1_791' title='bbox 2240 4574 2446 4626; x_wconf 88' lang='lat' dir='ltr'><strong>ducent</strong></span> <span class='ocrx_word' id='word_1_792' title='bbox 2467 4573 2824 4626; x_wconf 88' lang='lat' dir='ltr'><strong>mulierculas</strong></span> <span class='ocrx_word' id='word_1_793' title='bbox 2851 4574 3095 4642; x_wconf 89' lang='lat' dir='ltr'><strong>captivas</strong></span> <span class='ocrx_word' id='word_1_794' title='bbox 3118 4591 3150 4625; x_wconf 89' lang='lat' dir='ltr'><strong>a</strong></span> <span class='ocrx_word' id='word_1_795' title='bbox 3171 4591 3336 4626; x_wconf 87' lang='lat' dir='ltr'><strong>sensu</strong></span> <span class='ocrx_word' id='word_1_796' title='bbox 3362 4579 3524 4626; x_wconf 77' lang='lat' dir='ltr'><strong>rectae</strong></span> 
     </span>
    </p>
   </div>
   <div class='ocr_carea' id='block_1_106' title="bbox 1929 4661 3524 4732">
    <p class='ocr_par' dir='ltr' id='par_1_106' title="bbox 1929 4661 3524 4732">
     <span class='ocr_line' id='line_1_106' title="bbox 1929 4661 3524 4732; baseline -0.003 -17"><span class='ocrx_word' id='word_1_797' title='bbox 1929 4661 2055 4715; x_wconf 88' lang='lat' dir='ltr'><strong>ﬁdei</strong></span> <span class='ocrx_word' id='word_1_798' title='bbox 2083 4661 2152 4714; x_wconf 87' lang='lat' dir='ltr'><strong>ad</strong></span> <span class='ocrx_word' id='word_1_799' title='bbox 2175 4679 2407 4732; x_wconf 86' lang='lat' dir='ltr'><strong>pravum</strong></span> <span class='ocrx_word' id='word_1_800' title='bbox 2432 4679 2657 4714; x_wconf 90' lang='lat' dir='ltr'><strong>sensum</strong></span> <span class='ocrx_word' id='word_1_801' title='bbox 2692 4668 2951 4714; x_wconf 87' lang='lat' dir='ltr'><strong>oneratas</strong></span> <span class='ocrx_word' id='word_1_802' title='bbox 2981 4661 3238 4730; x_wconf 86' lang='lat' dir='ltr'><strong>peccatis.</strong></span> <span class='ocrx_word' id='word_1_803' title='bbox 3269 4663 3391 4726; x_wconf 64' lang='lat' dir='ltr'><strong>Qum</strong></span> <span class='ocrx_word' id='word_1_804' title='bbox 3418 4663 3524 4712; x_wconf 84' lang='lat' dir='ltr'><strong>du-</strong></span> 
     </span>
    </p>
   </div>
   <div class='ocr_carea' id='block_1_107' title="bbox 1931 4750 3526 4816">
    <p class='ocr_par' dir='ltr' id='par_1_107' title="bbox 1931 4750 3526 4816">
     <span class='ocr_line' id='line_1_107' title="bbox 1931 4750 3526 4816; baseline -0.002 -13"><span class='ocrx_word' id='word_1_805' title='bbox 1931 4759 2139 4804; x_wconf 83' lang='lat' dir='ltr'><strong>cuntur</strong></span> <span class='ocrx_word' id='word_1_806' title='bbox 2168 4754 2340 4803; x_wconf 72' lang='lat' dir='ltr'><strong>rariis</strong></span> <span class='ocrx_word' id='word_1_807' title='bbox 2364 4752 2648 4802; x_wconf 70' lang='lat' dir='ltr'><strong>(lesit&#39;lcriis</strong></span> <span class='ocrx_word' id='word_1_808' title='bbox 2674 4755 2835 4816; x_wconf 70' lang='lat' dir='ltr'><strong>atque</strong></span> <span class='ocrx_word' id='word_1_809' title='bbox 2863 4752 3144 4800; x_wconf 77' lang='lat' dir='ltr'><strong>erroribus</strong></span> <span class='ocrx_word' id='word_1_810' title='bbox 3168 4767 3181 4808; x_wconf 90' lang='lat'><em>;</em></span> <span class='ocrx_word' id='word_1_811' title='bbox 3215 4763 3422 4815; x_wconf 71' lang='lat' dir='ltr'><strong>semper</strong></span> <span class='ocrx_word' id='word_1_812' title='bbox 3444 4750 3526 4800; x_wconf 85' lang='lat' dir='ltr'><strong>di-</strong></span> 
     </span>
    </p>
   </div>
   <div class='ocr_carea' id='block_1_108' title="bbox 1932 4839 3527 4905">
    <p class='ocr_par' dir='ltr' id='par_1_108' title="bbox 1932 4839 3527 4905">
     <span class='ocr_line' id='line_1_108' title="bbox 1932 4839 3527 4905; baseline -0.001 -15"><span class='ocrx_word' id='word_1_813' title='bbox 1932 4846 2148 4900; x_wconf 77' lang='lat' dir='ltr'><strong>scentes,</strong></span> <span class='ocrx_word' id='word_1_814' title='bbox 2197 4845 2254 4890; x_wconf 65' lang='lat' dir='ltr'><strong>ct&#39;</strong></span> <span class='ocrx_word' id='word_1_815' title='bbox 2292 4853 2579 4905; x_wconf 79' lang='lat' dir='ltr'><strong>nunquam</strong></span> <span class='ocrx_word' id='word_1_816' title='bbox 2618 4839 2689 4888; x_wconf 81' lang='lat' dir='ltr'><strong>ad</strong></span> <span class='ocrx_word' id='word_1_817' title='bbox 2734 4840 3020 4890; x_wconf 72' lang='lat' dir='ltr'><strong>scientiam</strong></span> <span class='ocrx_word' id='word_1_818' title='bbox 3054 4839 3300 4888; x_wconf 57' lang='lat' dir='ltr'><strong>raritatis</strong></span> <span class='ocrx_word' id='word_1_819' title='bbox 3333 4853 3527 4905; x_wconf 87' lang='lat' dir='ltr'><strong>perve-</strong></span> 
     </span>
    </p>
   </div>
   <div class='ocr_carea' id='block_1_109' title="bbox 1931 4923 3530 4994">
    <p class='ocr_par' dir='ltr' id='par_1_109' title="bbox 1931 4923 3530 4994">
     <span class='ocr_line' id='line_1_109' title="bbox 1931 4923 3530 4994; baseline -0.003 -12"><span class='ocrx_word' id='word_1_820' title='bbox 1931 4929 2167 4982; x_wconf 86' lang='lat' dir='ltr'><strong>nientes.</strong></span> <span class='ocrx_word' id='word_1_821' title='bbox 2205 4929 2465 4981; x_wconf 87' lang='lat' dir='ltr'><strong>Studium</strong></span> <span class='ocrx_word' id='word_1_822' title='bbox 2501 4927 2757 4978; x_wconf 86' lang='lat' dir='ltr'><strong>videntur</strong></span> <span class='ocrx_word' id='word_1_823' title='bbox 2787 4923 3008 4985; x_wconf 88' lang='lat' dir='ltr'><strong>habere,</strong></span> <span class='ocrx_word' id='word_1_824' title='bbox 3043 4924 3138 4976; x_wconf 86' lang='lat' dir='ltr'><strong>sed</strong></span> <span class='ocrx_word' id='word_1_825' title='bbox 3183 4941 3292 4976; x_wconf 87' lang='lat' dir='ltr'><strong>non</strong></span> <span class='ocrx_word' id='word_1_826' title='bbox 3334 4942 3530 4994; x_wconf 84' lang='lat' dir='ltr'><strong>perve-</strong></span> 
     </span>
    </p>
   </div>
   <div class='ocr_carea' id='block_1_110' title="bbox 1936 5012 3532 5071">
    <p class='ocr_par' dir='ltr' id='par_1_110' title="bbox 1936 5012 3532 5071">
     <span class='ocr_line' id='line_1_110' title="bbox 1936 5012 3532 5071; baseline -0.002 -1"><span class='ocrx_word' id='word_1_827' title='bbox 1936 5017 2098 5071; x_wconf 86' lang='lat' dir='ltr'><strong>niunt</strong></span> <span class='ocrx_word' id='word_1_828' title='bbox 2114 5017 2182 5070; x_wconf 90' lang='lat' dir='ltr'><strong>ad</strong></span> <span class='ocrx_word' id='word_1_829' title='bbox 2199 5015 2306 5069; x_wconf 86' lang='lat' dir='ltr'><strong>hoc</strong></span> <span class='ocrx_word' id='word_1_830' title='bbox 2333 5023 2391 5068; x_wconf 83' lang='lat' dir='ltr'><strong>at</strong></span> <span class='ocrx_word' id='word_1_831' title='bbox 2407 5014 2722 5067; x_wconf 75' lang='lat' dir='ltr'><strong>discernunt</strong></span> <span class='ocrx_word' id='word_1_832' title='bbox 2748 5013 2893 5065; x_wconf 88' lang='lat' dir='ltr'><strong>inter</strong></span> <span class='ocrx_word' id='word_1_833' title='bbox 2909 5012 3202 5065; x_wconf 86' lang='lat' dir='ltr'><strong>veritatem</strong></span> <span class='ocrx_word' id='word_1_834' title='bbox 3224 5018 3280 5066; x_wconf 89' lang='lat' dir='ltr'><strong>et</strong></span> <span class='ocrx_word' id='word_1_835' title='bbox 3298 5013 3532 5067; x_wconf 84' lang='lat' dir='ltr'><strong>menda-</strong></span> 
     </span>
    </p>
   </div>
   <div class='ocr_carea' id='block_1_111' title="bbox 1937 5101 2860 5176">
    <p class='ocr_par' dir='ltr' id='par_1_111' title="bbox 1937 5101 2860 5176">
     <span class='ocr_line' id='line_1_111' title="bbox 1937 5101 2860 5176; baseline -0.007 -18"><span class='ocrx_word' id='word_1_836' title='bbox 1937 5105 2102 5164; x_wconf 86' lang='lat' dir='ltr'><strong>cium,</strong></span> <span class='ocrx_word' id='word_1_837' title='bbox 2134 5106 2280 5158; x_wconf 84' lang='lat' dir='ltr'><strong>inter</strong></span> <span class='ocrx_word' id='word_1_838' title='bbox 2311 5103 2514 5156; x_wconf 88' lang='lat' dir='ltr'><strong>bonum</strong></span> <span class='ocrx_word' id='word_1_839' title='bbox 2545 5108 2613 5176; x_wconf 72' lang='lat' dir='ltr'><strong>et~</strong></span> <span class='ocrx_word' id='word_1_840' title='bbox 2633 5101 2860 5154; x_wconf 88' lang='lat' dir='ltr'><strong>malum.</strong></span> 
     </span>
    </p>
   </div>
   <div class='ocr_carea' id='block_1_112' title="bbox 2012 5191 3534 5259">
    <p class='ocr_par' dir='ltr' id='par_1_112' title="bbox 2012 5191 3534 5259">
     <span class='ocr_line' id='line_1_112' title="bbox 2012 5191 3534 5259; baseline 0.003 -15"><span class='ocrx_word' id='word_1_841' title='bbox 2012 5191 2473 5259; x_wconf 69' lang='lat' dir='ltr'><strong>Quemadmodum</strong></span> <span class='ocrx_word' id='word_1_842' title='bbox 2503 5196 2686 5243; x_wconf 41' lang='lat' dir='ltr'><strong>autem.</strong></span> <span class='ocrx_word' id='word_1_843' title='bbox 2709 5194 2914 5243; x_wconf 82' lang='lat' dir='ltr'><strong>Janncs</strong></span> <span class='ocrx_word' id='word_1_844' title='bbox 2941 5195 2988 5244; x_wconf 83' lang='lat' dir='ltr'><strong>et</strong></span> <span class='ocrx_word' id='word_1_845' title='bbox 3022 5191 3290 5244; x_wconf 77' lang='lat' dir='ltr'><strong>Mambrcs</strong></span> <span class='ocrx_word' id='word_1_846' title='bbox 3323 5196 3534 5248; x_wconf 76' lang='lat' dir='ltr'><strong>restite-</strong></span> 
     </span>
    </p>
   </div>
   <div class='ocr_carea' id='block_1_113' title="bbox 1941 5280 3534 5348">
    <p class='ocr_par' dir='ltr' id='par_1_113' title="bbox 1941 5280 3534 5348">
     <span class='ocr_line' id='line_1_113' title="bbox 1941 5280 3534 5348; baseline 0.001 -14"><span class='ocrx_word' id='word_1_847' title='bbox 1941 5289 2076 5335; x_wconf 76' lang='lat' dir='ltr'><strong>runt</strong></span> <span class='ocrx_word' id='word_1_848' title='bbox 2107 5284 2295 5348; x_wconf 74' lang='lat' dir='ltr'><strong>Moysi,</strong></span> <span class='ocrx_word' id='word_1_849' title='bbox 2342 5285 2420 5334; x_wconf 75' lang='lat' dir='ltr'><strong>ita.</strong></span> <span class='ocrx_word' id='word_1_850' title='bbox 2451 5285 2497 5332; x_wconf 70' lang='lat' dir='ltr'><strong>et</strong></span> <span class='ocrx_word' id='word_1_851' title='bbox 2531 5280 2590 5332; x_wconf 73' lang='lat' dir='ltr'><strong>lli</strong></span> <span class='ocrx_word' id='word_1_852' title='bbox 2619 5283 2884 5332; x_wconf 69' lang='lat' dir='ltr'><strong>resistunt</strong></span> <span class='ocrx_word' id='word_1_853' title='bbox 2915 5283 3157 5334; x_wconf 75' lang='lat' dir='ltr'><strong>veritati.</strong></span> <span class='ocrx_word' id='word_1_854' title='bbox 3194 5282 3534 5336; x_wconf 85' lang='lat' dir='ltr'><strong>Animositas</strong></span> 
     </span>
    </p>
   </div>
   <div class='ocr_carea' id='block_1_114' title="bbox 1942 5369 3536 5439">
    <p class='ocr_par' dir='ltr' id='par_1_114' title="bbox 1942 5369 3536 5439">
     <span class='ocr_line' id='line_1_114' title="bbox 1942 5369 3536 5439; baseline -0.001 -15"><span class='ocrx_word' id='word_1_855' title='bbox 1942 5371 2327 5424; x_wconf 66' lang='lat' dir='ltr'><strong>haereticorum</strong></span> <span class='ocrx_word' id='word_1_856' title='bbox 2361 5386 2583 5439; x_wconf 86' lang='lat' dir='ltr'><strong>semper</strong></span> <span class='ocrx_word' id='word_1_857' title='bbox 2611 5369 2861 5439; x_wconf 89' lang='lat' dir='ltr'><strong>inquieta</strong></span> <span class='ocrx_word' id='word_1_858' title='bbox 2887 5373 2988 5422; x_wconf 85' lang='lat' dir='ltr'><strong>est.</strong></span> <span class='ocrx_word' id='word_1_859' title='bbox 3023 5370 3172 5432; x_wconf 85' lang='lat' dir='ltr'><strong>Quos</strong></span> <span class='ocrx_word' id='word_1_860' title='bbox 3217 5372 3364 5439; x_wconf 84' lang='lat' dir='ltr'><strong>magi</strong></span> <span class='ocrx_word' id='word_1_861' title='bbox 3393 5371 3536 5422; x_wconf 84' lang='lat' dir='ltr'><strong>Pha-</strong></span> 
     </span>
    </p>
   </div>
   <div class='ocr_carea' id='block_1_115' title="bbox 1945 5457 3536 5528">
    <p class='ocr_par' dir='ltr' id='par_1_115' title="bbox 1945 5457 3536 5528">
     <span class='ocr_line' id='line_1_115' title="bbox 1945 5457 3536 5528; baseline -0.002 -15"><span class='ocrx_word' id='word_1_862' title='bbox 1945 5461 2132 5514; x_wconf 88' lang='lat' dir='ltr'><strong>raonis</strong></span> <span class='ocrx_word' id='word_1_863' title='bbox 2157 5459 2429 5512; x_wconf 88' lang='lat' dir='ltr'><strong>haberent</strong></span> <span class='ocrx_word' id='word_1_864' title='bbox 2452 5457 2684 5511; x_wconf 84' lang='lat' dir='ltr'><strong>conatus</strong></span> <span class='ocrx_word' id='word_1_865' title='bbox 2711 5458 3062 5511; x_wconf 88' lang='lat' dir='ltr'><strong>demonstrat</strong></span> <span class='ocrx_word' id='word_1_866' title='bbox 3084 5459 3380 5528; x_wconf 89' lang='lat' dir='ltr'><strong>Apostolus</strong></span> <span class='ocrx_word' id='word_1_867' title='bbox 3408 5459 3536 5510; x_wconf 89' lang='lat' dir='ltr'><strong>Jan-</strong></span> 
     </span>
    </p>
   </div>
   <div class='ocr_carea' id='block_1_116' title="bbox 1943 5545 3537 5618">
    <p class='ocr_par' dir='ltr' id='par_1_116' title="bbox 1943 5545 3537 5618">
     <span class='ocr_line' id='line_1_116' title="bbox 1943 5545 3537 5618; baseline -0.002 -15"><span class='ocrx_word' id='word_1_868' title='bbox 1943 5563 2043 5603; x_wconf 90' lang='lat' dir='ltr'><strong>nes</strong></span> <span class='ocrx_word' id='word_1_869' title='bbox 2073 5554 2130 5602; x_wconf 89' lang='lat' dir='ltr'><strong>et</strong></span> <span class='ocrx_word' id='word_1_870' title='bbox 2164 5545 2444 5603; x_wconf 87' lang='lat' dir='ltr'><strong>Mambres</strong></span> <span class='ocrx_word' id='word_1_871' title='bbox 2472 5545 2581 5603; x_wconf 90' lang='lat' dir='ltr'><strong>duo</strong></span> <span class='ocrx_word' id='word_1_872' title='bbox 2608 5547 2809 5602; x_wconf 87' lang='lat' dir='ltr'><strong>fratres</strong></span> <span class='ocrx_word' id='word_1_873' title='bbox 2837 5545 3066 5601; x_wconf 86' lang='lat' dir='ltr'><strong>fuerunt</strong></span> <span class='ocrx_word' id='word_1_874' title='bbox 3092 5545 3262 5617; x_wconf 76' lang='lat' dir='ltr'><strong>magi,</strong></span> <span class='ocrx_word' id='word_1_875' title='bbox 3298 5559 3537 5618; x_wconf 86' lang='lat' dir='ltr'><strong>quorum</strong></span> 
     </span>
    </p>
   </div>
  </div>
