3966 6156
467 241 574 301 807

463 455 899 528 in'apocryphis,
924 456 981 509 id
1004 461 1089 509 est
1109 455 1167 508 in
1189 455 1439 510 occultis.
1465 456 1560 526 qui
1581 456 1651 510 ab
1674 456 1932 511 omnibus
1952 472 2065 510 non

464 550 599 598 sunt
612 544 851 615 legendi,
868 544 999 615 quia
1017 544 1167 597 inter
1178 559 1307 597 vera
1322 544 1502 598 multa
1522 546 1882 599 continentur
1900 546 2063 599 falsa.

466 632 567 687 Isti
596 648 729 703 ergo
781 633 892 686 duo
940 632 1091 703 magi
1130 632 1460 686 restiterunt
1511 634 1706 704 Moysi,
1759 634 1981 704 quando
2011 637 2068 686 et

464 721 651 791 virgas
677 737 809 775 suas
835 726 1234 775 converterunt
1260 720 1317 774 in
1350 721 1640 783 dracones.
1668 723 1814 777 sicut
1842 722 2068 793 Moyses

466 826 647 875 suam,
672 815 730 863 et
757 825 961 879 aquam
991 809 1051 862 in
1075 808 1428 878 sanguinem.
1451 810 1559 864 Sed
1590 828 1718 864 cum
1740 816 2068 882 perventum

467 903 616 952 esset
659 897 728 951 ad
769 897 998 951 tertium
1044 897 1295 967 signum,
1344 897 1400 951 id
1432 904 1517 952 est
1561 899 1632 953 ad
1662 900 1949 970 cymphes,
1992 897 2068 951 ibi

466 985 807 1051 deiecerunt,
841 986 1091 1040 dicentes
1124 1003 1135 1037 :
1170 985 1391 1055 Digitus
1434 986 1535 1041 Dei
1581 987 1670 1041 hic
1698 995 1802 1042 est.
1836 987 2068 1042 Sublato

466 1074 617 1128 enim
646 1074 807 1144 signo
848 1091 882 1128 a
921 1079 1096 1137 terra,
1127 1074 1349 1128 sublata
1386 1081 1471 1128 est
1515 1081 1573 1129 et
1624 1092 1818 1130 eorum
1851 1076 2071 1146 magica

465 1163 862 1217 maleﬁcentia.
894 1162 968 1217 Et
997 1162 1135 1216 bene
1174 1162 1344 1215 etiam
1373 1179 1408 1216 a
1436 1163 1602 1217 tertio
1632 1164 1794 1234 signo
1820 1163 2074 1235 superati

468 1256 621 1316 sunt,
645 1251 778 1321 quia
799 1251 1003 1305 virtute
1030 1250 1271 1321 Spiritus
1292 1252 1490 1313 sancti,
1517 1252 1609 1321 qui
1642 1252 1811 1306 tertia
1832 1268 2072 1323 persona

470 1344 556 1392 est
597 1338 914 1400 Trinitatis,
962 1337 1189 1391 illorum
1231 1339 1607 1393 maleficentia
1642 1346 1730 1394 est
1771 1342 1930 1396 victa.
1964 1343 2071 1395 Ηο-

472 1430 648 1479 mines
672 1426 796 1479 dico
816 1430 983 1479 erunt
1005 1429 1257 1495 corrupti
1280 1432 1457 1480 mente
1478 1430 1697 1495 reprobi
1714 1432 1866 1483 circa
1887 1431 2065 1494 Iidem,

470 1513 528 1567 id
557 1519 644 1567 est
671 1530 783 1567 non
813 1512 992 1583 probi,
1023 1515 1115 1566 sed
1140 1517 1294 1568 ultra
1331 1532 1444 1569 non
1478 1522 1760 1583 poterunt,
1803 1516 2071 1571 subaudis

471 1601 751 1665 resistere,
792 1602 838 1656 si
868 1602 1118 1656 adhibita
1166 1602 1333 1657 fuerit
1360 1604 1584 1659 veritas.
1620 1605 1711 1659 Sic
1738 1606 1948 1659 factum
1986 1611 2072 1660 est

924 240 1304 299 HAYMONIS
1333 241 1823 300 HALBERSTAT.
1857 242 2080 299 EPISO.
2116 242 2277 298 OPP.
2310 242 2496 298 PARS
2524 242 2571 297 Ι.
2606 269 2670 284 --
2702 238 3079 299 COMMENT.
3109 239 3289 296 BIBL.

464 366 698 422 nomina
725 367 1021 439 Aposlolus
1050 382 1163 421 non
1192 366 1406 421 invenit
1432 367 1493 421 in
1521 367 1724 423 divinis
1753 367 1932 433 libris,
1960 348 2060 422 sed
2078 373 2129 428 Α

3607 241 3703 300 808

2221 368 2364 435 Opus
2389 368 2481 434 fac
2498 368 2858 435 evangelista.
2880 365 3036 436 Opus
3055 364 3403 435 evangelista
3428 370 3511 421 est
3533 366 3710 422 docere

2147 460 2205 509 et
2231 455 2472 526 operari.
2507 454 2649 509 sicut
2681 454 2922 525 legimus
2950 454 3020 508 de
3046 453 3287 518 Christo,
3318 454 3449 524 quia
3474 459 3612 523 capit
3633 457 3711 508 Je-

2146 561 2241 597 sus
2269 546 2449 612 facere
2478 550 2525 597 et
2558 546 2746 598 docere
2786 545 2924 609 (Act.
2954 543 3016 612 ι).
3050 542 3160 606 Qui
3207 558 3337 614 ergo
3382 542 3580 598 bonum
3624 543 3714 596 ali-

2148 633 2299 704 quod
2328 632 2646 697 denuntiat,
2675 631 2775 686 sed
2805 632 2925 702 ipse
2953 631 3198 700 idipsum
3225 648 3363 702 opus
3401 648 3510 686 non
3544 631 3716 702 implet

2150 720 2299 790 quod
2320 721 2501 786 docet,
2525 719 2867 790 evangelista
2893 719 3118 789 quidem
3137 720 3409 790 appellari
3427 726 3617 791 potest,
3633 718 3717 774 sed

2150 825 2292 879 opus
2310 808 2675 878 evangelista:
2688 823 2800 862 non
2822 807 2970 861 facit.
2985 808 3367 861 Ministerium
3384 814 3537 862 tuum
3554 810 3715 875 imple.

2150 897 2526 951 Ministerium
2555 896 2707 951 illius
2729 901 2852 950 erat
2877 895 3015 950 alios
3036 895 3255 962 docere,
3273 901 3339 950 ut
3365 911 3430 950 eo
3454 895 3720 950 recedente

2152 1001 2187 1038 a
2214 1001 2465 1055 corpore,
2490 990 2811 1039 remaneret
2835 983 3039 1054 aliquis
3058 983 3155 1053 qui
3178 983 3240 1037 in
3267 984 3393 1053 ejus
3411 984 3589 1037 locum
3612 982 3719 1037 sub-

2153 1072 2341 1143 rogari
2371 1073 2665 1143 potuisset,
2697 1079 2754 1126 et
2783 1077 2870 1127 est
2902 1088 3101 1126 sensus
3134 1090 3146 1125 :
3180 1072 3424 1143 Tempus
3454 1088 3585 1126 mea;
3611 1088 3720 1143 pas-

2152 1161 2327 1215 sionis
2351 1162 2472 1232 jam
2501 1162 2782 1227 imminet,
2820 1161 2880 1216 in
2915 1160 3168 1231 proximo
3197 1165 3285 1215 est
3311 1166 3374 1215 et
3408 1166 3539 1215 tuus
3564 1176 3723 1216 reces-

2152 1267 2268 1305 sus.
2294 1250 2453 1305 Sicut
2482 1266 2615 1321 ergo
2646 1255 2702 1304 te
2729 1250 2913 1305 docui.
2944 1254 3010 1304 ut
3037 1254 3358 1304 remaneret
3386 1254 3512 1320 post
3539 1265 3619 1303 me
3642 1248 3722 1320 qui

2153 1338 2528 1393 ministerium
2560 1355 2746 1393 meum
2777 1339 3059 1409 impleret,
3090 1338 3170 1392 sic
3197 1343 3256 1392 et
3281 1344 3347 1392 tu
3376 1337 3514 1392 alios
3535 1337 3723 1391 instrue

2152 1427 2249 1497 qui
2277 1426 2379 1480 tibi
2409 1426 2747 1493 succedant;
2780 1432 2837 1480 et
2866 1426 3027 1497 quasi
3055 1414 3107 1480 ei
3135 1426 3353 1481 diceret
3379 1426 3721 1480 Timotheus:

2152 1514 2340 1578 Quare
2395 1513 2537 1567 mihi
2594 1513 2850 1585 praecipis
2887 1522 2952 1567 ut
2988 1513 3369 1569 ministerium
3408 1528 3589 1568 meum
3632 1513 3726 1568 im-

2155 1602 2336 1673 pleam
2354 1603 2379 1655 7
2406 1601 2714 1673 subjunxit,
2752 1601 3013 1673 inquiens
3046 1620 3058 1656 :

472 1689 665 1744 statim
697 1694 760 1744 ut
803 1689 1050 1744 haeretici
1078 1689 1135 1743 in
1163 1690 1459 1745 concilium
1489 1708 1746 1747 verorum
1776 1694 2069 1748 doctorum

2223 1710 2335 1776 Ego
2360 1711 2512 1763 enim
2529 1713 2655 1778 jam
2682 1710 2910 1773 detibor,
2936 1713 2985 1762 et
3016 1714 3226 1777 tempus
3253 1725 3389 1764 mea:
3410 1711 3726 1764 resolutionis

471 1782 764 1840 venerunt,
788 1783 844 1830 et
866 1794 994 1831 cum
1020 1777 1130 1831 illis
1150 1784 1440 1848 ceperunt
1458 1779 1664 1835 habere
1685 1782 2070 1838 narrationem
2152 1800 2347 1861 ίηειαε,
2388 1797 2504 1851 sive
2535 1777 2811 1851 imminet,
2845 1796 3045 1852 Libare
3074 1797 3316 1851 dicimus
3343 1797 3656 1868 degustare,
3680 1802 3727 1852 et

472 1866 623 1919 ultra
650 1882 764 1919 non
792 1871 1098 1936 potuerunt
1126 1882 1395 1937 superare
1436 1868 1553 1922 suis
1591 1870 1877 1925 erroribus
1906 1871 2069 1938 alios,
2153 1886 2409 1949 fundere,
2430 1886 2515 1939 νει
2535 1885 2831 1939 immolare
2852 1901 2861 1940 ς
2883 1885 3015 1940 inde
3039 1866 3636 1957 οοωροηίωι-ζάειίδο,
3658 1888 3729 1939 αθ.

473 1952 620 2008 sicut
643 1953 890 2008 Elvidius
916 1959 1217 2024 superatus
1245 1971 1279 2009 a
1307 1954 1473 2010 beato
1504 1957 1866 2029 Hieronymo,
1891 1963 1949 2013 et
1977 1958 2073 2013 alii

473 2040 724 2095 haeretici
753 2041 823 2095 ab
852 2042 979 2096 aliis
1000 2043 1145 2097 veris
1174 2043 1514 2100 doctoribus.

550 2130 630 2183 Tu
652 2136 841 2184 autem
860 2137 1139 2186 assecutus
1158 2150 1210 2185 es
1240 2149 1421 2187 meam
1442 2136 1757 2189 doctrinam
1777 2140 1825 2189 et
1851 2138 2075 2190 institu-

478 2221 702 2277 tionem.
734 2218 884 2289 quod
928 2219 1176 2290 idipsum
1207 2226 1312 2274 est.
1366 2221 1607 2276 Instituo
1653 2228 1842 2277 autem
1873 2223 2080 2278 dicitur

479 2305 639 2377 quasi
655 2306 809 2362 intus
829 2312 1034 2362 statuo.
1054 2308 1123 2362 Et
1138 2313 1428 2364 assecutus
1448 2326 1508 2363 es
1528 2310 1701 2365 etiam
1725 2312 2077 2383 propositum

478 2411 671 2450 meum
700 2395 840 2449 bene
859 2396 1098 2451 vivendi.

554 2483 746 2538 Omnes
778 2487 878 2553 qui
905 2489 1092 2539 volunt
1137 2488 1247 2553 pie,
1278 2485 1336 2540 id
1374 2491 1461 2541 est
1496 2487 1760 2558 religiose
1791 2504 1857 2543 ac
1900 2490 2074 2560 juste,

479 2574 656 2627 vivere
677 2575 741 2626 in
759 2574 975 2629 Christo
990 2575 1141 2638 Jesu,
1156 2578 1587 2643 persecutionem
1614 2582 1905 2644 patientur
1928 2583 2029 2632 aut
2045 2594 2080 2631 a

479 2660 721 2726 diabolo,
769 2666 870 2715 aut
905 2677 941 2715 a
976 2662 1142 2716 malis
1179 2662 1519 2731 hominibus,
1562 2665 1649 2718 vel
1687 2665 1856 2720 etiam
1895 2682 1930 2720 a
1966 2667 2082 2721 suis

480 2748 619 2821 ipsis
641 2748 930 2804 membris.

554 2839 746 2894 Omnis
767 2842 1049 2907 scriptura
1070 2840 1344 2894 divinitus
1369 2843 1666 2910 inspirata,
1695 2842 1751 2896 id
1776 2847 1863 2897 est
1898 2858 1933 2897 a
1964 2842 2081 2897 Deo

481 2925 633 2992 data,
656 2928 816 2980 utilis
835 2928 1005 2981 estad
1022 2927 1328 2982 docendum
1350 2929 1512 2994 alios,
1534 2931 1608 2982 ad
1630 2931 2081 2999 redarguendum

481 3014 851 3085 negligentes,
864 3017 938 3069 ad
951 3017 1367 3084 corripiendum
1388 3017 1634 3072 volentes
1650 3018 1710 3072 in
1723 3019 1941 3074 malitia
1958 3035 2085 3091 per—
2099 3029 2143 3089 α

482 3117 729 3167 manere,
754 3104 827 3155 ad
854 3104 1222 3157 erudiendum
1256 3107 1320 3158 in
1336 3107 1587 3172 justitia,
1620 3111 1683 3159 ut
1709 3109 1979 3175 perfectus
2007 3111 2079 3162 sit

486 3190 643 3243 homo
670 3191 788 3257 Dei,
802 3191 876 3243 ad
903 3206 1062 3244 omne
1090 3207 1223 3258 opus
1251 3192 1454 3245 bonum
1477 3196 1812 3253 instructus.

1096 3278 1329 3333 CAPUT
1365 3279 1463 3334 IV.

560 3366 834 3433 Testiﬁcor
860 3381 1047 3420 coram
1068 3367 1170 3421 Deo
1189 3372 1237 3421 et
1260 3367 1473 3421 Christo
1500 3370 1646 3435 Jesu,
1672 3373 1777 3438 qui
1793 3372 2080 3439 judicatu-

485 3470 587 3509 rus
596 3459 647 3508 et
668 3458 811 3509 vivos
826 3460 873 3507 et
890 3459 1151 3509 mortuos.
1162 3472 1262 3524 per
1272 3458 1569 3511 adventum
1588 3460 1763 3526 ipsius
1774 3464 1825 3512 et
1843 3475 2082 3526 regnum

483 3546 619 3612 ejus,
659 3544 899 3612 pradica
927 3544 1152 3597 verbum
1186 3542 1474 3615 Evangelii
1508 3564 1519 3598 :
1553 3547 1710 3599 Insla
1739 3546 1797 3599 in
1826 3546 2082 3600 admoni-

482 3632 636 3686 tione
675 3637 976 3700 opportune
1000 3632 1314 3688 volentibus
1342 3640 1399 3687 ‘et
1428 3634 1485 3687 in
1516 3639 1683 3705 portu
1710 3634 1917 3705 quietis
1945 3652 2084 3690 con-

482 3720 1177 3793 sistentibus,_importune
1199 3721 1547 3777 nolentibus:
1573 3739 1746 3791 argue
1765 3729 2076 3794 peccantes,

483 3811 700 3863 obsecra
723 3808 866 3862 bene
890 3808 1211 3863 laborantes
1237 3814 1300 3863 ut
1327 3810 1383 3863 in
1415 3810 1615 3865 melius
1637 3812 1954 3882 proﬁciant,
1987 3816 2083 3868 in-

483 3913 641 3965 crepa
657 3896 784 3950 illos
810 3896 906 3967 qui
932 3897 1133 3951 nolunt
1158 3896 1440 3967 corrigere
1463 3914 1523 3952 se
1543 3901 1606 3953 in
1627 3904 1785 3955 omni
1807 3904 2083 3968 patientia

482 3991 531 4041 et
555 3988 831 4041 doctrina.
857 3985 1003 4050 Quid
1023 3990 1109 4040 est
1128 3986 1278 4057 quod
1296 3986 1369 4040 ad
1391 3987 1583 4042 Titum
1608 3988 1859 4044 scribens
1884 4007 2083 4061 praece-

480 4074 567 4146 pit
593 4074 695 4134 illi,
734 4073 996 4144 inquiens
1024 4073 1253 4144 increpa
1280 4091 1409 4128 cum
1439 4076 1591 4130 omni
1634 4076 1893 4148 imperio,
1926 4083 1984 4132 et
2012 4077 2084 4132 ad

482 4161 839 4217 Timotheum
878 4160 1139 4215 similiter
1174 4162 1467 4231 epistolam
1507 4164 1756 4234 dirigens
1788 4165 1945 4229 dicit,
1994 4166 2084 4219 in-

483 4266 651 4320 crepa
678 4264 806 4302 cum
845 4249 998 4302 omni
1046 4249 1336 4318 patientia,
1379 4250 1484 4304 nisi
1525 4251 1659 4321 quia
1687 4252 1935 4307 medicus
1964 4259 2087 4308 erat

484 4335 781 4390 amborum
799 4335 827 4388 ?
856 4335 1000 4389 Nam
1026 4336 1187 4389 Titus
1223 4336 1407 4392 nimia:
1449 4346 1573 4393 erat
1599 4340 1903 4411 patientiae,
1934 4342 2087 4397 ideo-

485 4439 594 4495 que
623 4424 887 4495 praacepit
915 4423 965 4477 ei
998 4429 1055 4478 et
1085 4423 1373 4495 instigavit
1398 4426 1469 4480 ad
1517 4427 1622 4481 hoc
1662 4434 1727 4483 ut
1766 4430 2085 4502 increparet

483 4527 612 4567 cum
642 4509 796 4565 omni
826 4509 1083 4581 imperio,
1111 4527 1182 4566 ne
1206 4510 1350 4566 forte
1380 4520 1609 4585 propter
1634 4533 1795 4571 suam
1826 4534 2084 4575 mansue-

482 4600 736 4656 tudinem
753 4616 867 4654 non
886 4600 1197 4671 corriperet
1216 4601 1623 4673 delinquentes.
1638 4604 1967 4661 Timotheus
1987 4624 2085 4663 au-

481 4694 597 4744 tem
627 4689 761 4761 quia
797 4688 1029 4743 acrioris
1058 4689 1235 4744 animi
1278 4696 1419 4754 erat,
1452 4707 1681 4747 necesse
1709 4694 1953 4749 habebat
1980 4695 2082 4750 ad-

483 4795 733 4845 monere,
765 4782 832 4832 ut
875 4793 1004 4832 cum
1052 4777 1204 4832 omni
1246 4779 1520 4850 patientia
1555 4782 1874 4854 increparet
1903 4782 2085 4838 delin-

483 4871 739 4937 quentes,
770 4882 843 4920 ne
869 4866 1016 4921 forte
1046 4866 1196 4921 ultra
1224 4868 1454 4923 modum
1493 4869 1634 4924 dure
1676 4870 1989 4943 increpans,
2020 4872 2082 4927 in

482 4953 933 5025 desperationem
957 4954 1201 5025 aliquem
1226 4956 1638 5027 pusillanimem
1671 4966 1925 5030 poneret.

554 5043 639 5096 Ad
665 5056 768 5094 sua
803 5042 1075 5096 desideria
1106 5047 1499 5099 coacervabunt
1532 5048 1641 5100 sibi
1678 5051 1992 5117 magistros,
2023 5049 2083 5105 id

485 5133 572 5183 est
596 5128 848 5182 veritatis
875 5129 1176 5199 magistros
1203 5137 1646 5200 contemnentes,
1662 5136 2081 5207 congregabunt

484 5217 592 5273 sibi
638 5216 938 5286 magistros
969 5217 1064 5287 qui
1112 5217 1209 5272 illa
1245 5219 1549 5292 loquantur
1577 5239 1700 5294 quze
1727 5224 1832 5295 ipsi
1861 5225 2082 5282 deside-

483 5310 633 5369 rant,
662 5310 722 5358 et
747 5304 819 5358 ad
848 5304 1191 5359 voluntatem
1223 5306 1471 5377 ipsorum
1494 5310 1795 5381 pertinent.
1809 5314 2082 5369 Prurien-

484 5400 559 5450 tes
588 5394 843 5449 auribus.
886 5393 1114 5448 Prurire
1143 5400 1229 5449 est
1256 5399 1541 5469 scalpere;
1576 5400 1656 5455 illi
1685 5402 1948 5473 pruriunt
1974 5419 2079 5459 au-

479 5484 637 5540 ribus
665 5481 762 5554 qui
791 5497 1013 5553 semper
1039 5500 1204 5540 aures
1247 5484 1460 5543 habent
1498 5487 1745 5546 intentas
1771 5490 1844 5547 ad
1872 5490 1979 5547 hoc
2012 5496 2081 5548 ut

478 5570 691 5645 aliquid
713 5570 844 5630 novi
871 5570 1124 5628 audiant.

2157 1976 2311 2037 libus,
2347 1979 2402 2028 et
2430 1975 2658 2039 delibor,
2690 1975 2972 2038 delibaris,
3004 1973 3098 2027 hic
3132 1978 3323 2027 autem
3353 1990 3459 2045 pro
3479 1974 3728 2028 sacriﬁca-

2153 2063 2308 2117 tione
2351 2069 2410 2117 et
2451 2062 2838 2117 immolatione
2872 2063 3121 2134 ponitur.
3168 2078 3235 2117 ac
3270 2062 3318 2116 si
3355 2063 3567 2118 diceret
3596 2082 3608 2116 :
3636 2064 3729 2132 Ego

2159 2151 2308 2204 enim
2332 2151 2451 2221 jam
2483 2150 2766 2205 immolor.
2793 2149 3066 2205 Sacerdos
3094 2149 3248 2205 Petri
3278 2154 3336 2204 et
3362 2150 3529 2213 Pauli
3549 2151 3731 2206 exstitit

2158 2237 2327 2303 Nero,
2351 2238 2449 2292 sed
2478 2239 2602 2308 ejus
2640 2238 2951 2292 immolatio
2980 2254 3095 2293 non
3122 2242 3210 2292 est
3236 2243 3505 2309 reputata
3531 2238 3597 2293 ad
3618 2254 3732 2308 gra-

2159 2326 2319 2393 tiam,
2349 2342 2501 2381 mors
2530 2332 2722 2382 autem
2745 2326 2972 2383 illorum
3003 2327 3397 2399 gratissimum
3425 2328 3731 2383 sacriﬁcium

2158 2415 2266 2471 fuit
2283 2416 2420 2471 Deo.

2231 2525 2444 2578 Bonum
2500 2529 2776 2578 certamen
2825 2527 3047 2588 certavi,
3097 2524 3152 2579 id
3192 2530 3279 2580 est
3312 2523 3462 2581 bene
3497 2524 3731 2598 pugnavi,

2163 2627 2392 2666 cursum
2420 2616 2818 2667 consummavi.
2844 2614 3001 2668 Sicut
3021 2613 3116 2668 ille
3144 2613 3240 2684 qui
3270 2614 3331 2668 in
3357 2614 3541 2669 stadio
3566 2628 3735 2668 curre-

2163 2698 2277 2765 bat,
2310 2699 2640 2771 perveniens
2670 2701 2740 2754 ad
2768 2700 2954 2756 locum
2979 2702 3346 2762 destinatum.
3376 2700 3624 2756 brevium
3645 2698 3734 2754 sibi

2163 2788 2500 2859 promissum
2520 2788 2846 2860 accipiebat.
2860 2790 2942 2844 sic
2959 2789 3157 2845 beatus
3168 2790 3475 2861 Apostolus
3490 2791 3629 2844 inter
3640 2803 3735 2841 me-

2165 2882 2252 2931 tas
2289 2876 2418 2931 fidei
2444 2893 2696 2943 currens,
2730 2878 2984 2948 pervenit
3010 2878 3083 2933 ad
3121 2893 3388 2932 coronam
3419 2878 3508 2933 sui
3534 2876 3735 2931 laboris.

2165 2965 2325 3020 Unde
2354 2965 2473 3037 ipse
2497 2964 2634 3020 dicit
2657 2984 2669 3019 :
2704 2967 2888 3020 Fidem
2915 2970 3146 3021 servavi.

2234 3074 2302 3127 In
2332 3075 2563 3140 reliquo,
2593 3072 2707 3125 sive
2735 3072 2805 3127 de
2832 3072 3050 3143 reliquo
3073 3073 3159 3126 vel
3184 3073 3254 3127 de
3282 3078 3508 3132 caetero.
3532 3073 3736 3141 reposita

2162 3166 2242 3214 est
2284 3160 2429 3213 mihi
2464 3165 2521 3213 et
2571 3165 2856 3215 reservata
2883 3161 3028 3231 apud
3062 3159 3268 3228 Deum,
3299 3178 3506 3215 corona
3531 3161 3739 3229 justiti:

2165 3264 2334 3318 quam
2360 3247 2558 3301 reddet
2586 3247 2725 3301 mihi
2746 3248 3019 3302 Dominus
3048 3249 3107 3302 in
3136 3249 3236 3303 illa
3261 3249 3370 3312 die,
3397 3248 3457 3303 id
3485 3254 3570 3303 est
3586 3247 3639 3301 iu
3664 3245 3739 3300 die

2155 3336 2373 3407 judicii,
2398 3339 2588 3405 justus
2606 3338 2800 3403 judcx.
2832 3337 2923 3391 Sic
2950 3338 3202 3408 loquitur
3228 3337 3298 3392 de
3332 3337 3426 3392 die
3443 3336 3631 3408 judicii
3654 3332 3739 3387 ab-

2163 3424 2367 3489 solute,
2418 3423 2578 3495 quasi
2621 3424 2691 3479 de
2728 3441 2791 3479 re
2828 3424 3087 3480 omnibus
3132 3431 3284 3481 nota.
3322 3426 3402 3480 Re
3444 3426 3593 3480 enim
3630 3438 3739 3477 vera

2164 3511 2424 3566 omnibus
2453 3518 2608 3567 certa
2650 3518 2707 3567 et
2747 3518 2882 3567 nota
2924 3513 3092 3568 debet
3131 3530 3253 3569 esse
3296 3514 3397 3568 illa
3438 3515 3576 3576 dies,
3606 3510 3739 3567 etab

2164 3600 2423 3656 omnibus
2453 3601 2843 3673 exspectanda.
2866 3604 2991 3657 Non
3018 3604 3199 3657 solum
3222 3607 3412 3657 autem
3436 3604 3598 3667 mihi,
3626 3598 3741 3656 sub-

2164 3690 2326 3743 audis
2345 3690 2544 3745 reddet
2564 3707 2849 3756 coronam,
2878 3692 2965 3744 sed
2991 3696 3040 3745 et
3060 3691 3145 3745 his
3165 3694 3265 3760 qui
3284 3692 3531 3759 diligunt
3556 3691 3739 3744 aduen-

2167 3783 2286 3831 tum
2315 3781 2450 3846 ejus.
2487 3778 2573 3832 Illi
2606 3778 2851 3849 diligunt
2877 3777 3178 3832 adventum
3206 3778 3326 3847 ejus
3359 3777 3457 3849 qui
3485 3775 3658 3832 securi
3681 3775 3742 3829 de

2165 3866 2398 3937 przemio
2447 3872 2678 3937 sperant
2723 3884 2783 3920 se
2829 3866 3181 3920 remunerari
3209 3865 3280 3920 ab
3309 3865 3425 3920 illo.
3467 3866 3620 3921 Sicut
3658 3879 3741 3917 rex

2165 3953 2401 4024 quilibet
2428 3962 2530 4009 aut
2556 3955 2865 4025 imperator
2884 3954 3050 4009 alicui
3078 3971 3309 4009 suorum
3334 3954 3646 4026 principum
3666 3967 3743 4006 co-

2165 4058 2362 4096 ronam
2393 4041 2675 4097 tribuebat
2707 4042 3021 4113 antiquitus
3038 4043 3326 4097 victoriam
3358 4042 3663 4114 reportanti
3682 4039 3741 4095 ab

2165 4130 2440 4197 hostibus,
2489 4130 2571 4185 ita
2614 4130 2888 4185 Dominus
2917 4130 3035 4185 suis
3061 4130 3365 4185 victoribus
3392 4136 3454 4185 et
3492 4128 3741 4185 militibus

2167 4220 2400 4290 praemia
2435 4225 2652 4274 aeterna
2699 4224 2755 4274 et
2807 4218 3001 4273 bravia
3040 4219 3163 4274 sine
3206 4220 3319 4274 ﬁne
3365 4235 3631 4275 mansura
3661 4216 3744 4271 do-

2102 4300 2152 4359 D
2169 4306 2341 4362 nabit.

2236 4405 2433 4460 Demus
2471 4421 2555 4460 me
2594 4407 2824 4475 reliquit
2861 4406 3097 4475 diligens
3136 4405 3233 4462 hoc
3268 4406 3531 4462 saeculum
3581 4403 3743 4475 magis

2167 4511 2335 4565 quam
2383 4494 2581 4560 Deum,
2632 4500 2681 4548 et
2720 4497 2835 4549 abit
2880 4495 3337 4550 Thessalonicam.
3379 4494 3496 4550 Iste
3529 4491 3744 4549 adhaesit

2166 4582 2331 4637 beato
2362 4583 2630 4653 Apostolo
2658 4599 2759 4654 per
2785 4581 3028 4637 multum
3056 4588 3300 4653 tempus,
3332 4584 3432 4638 sed
3460 4600 3585 4639 cum
3613 4588 3745 4636 tem-

2165 4686 2269 4741 pus
2291 4670 2694 4741 persecutionis
2713 4670 3049 4738 advenisset,
3068 4671 3300 4726 recessit
3327 4671 3535 4743 abillo,
3554 4671 3745 4726 factus-

2167 4774 2274 4831 que
2302 4764 2391 4813 est
2415 4764 2693 4830 apostata.

2234 4856 2484 4911 Crescens
2512 4859 2575 4911 in
2605 4857 2903 4913 Calatiam.
2924 4855 3039 4912 Iste
3059 4858 3272 4914 exstitit
3297 4858 3503 4923 ﬁdelis,
3519 4863 3571 4913 et
3589 4870 3744 4912 causa

2162 4944 2573 5015 praedicationis
2610 4943 2751 4999 abiit
2778 4945 2849 4999 ad
2885 4945 3025 5001 alias
3061 4947 3338 5014 nationes,
3368 4944 3630 5019 Apostolo
3656 4957 3743 4996 vo-

2162 5032 2314 5089 lente
2340 5045 2353 5079 :
2388 5032 2649 5087 similiter
2676 5038 2734 5087 et
2759 5033 2940 5088 Titus.

2233 5132 2487 5186 Marcum
2529 5148 2765 5197 assume,
2798 5137 2848 5185 et
2876 5133 3059 5188 adhuc
3086 5138 3283 5189 tecum.
3317 5135 3411 5189 Est
3437 5137 3581 5189 enim
3608 5130 3744 5184 mihi

2161 5223 2320 5275 utilis
2348 5222 2412 5274 in
2450 5221 2763 5274 ministerio
2789 5222 3216 5289 pradicationis.
3268 5222 3385 5276 Iste
3421 5230 3507 5278 est
3533 5218 3741 5274 Marcus

2162 5307 2524 5379 evangelista,
2548 5307 2644 5378 qui
2673 5323 2802 5362 cum
2829 5307 2997 5363 Petro
3021 5314 3081 5364 et
3107 5309 3282 5364 Paulo
3302 5311 3482 5365 multo
3505 5316 3741 5378 tempore

2162 5395 2390 5459 mansit,
2422 5395 2724 5467 aliquando
2754 5411 2981 5452 morans
3007 5397 3157 5470 apud
3178 5398 3434 5466 Petrum,
3455 5393 3739 5467 aliquando

2159 5484 2310 5557 apud
2337 5483 2596 5539 Paulum.

2229 5583 2497 5637 Penulam
2524 5582 2929 5651 quam‘retiqui
2959 5580 3165 5638 Troade
3190 5583 3345 5651 apud
3373 5583 3625 5654 Carpam,
3658 5592 3736 5634 ec-
