3852 6154
175 319 264 380 809

839 306 1222 363 EXPOSITIO
1251 305 1330 361 IN
1364 303 1520 360 EPP.
1557 304 1612 358 S.
1645 300 1882 357 PAULI.
1916 329 1982 341 —
2010 300 2089 356 IN
2116 298 2341 356 EPIST.
2372 301 2468 356 AD
2496 301 2633 357 TIT.

3259 303 3367 365 8l0

167 451 295 501 nim:
311 443 430 509 a/fer
455 442 642 502 tecum,
664 440 714 488 et
744 435 935 502 libros,
955 449 1095 503 quos
1115 431 1193 486 ibi
1217 429 1427 496 dimisi,
1450 430 1691 482 maxime
1710 429 1760 486 A
1851 428 1918 480 In
1943 429 2135 494 prima
2150 443 2271 481 mea
2297 427 2606 496 defensione
2621 443 2780 482 nemo
2796 429 2946 484 mihi
2971 432 3155 497 affuit.
3172 430 3372 487 Defen-

164 539 319 591 autem
345 528 671 581 membranas
692 522 968 587 defer,ubi
983 521 1224 575 scribam
1237 536 1389 573 meas
1409 517 1692 589 epistolas.
1779 515 1992 569 sionem
2021 517 2080 569 in
2106 516 2210 570 hoc
2254 517 2375 570 loco
2423 517 2674 586 appellat
2727 518 3176 587 persecutionem
3203 525 3374 592 atque

163 621 342 678 Penula
364 615 515 670 vestis
543 617 666 667 erat
683 611 1129 681 consularis,qua
1147 608 1526 663 induebamur
1556 621 1694 658 con-
1781 620 2299 675 pressuram,quam
2325 605 2594 659 sustinuit
2613 607 2837 676 quando
2856 607 2916 660 in
2935 608 3241 679 primordio
3258 625 3376 664 sua,

164 703 512 767 sulesRomani
532 699 1231 773 quandoingrediebantur
1251 697 1307 751 in
1331 696 1567 750 curiam.
1593 692 1702 747 Sed
1784 693 1914 746 fidei
1946 693 2150 747 missus
2179 699 2266 747 est
2293 710 2420 748 cum
2450 693 2706 748 Barnaba
2758 712 2794 748 a
2823 695 3042 766 Spiritu
3079 703 3276 752 sancto
3299 699 3376 753 ad

162 800 278 854 forte
304 797 496 865 quaeret
538 789 742 860 aliquis
796 787 1074 858 quomodo
1111 786 1197 839 vel
1250 785 1400 839 unde
1439 779 1706 836 acciderit
1785 781 2218 852 praedicandum.
2252 786 2432 849 Quam
2452 789 2901 857 persecutionem
2929 787 3070 844 bene
3100 795 3258 844 vocat
3287 789 3383 843 de-

163 889 248 941 hoc
264 898 420 953 genus
453 875 765 932 vestimenti
793 874 956 929 beato
985 873 1251 944 Apostolo
1276 873 1300 924 ?
1340 870 1444 924 Cui
1473 883 1704 939 respon-
1787 869 2118 936 fensionem,
2155 874 2289 943 quia
2310 874 2600 930 tribulatio
2628 877 2957 948 temporalis
2975 878 3238 936 defendet
3265 879 3382 932 ele-

160 972 370 1028 dendum
398 973 508 1022 est:
531 967 812 1020 Romanos
840 967 972 1018 ante
1001 963 1302 1016 adventum
1323 958 1546 1014 Domini
1562 957 1710 1010 hunc
1791 965 1909 1012 ctos
1925 959 1981 1013 in
1997 960 2087 1014 die
2109 961 2306 1031 judicii
2333 979 2366 1016 a
2395 964 2574 1033 poenis
2602 963 2826 1019 inferni.
2857 966 3052 1020 Omnes
3074 983 3158 1021 me
3187 967 3383 1021 dereli-

162 1060 387 1115 habuisse
412 1071 620 1110 morem
667 1053 782 1106 sive
819 1050 1304 1114 consuetudinem,
1338 1047 1562 1118 quando
1587 1062 1710 1099 mo-
1792 1056 2032 1115 querunt
2063 1067 2080 1111 ;
2111 1066 2224 1104 non
2250 1053 2365 1106 illis
2383 1055 2687 1119 imputetur
2713 1054 2838 1108 Non
2858 1059 2984 1108 orat
3011 1071 3114 1126 pro
3141 1055 3387 1109 Alexan-

160 1148 411 1206 narchiam
429 1144 600 1200 totius
629 1142 779 1196 orbis
807 1140 911 1195 sibi
939 1139 1322 1210 acquirebant,
1353 1143 1419 1190 ut
1448 1151 1709 1206 quacun-

1800 1137 1901 1190 dro
1930 1136 2026 1207 qui
2046 1137 2353 1192 invidentia
2379 1139 2787 1194 fraternitatem
2807 1141 3183 1212 oppugnando
3198 1155 3392 1212 pecca-

163 1253 252 1309 que
266 1251 391 1305 gens
412 1232 486 1286 eis
512 1248 640 1286 cum
671 1245 805 1301 pace
852 1233 910 1282 et
955 1226 1174 1281 coronis
1226 1224 1583 1288 occurrisset,
1626 1222 1721 1275 da-
1801 1231 1975 1285 verat,
1997 1226 2095 1280 sed
2117 1243 2218 1296 pro
2236 1226 2323 1280 his
2352 1232 2477 1280 orat
2501 1228 2596 1298 qui
2615 1245 2728 1282 non
2745 1229 3090 1300 abruperant
3116 1245 3389 1297 amorem,

159 1329 265 1380 rent
288 1323 334 1376 ei
359 1321 690 1383 libertatem,
710 1318 994 1370 intantum
1021 1321 1086 1368 ut
1114 1314 1315 1367 fratres
1344 1327 1540 1366 eorum
1569 1309 1722 1363 dice-
1804 1314 1901 1367 sed
1931 1315 2133 1368 timore
2163 1315 2575 1373 succubuerant
2597 1323 2658 1370 ut
2671 1317 2751 1370 eis
2770 1317 3112 1388 ignoscatur.
3147 1319 3396 1390 Quapro-

162 1417 350 1477 rentur,
381 1409 637 1478 civesque
670 1404 909 1459 Romani
930 1403 1371 1473 appellarentur,
1401 1398 1723 1467 dabantque
1804 1405 2184 1475 pterinterest
2203 1406 2448 1460 multum
2477 1423 2606 1460 cum
2627 1412 2754 1477 post
2767 1408 3112 1478 agnitionem
3128 1408 3229 1463 Dei
3250 1408 3403 1479 quis-

162 1501 228 1554 eis
248 1501 570 1569 potestatem
592 1491 905 1548 aedificandi
951 1490 1161 1545 curiam
1202 1493 1260 1542 et
1292 1487 1500 1541 habere
1527 1501 1725 1540 consu-

161 1589 244 1652 les,
270 1587 404 1641 sicut
432 1590 489 1639 et
529 1583 613 1637 illi
659 1581 962 1636 habebant.
1011 1579 1181 1633 Pater
1222 1577 1396 1646 igitur
1450 1574 1611 1630 Pauli
1656 1573 1725 1628 de

1808 1510 1978 1564 quam
2032 1500 2321 1565 Oppugnat
2358 1495 2790 1562 fraternitatem,
2818 1501 2876 1550 et
2925 1497 3191 1552 adversus
3219 1496 3400 1568 ipsam

1807 1583 2050 1652 gratiam
2081 1599 2193 1653 qua
2241 1583 2633 1638 reconciliatus
2677 1591 2763 1639 est
2799 1585 2933 1653 Deo,
2976 1585 3294 1640 invidentia;
3315 1585 3402 1640 fa-

162 1675 339 1730 Giscali
367 1672 570 1744 oppido
599 1676 765 1725 terrae
795 1665 1247 1739 repromissionis
1283 1664 1409 1730 fuit,
1441 1662 1537 1716 ubi
1560 1666 1726 1715 natus
1745 1738 1785 1744 _
1810 1670 1966 1725 cibus
1995 1671 2262 1742 agitatur,

156 1738 552 1819 translatus-est
571 1761 632 1814 in
656 1738 896 1814 Tarsum
928 1755 1153 1810 Ciliciae.
1187 1752 1441 1817 QUOdam
1469 1756 1723 1820 tempore
1745 1738 1792 1798 B
1880 1738 2148 1816 Dominus
2191 1767 2378 1816 autem
2424 1763 2569 1815 mihi
2605 1765 2804 1826 astitit,
2843 1769 2908 1817 ut
2942 1764 3181 1818 audiant
3217 1779 3403 1818 omnes

158 1851 478 1908 venientibus
502 1848 773 1904 Romanis
810 1862 912 1918 per
943 1843 1195 1898 Ciliciam
1231 1841 1474 1896 occurrit
1499 1839 1579 1894 eis
1607 1839 1727 1910 ipse

154 1960 262 1997 cum
284 1943 404 1996 aliis
432 1937 828 2001 Tarsensibus,
852 1938 1047 2005 utpote
1074 1933 1169 2003 qui
1193 1931 1395 1986 nobilis
1423 1931 1572 1984 inter
1602 1929 1728 1983 illos

154 2030 480 2086 habebatur:
519 2026 740 2096 excepit
793 2040 890 2078 eos
936 2038 1063 2076 cum
1103 2037 1258 2092 pace.
1299 2021 1455 2074 Tunc
1485 2017 1725 2072 Romani

151 2120 402 2174 dederunt
430 2119 512 2171 eis
531 2116 855 2170 libertatem
878 2110 1277 2181 supradictam,
1305 2114 1362 2162 et
1389 2111 1724 2179 potestatem

139 2207 436 2264 .adiﬁcandi
458 2204 702 2270 curiam,
724 2207 1018 2271 vestesque
1035 2200 1270 2253 induere
1290 2196 1632 2261 consulares,
1662 2199 1728 2249 ut

148 2296 377 2368 penulati
398 2295 689 2349 intrarent
710 2292 768 2346 in
793 2290 1009 2344 curiam
1034 2304 1190 2341 more
1201 2287 1603 2348 Romanorum,
1630 2282 1729 2337 ibi-

151 2403 242 2456 que
275 2386 440 2439 Pater
488 2382 652 2437 beati
714 2379 876 2434 Pauli
921 2377 1187 2449 penulam
1230 2374 1480 2444 accipere
1526 2372 1735 2426 meruit

147 2490 298 2528 causa
327 2471 651 2544 dignitatis.
687 2468 826 2524 Post
851 2467 1011 2537 cujus
1051 2469 1289 2518 mortem
1334 2461 1634 2532 Apostolus
1663 2459 1734 2514 ob

150 2562 462 2617 memoriam
494 2562 628 2632 ejus
649 2553 1071 2620 recordationis,
1104 2554 1249 2607 hanc
1278 2555 1489 2605 vestem
1520 2549 1623 2603 sibi
1652 2564 1736 2602 re-

146 2651 314 2706 tinuit.

203 2741 512 2795 Alexander
532 2739 777 2792 aerarius
797 2737 977 2788 multa
1007 2735 1161 2786 mata
1181 2730 1322 2784 mihi
1342 2729 1598 2783 ostendit.
1622 2725 1736 2780 Iste

143 2835 217 2884 est
233 2829 552 2884 Alexander
584 2826 656 2880 de
689 2841 796 2895 quo
821 2825 941 2894 jam
970 2819 1405 2892 supradiximus,
1432 2817 1528 2888 qui
1556 2831 1737 2869 rever-

143 2935 225 2972 sus
253 2923 336 2972 est
359 2918 434 2972 ad
467 2913 841 2987 apostasiam.
857 2912 927 2966 Et
940 2909 1074 2980 quia
1097 2913 1220 2962 erat
1239 2907 1458 2972 artifex,
1490 2904 1739 2958 fabrica-

142 3005 378 3061 bataedes
397 3006 609 3060 Diana;
628 3002 777 3073 apud
804 3000 1074 3064 Athenas,
1098 2996 1248 3051 unde
1275 3001 1332 3050 et
1353 2995 1473 3065 ipse
1495 3007 1738 3046 commo-

1807 1855 1988 1917 gentes
2005 1848 2233 1904 verbum
2251 1849 2660 1921 praedicationis
2677 1851 2746 1905 de
2763 1867 2860 1905 ore
2880 1867 3028 1919 meo,
3059 1857 3110 1905 et
3139 1854 3404 1906 liberatus

1808 1955 1932 1993 sum
1962 1941 2025 1992 de
2054 1955 2144 1993 ore
2196 1942 2393 2007 leonis,
2424 1939 2482 1993 id
2531 1944 2618 1993 est
2665 1939 2885 1994 insidiis
2933 1939 3161 2006 diaboli,
3192 1940 3264 1995 de
3292 1955 3406 2011 quo

1809 2028 1946 2081 dicit
1965 2028 2166 2082 Petrus
2199 2028 2600 2081 :Adversarius
2637 2033 2808 2082 vester
2855 2029 3106 2082 diabolus
3133 2033 3405 2098 tanquam

1808 2120 1886 2171 leo
1901 2120 2127 2184 rugiens
2144 2119 2618 2184 circuit,qua:rens
2649 2132 2807 2185 quem
2835 2117 3124 2187 devoret(1
3144 2119 3286 2171 Petr.
3315 2121 3398 2184 ν).

1806 2204 1909 2258 Vel
1938 2206 2109 2259 etiam
2128 2205 2347 2260 leonem
2365 2205 2611 2276 appellat
2628 2204 2932 2273 Neronem,
2957 2204 3028 2258 de
3049 2205 3212 2274 cujus
3229 2203 3408 2258 mani-

1814 2292 1918 2348 bus
1949 2293 2205 2348 liberavit
2233 2311 2363 2348 eum
2411 2291 2688 2348 Dominus
2717 2292 2940 2364 quando
2967 2293 3121 2347 venit
3150 2293 3409 2358 Romam,

1816 2383 2090 2437 adductus
2121 2383 2191 2437 ab
2240 2383 2330 2437 his
2368 2382 2463 2453 qui
2491 2388 2771 2453 praeerant
2798 2381 3022 2446 Judaeae,
3053 2380 3123 2436 ob
3148 2382 3254 2436 hoc
3279 2381 3414 2453 quia

1817 2473 2093 2528 Caesarem
2121 2471 2441 2543 appellavit.
2501 2471 2649 2525 Nam
2694 2487 2823 2525 cum
2869 2470 3110 2524 venisset
3149 2470 3410 2537 Romam,

1817 2559 2033 2614 duobus
2060 2559 2224 2613 annis
2250 2558 2459 2612 mansit
2483 2559 2543 2612 in
2592 2558 2771 2611 libera
2806 2558 3080 2625 custodia,
3112 2563 3167 2612 et
3205 2559 3262 2613 in
3309 2574 3413 2612 suo

1815 2649 2116 2716 conductu,
2157 2653 2215 2701 et
2237 2652 2434 2718 postea
2451 2646 2712 2700 transivit
2728 2645 2801 2700 ad
2826 2646 2964 2700 alias
3000 2646 3259 2700 nationes
3287 2663 3412 2717 quae

1817 2742 1978 2791 erant
2008 2736 2068 2790 in
2095 2735 2333 2790 circuitu
2361 2736 2573 2790 Romae.
2607 2735 2752 2789 Nam
2800 2735 3025 2806 quando
3071 2734 3182 2789 ista
3209 2733 3412 2789 scribe-

1818 2825 1932 2893 bat,
1964 2825 2023 2879 in
2051 2825 2228 2878 libera
2251 2823 2504 2878 custodia
2535 2829 2657 2877 erat
2689 2841 2702 2876 :
2733 2829 2790 2877 et
2819 2839 2940 2894 quae
2981 2823 3173 2878 statim
3221 2828 3286 2879 ut
3311 2823 3412 2878 ad-

1818 2916 2019 2969 ductus
2044 2919 2148 2980 est,
2181 2929 2294 2967 non
2325 2917 2411 2966 est
2435 2912 2760 2966 interfectus
2788 2911 2992 2967 idcirco
3022 2911 3160 2966 dicit
3185 2929 3247 2966 se
3275 2911 3412 2967 libe-

1818 3009 2025 3058 ratum.

136 3094 208 3149 vit
232 3111 456 3149 omnem
492 3091 790 3148 civitatem
817 3092 1016 3143 contra
1051 3085 1382 3156 Apostolum
1413 3102 1426 3149 ;
1468 3081 1731 3135 resistens

1886 3093 2156 3147 llo-minus
2175 3093 2328 3146 Jesus
2349 3091 2600 3146 Christus
2630 3106 2757 3144 cum
2777 3093 2983 3160 spiritu
3010 3090 3414 3156 tuo,sit.Domi-

138 3183 342 3238 fortiter
373 3179 774 3254 pmdicationi
825 3179 966 3248 ejus.
1012 3177 1207 3230 Reddet
1252 3176 1304 3225 ei
1348 3174 1617 3226 Dominus
1663 3187 1739 3223 se-

134 3274 365 3327 cundum
389 3287 566 3340 opera
598 3272 736 3338 ejus.
761 3268 886 3321 Non
906 3265 988 3318 ait
1011 3281 1022 3316 :
1043 3262 1262 3317 Reddat
1282 3259 1526 3331 optativo
1547 3258 1732 3325 modo,

135 3362 223 3416 sed
245 3363 446 3416 reddet
470 3357 808 3424 indicativo,
838 3354 986 3426 quod
1025 3351 1259 3406 verbum
1305 3349 1737 3421 praenuntiantis

133 3457 223 3517 est,
253 3469 366 3506 non
390 3447 794 3522 imprecantis.
849 3443 941 3498 Sic
969 3441 1106 3496 dicit
1135 3445 1192 3494 et
1220 3440 1288 3492 de
1317 3439 1415 3492 illa
1454 3436 1736 3508 hypocrisi

131 3535 472 3604 Judaeorum,
501 3537 602 3592 cui
625 3533 968 3588 eversionem
987 3529 1284 3584 imminere
1305 3525 1598 3580 cernebat:
1621 3528 1740 3579 Per-

128 3631 282 3683 cutiet
314 3634 360 3682 te
385 3630 564 3692 Deus,
592 3626 784 3694 paries
813 3621 1056 3675 deatbate
1091 3619 1423 3687 (Act.xx1n).
1445 3615 1739 3686 Propheta;

129 3732 359 3788 namque
419 3717 629 3771 solent
674 3711 917 3766 maxime
944 3709 1128 3778 ﬁgura
1158 3704 1522 3777 imprecantis
1550 3705 1740 3758 futura

123 3805 438 3876 praedicere,
473 3804 643 3859 sicut
688 3801 870 3870 ﬁgura
899 3795 1169 3870 praeteriti
1211 3793 1482 3865 temporis
1520 3809 1587 3847 ea
1616 3809 1738 3864 qua;

123 3901 350 3950 ventura
376 3898 580 3960 erant,
622 3905 768 3962 saepe
787 3887 1130 3943 cecinerunt.

1819 3198 1926 3236 nus
1955 3182 2117 3236 Jesus
2147 3179 2422 3245 Christus,
2452 3180 2603 3233 Deus
2658 3184 2716 3233 et
2764 3180 2932 3233 homo
2979 3184 3083 3244 est,
3124 3179 3252 3233 ideo
3287 3184 3414 3234 orat

1818 3272 2141 3343 Apostolus,
2163 3275 2228 3325 ut
2255 3269 2503 3323 Verbum
2523 3269 2624 3323 Dei
2640 3267 2841 3333 Patris,
2857 3267 3130 3322 Dominus
3159 3265 3415 3321 videlicet

1819 3359 2006 3426 Jesus,
2037 3359 2114 3414 sit
2139 3374 2266 3412 cum
2297 3356 2497 3428 spiritu
2543 3355 2715 3411 illius.
2745 3356 2814 3410 Et
2832 3355 2879 3410 si
2903 3355 3077 3409 fuerit
3098 3371 3226 3409 cum
3255 3353 3415 3426 spiri-

1819 3455 1904 3514 tu,
1927 3449 2035 3504 erit
2063 3453 2120 3502 et
2147 3464 2274 3501 cum
2303 3463 2553 3517 corpore.
2587 3447 2780 3501 Gratia
2800 3445 3095 3510 vobiscum,
3118 3444 3176 3498 id
3205 3449 3291 3498 est
3320 3459 3414 3498 re-

1820 3538 2012 3594 missio
2041 3541 2399 3609 peccatorum
2439 3540 2497 3588 et
2537 3533 2918 3588 reconciliatio
2947 3533 3048 3587 Dei
3074 3532 3258 3586 Patris
3289 3548 3412 3586 om-

1821 3629 2026 3698 niaque
2059 3626 2206 3680 bona
2260 3641 2382 3694 quae
2431 3621 2698 3676 divinitus
2719 3621 2897 3691 gratis
2925 3620 3263 3690 largiuntur,
3295 3620 3413 3674 sint

1819 3717 2122 3770 vobiscum.
2141 3717 2334 3770 Amen.
2367 3712 2429 3766 ld
2450 3717 2535 3766 est
2565 3711 2683 3780 fiat,
2712 3710 2798 3764 vel
2827 3725 2959 3764 vera
2985 3709 3098 3763 sint
3125 3724 3249 3780 quae
3275 3708 3411 3764 hac-

1820 3811 1984 3860 tenus
2004 3803 2219 3875 scripsi,
2260 3808 2364 3856 etc.

125 4018 3406 4058 _______________.____———————-———

1081 4141 1201 4218 IN
1269 4135 1872 4214 EPISTOLAM
1927 4134 2080 4209 ΑΙ)
2139 4129 2500 4207 TITUM.

683 4356 1213 4416 ARGUMENTUM.

178 4452 498 4510 Transiens
530 4449 848 4523 Apostolus
876 4465 911 4502 a
940 4447 1108 4501 Creta
1133 4443 1318 4498 insula
1356 4442 1428 4496 ad
1472 4441 1612 4496 alias
1639 4454 1742 4492 na-

114 4541 287 4598 tiones
319 4548 381 4599 et
410 4541 731 4598 civitatum
757 4537 988 4600 incolas,
1022 4533 1255 4606 reliquit
1280 4532 1469 4587 Titum
1495 4528 1742 4598 discipu-

112 4629 223 4685 lum
233 4649 411 4687 suum
434 4632 641 4686 Cretae
663 4627 782 4681 vice
796 4641 899 4680 sua
917 4629 982 4679 ut
999 4623 1462 4690 haberentnuper
1481 4617 1552 4671 ad
1572 4613 1739 4669 fidem

111 4720 400 4776 venientes
427 4722 858 4792 protectorem,
886 4730 957 4767 ne
983 4713 1128 4766 forte
1156 4711 1480 4766 Judaeorum
1503 4704 1743 4776 garruli-

109 4813 242 4875 tate,
297 4817 410 4865 aut
448 4806 868 4863 haereticorum
898 4804 1128 4868 latratu,
1165 4819 1198 4854 a
1236 4803 1387 4854 statu
1418 4802 1582 4850 rectae
1613 4793 1743 4847 fidei

109 4894 750 4954 subverterentur.Sed
775 4899 840 4947 ut
861 4892 1018 4947 illum
1049 4888 1434 4944 sollicitiorem
1461 4883 1742 4947 redderet,

106 4989 434 5056 praesertim
461 5002 617 5042 cum
647 4981 940 5053 castigatio
961 4997 1058 5034 seu
1077 4978 1322 5033 hortatio
1347 4974 1745 5044 magistrorum

105 5076 515 5132 studiosorum
536 5071 918 5129 studiosiores
938 5069 1140 5124 efﬁciat
1165 5065 1482 5136 discipulos,
1504 5076 1748 5117 commo-

103 5166 316 5220 nefacit
348 5183 503 5221 eum
538 5168 608 5218 et
639 5159 872 5215 instruit
897 5158 968 5212 ad
995 5159 1221 5229 plenum
1251 5155 1320 5209 de
1349 5150 1748 5208 constitutione

97 5253 434 5325 presbyteri
470 5258 540 5306 et
575 5250 654 5303 de
681 5247 920 5320 spiritali
934 5245 1372 5309 conversatione,
1397 5247 1454 5296 et
1472 5242 1540 5295 de
1571 5241 1748 5294 haere-

94 5342 222 5396 ticis
252 5341 531 5396 vitandis
569 5338 676 5409 qui
700 5336 947 5392 Judaicis
972 5335 1176 5389 fabulis
1196 5333 1451 5396 credunt,
1479 5329 1747 5397 scribens,

96 5430 148 5484 ei
179 5447 214 5484 a
241 5429 536 5501 Nicopoli
574 5426 823 5481 civitate.

669 5515 900 5570 CAPUT
937 5511 1248 5568 PRIMUM.

165 5612 398 5664 Paulus
422 5621 648 5662 servus
678 5607 790 5660 Dei.
823 5605 966 5659 Cum
999 5601 1272 5657 Dominus
1312 5615 1376 5654 ac
1405 5598 1748 5666 Redemptor

360 5707 676 5769 Parnm.
711 5703 942 5766 CXVII.

1755 4351 1806 4410 D
1822 4354 2013 4403 noster
2035 4345 2301 4419 apostolis
2328 4345 2444 4400 suis
2459 4343 2660 4400 dixerit
2681 4347 2862 4412 (Joan.
2883 4347 2992 4414 xv).
3023 4348 3151 4401 Jam
3181 4363 3294 4402 non
3322 4347 3415 4401 di-

1826 4455 1946 4492 cam
1967 4454 2055 4492 vos
2083 4451 2279 4498 servos,
2312 4436 2404 4489 sed
2423 4436 2626 4488 amicos
2643 4449 2816 4500 meos,
2838 4434 3012 4504 quaeri
3037 4441 3222 4506 potest
3239 4456 3415 4510 quare

1823 4526 2084 4597 egregius
2115 4523 2447 4596 praedicator
2463 4528 2520 4577 et
2542 4522 2812 4593 magister
2828 4523 3082 4592 gentium
3111 4543 3332 4582 servum
3353 4546 3413 4584 se

1821 4615 2182 4686 postmodum
2208 4611 2530 4668 vocaverit?
2557 4611 2666 4666 Sed
2695 4611 2743 4664 si
2771 4610 2912 4665 bene
2929 4615 3410 4683 perpenderimus,

1823 4705 1934 4759 duo
1963 4720 2084 4758 esse
2110 4719 2319 4773 genera
2347 4699 2648 4765 servitutis,
2679 4698 2824 4753 sicut
2868 4705 2925 4753 et
2952 4699 3187 4768 timoris,
3218 4705 3414 4772 procul

1825 4793 1995 4847 dubio
2023 4792 2146 4845 luce
2174 4791 2379 4844 clarius
2407 4788 2639 4860 patebit,
2663 4787 2796 4858 quia
2823 4803 2934 4840 non
2956 4788 3167 4843 exstitit
3187 4796 3414 4847 contra-

1828 4882 1946 4935 rius
1975 4879 2156 4934 verbis
2187 4878 2513 4933 Dominicis.
2559 4877 2618 4931 Si
2660 4875 2887 4946 quidem
2925 4876 3165 4932 servitus
3193 4879 3416 4938 timoris

1829 4975 1932 5037 est,
1957 4985 2068 5040 qua
2087 4969 2252 5022 timet
2279 4983 2471 5021 servus
2489 4964 2786 5019 Dominum
2806 4980 2990 5028 suum,
3005 4971 3062 5020 et
3092 4968 3295 5024 ancilla
3315 4971 3419 5027 do-

1828 5059 2038 5113 minam
2069 5073 2250 5122 suam,
2301 5056 2563 5110 timentes
2615 5052 2685 5106 ab
2715 5053 2794 5106 eis
2832 5054 3106 5124 ﬂagellari
3136 5073 3149 5107 :
3180 5059 3420 5117 servitus

1829 5153 2018 5202 autem
2073 5147 2279 5202 amoris
2321 5149 2425 5210 est,
2475 5159 2586 5213 qua
2625 5141 2788 5196 timet
2815 5141 2994 5198 bonus
3022 5145 3171 5202 filius
3199 5154 3421 5220 patrem

1830 5254 2015 5303 suum,
2065 5241 2321 5290 metuens
2378 5232 2628 5286 animum
2659 5232 2782 5302 ejus
2812 5232 3092 5290 ollendere
3119 5236 3179 5291 in
3206 5238 3415 5310 aliquo,

1832 5335 2000 5399 atque
2029 5324 2352 5380 haereditate
2382 5321 2610 5393 privari.
2641 5321 2720 5376 De
2743 5322 3008 5377 servitute
3031 5341 3164 5395 ergo
3183 5326 3281 5380 illa
3298 5344 3419 5398 quae

1834 5417 2078 5488 pertinet
2101 5415 2171 5468 ad
2197 5413 2455 5467 timorem
2483 5413 2784 5484 pmnalcm,
2814 5412 2951 5466 dicit
2992 5416 3258 5484 apostolis
3289 5417 3421 5485 quia

1828 5509 1947 5578 jam
1970 5522 2080 5559 non
2103 5504 2282 5557 dicam
2305 5519 2399 5556 vos
2421 5519 2610 5558 servos
2632 5502 2972 5573 timoris,sed
3004 5502 3422 5557 amoris.Deilla

1833 5611 1961 5650 vero
1997 5609 2120 5666 quae
2174 5591 2419 5664 pertinet
2451 5593 2523 5646 ad
2567 5609 2819 5648 amorem
2863 5591 3126 5657 ﬁliorum,
3173 5589 3416 5660 loquitur

3121 5687 3197 5748 26
