3852 6154
134 250 222 326 813
751 250 1132 318 EXPOSITIO
1162 255 1239 309 IN
1274 254 1430 313 EPP.
1463 257 1520 310 s.
1555 250 1794 313 PAULI.
1829 283 1895 301 -ι
1925 250 2002 317 1N
2035 252 2254 315 EPIST.
2291 250 2386 313 AD
2417 244 2709 315 PHILEM.
2768 288 2771 297 η
3263 248 3370 315 814

132 388 312 441 veritas
338 388 385 437 et
426 382 534 439 vita
580 380 754 447 (Joan.
784 382 874 446 vI).
920 380 989 435 Et
1026 379 1123 450 qui
1160 380 1364 437 Filium
1403 396 1689 450 promere-
1708 381 1756 439 Α
1778 383 1964 431 autem
1996 378 2144 432 Deus
2174 394 2286 431 non
2315 378 2460 431 alius
2480 376 2815 447 intelligitur
2834 393 3002 447 quam
3023 376 3216 430 Filius.
3242 376 3370 448 Ipse

132 479 215 526 tur
262 470 455 525 habere
513 469 610 538 qui
667 474 779 546 est.
808 469 938 535 vita,
996 468 1166 523 habet
1220 470 1414 538 utique
1470 469 1691 523 Patrem
1777 468 1925 519 enim
1958 485 2084 523 cum
2107 468 2273 520 Patre
2294 472 2351 520 et
2372 466 2587 541 Spiritu
2605 471 2797 523 sancto
2818 482 2963 530 unus
2985 471 3041 519 et
3066 482 3229 519 verus
3249 466 3371 520 Sal-

132 577 243 617 cum
289 557 491 629 Spiritu
543 562 756 621 sancto,
800 573 922 627 quae
971 562 1093 611 tota
1143 557 1388 613 Trinitas
1435 573 1548 609 una
1585 555 1697 608 vita
1778 562 1935 608 vator
1965 563 2022 610 et
2050 556 2202 609 Deus
2230 561 2332 608 est.

132 656 319 709 eterna
358 655 457 712 est,
489 646 638 703 sicut
678 645 800 717 ipse
840 645 1111 703 Dominus
1152 646 1234 699 ait
1262 660 1273 693 :
1314 646 1434 701 Hac
1470 650 1543 700 est
1584 647 1696 699 rita
1856 645 2201 707 Tito,dilecto
2225 647 2360 710 filio.
2394 643 2597 696 Filium
2630 661 2791 701 suum
2825 660 2951 705 eum
2983 649 3145 698 vocat
3168 642 3376 699 doctri-

133 744 333 802 a’terna,
356 741 414 793 ut
434 739 755 807 cognoscant
781 739 845 794 te,
872 740 919 791 et
939 751 1098 804 quem
1120 736 1519 788 misistiJesum
1544 734 1699 790 Chri-
1780 748 1873 797 na,
1920 731 2190 805 exemplo,
2225 731 2558 797 eruditione,
2592 737 2761 805 atque
2800 730 3114 803 disciplina,
3147 748 3257 787 non
3287 738 3377 787 ta-

134 832 262 883 stum
286 824 462 891 (Joan.
497 825 655 891 xvii),
693 839 821 879 cum
851 822 1063 893 Spiritu
1092 828 1285 878 sancto
1314 838 1489 881 unum
1520 826 1579 875 et
1605 837 1700 875 ve-
1782 837 1911 875 men
1936 830 2157 875 natura.
2178 819 2385 876 Eodem
2412 821 2576 875 modo
2599 821 2760 881 Titus
2789 821 2939 876 illius
2965 820 3085 891 ejus
3114 827 3236 876 erat
3266 834 3377 893 quo

135 928 247 971 rum
271 911 443 967 Deum
464 927 609 967 esse.
630 910 818 968 Vitam
850 909 1025 981 igitur
1052 914 1340 974 aeternam,
1370 925 1538 981 quam
1568 925 1699 987 pro-
1782 915 1839 963 et
1870 908 2166 975 Corinthii,
2200 906 2402 982 quibus
2428 908 2546 981 ipse
2587 909 2807 963 dicebat
2832 927 2846 964 :
2883 912 2984 964 Per
3013 911 3378 978 Evangetium

136 1000 271 1061 misit
296 1004 422 1059 ante
444 998 634 1055 omnia
660 998 883 1065 saecula,
905 997 960 1053 id
982 1002 1069 1052 est
1097 997 1341 1055 Verbum
1371 1014 1556 1063 suum,
1585 1012 1704 1050 ma~
1782 1014 1874 1065 ego
1898 1013 1988 1049 vos
2018 999 2188 1066 genui
2211 997 2262 1066 (Ι
2280 998 2399 1051 Cor.
2424 1000 2520 1065 Iv).
2555 997 2699 1051 Nam
2724 998 2843 1073 ipse
2868 997 2940 1052 ad
2969 998 3138 1053 fidem
3167 997 3381 1053 Christi

136 1088 390 1147 nifestavit
415 1087 565 1145 Deus
592 1087 761 1145 Pater
786 1086 1133 1157 temporibus
1157 1088 1296 1152 suis,
1317 1103 1383 1141 eo
1405 1086 1569 1147 modo
1590 1102 1699 1159 quo
1783 1101 1915 1141 eum
1957 1084 2283 1139 adduxerat.
2318 1083 2633 1139 Secundum
2662 1102 3009 1141 communem
3040 1088 3220 1163 ﬁdem.
3250 1088 3382 1143 Non

137 1176 322 1235 dictum
350 1181 451 1233 est.
476 1175 852 1235 Manifestavit
881 1191 1104 1247 quoque
1131 1175 1311 1240 nobis,
1336 1174 1601 1246 quoniam
1623 1174 1701 1228 vi-
1782 1173 2091 1228 secundum
2138 1174 2392 1229 omnium
2440 1173 2785 1233 credentium
2831 1174 2998 1229 ﬁdem
3034 1173 3194 1230 Titus
3229 1175 3383 1231 illius

136 1264 297 1325 dimus
316 1264 471 1321 illum
493 1270 825 1336 prmsentem
846 1264 903 1318 in
924 1263 1322 1336 praedicatione
1338 1265 1452 1318 sive
1483 1280 1583 1339 per
1600 1262 1702 1319 do-
1785 1261 1907 1335 ejus
1937 1266 2077 1327 erat,
2112 1261 2378 1335 quoniam
2407 1278 2520 1315 non
2545 1262 2795 1323 omnium
2823 1262 2961 1317 ﬂdes
2993 1263 3240 1334 perfecta
3270 1268 3378 1319 est.

138 1352 1138 1427 ctrinamPauliapostoli,quaecredita
1153 1352 1706 1407 etcommendataest
1786 1350 1896 1407 Sed
1922 1350 2231 1405 secundum
2260 1367 2617 1405 communem
2659 1352 2829 1405 ﬁdem
2864 1350 3019 1418 dicit,
3052 1351 3158 1406 hoc
3186 1357 3272 1407 est
3300 1364 3385 1407 se-

139 1442 183 1499 ei
215 1441 508 1499 secundum
553 1447 894 1513 praeceptum
920 1441 1227 1499 Salvatoris
1254 1439 1431 1497 nostri
1464 1440 1582 1506 Dei,
1611 1440 1704 1511 qui
1788 1439 2033 1493 cundum
2054 1457 2214 1494 suam
2230 1444 2287 1494 et
2304 1440 2551 1509 illorum,
2570 1455 2811 1517 quorum
2826 1439 2965 1501 ﬁdes
2979 1440 3387 1512 perfectissima

139 1530 259 1587 dixit
274 1529 561 1607 Apostolis
583 1548 594 1583 :
615 1529 902 1602 Segregate
915 1530 1059 1584 mihi
1070 1532 1248 1585 Paula
1258 1546 1309 1581 νη
1331 1534 1379 1583 et
1393 1530 1707 1584 Barnabam
1789 1534 1926 1583 erat.
1953 1527 2148 1585 Gratia
2168 1533 2218 1582 et
2234 1545 2351 1598 pas:
2368 1546 2404 1592 a
2424 1530 2527 1583 Deo
2549 1531 2712 1585 Patre
2741 1535 2927 1584 nostra
2948 1535 2997 1583 et
3023 1528 3239 1585 Christo
3256 1531 3386 1585 Jesu

138 1622 192 1679 in
215 1634 334 1687 opus
368 1619 441 1675 ad
487 1618 630 1691 quod
670 1619 948 1684 assumpsi
974 1633 1057 1673 eos
1104 1617 1240 1689 (Act.
1273 1619 1415 1683 xm).
1454 1615 1711 1673 Salvator
1789 1616 2071 1672 Saluatore
2097 1622 2299 1671 nostra.
2326 1617 2535 1672 Amen.

744 1911 882 1988 IN
929 1909 1617 1989 EPISTOLAM
1666 1911 1844 1989 ΑΙ)
1890 1913 2750 2001 PHILEMONEM.

650 2156 1178 2217 ARGUMENTUM.
1729 2156 1915 2231 Bgio,
1942 2163 2042 2219 aut
2077 2158 2266 2231 aliqua
2303 2160 2469 2233 culpa
2504 2165 2898 2233 promerentur
2933 2160 3082 2219 mitti
3122 2161 3183 2217 in
3210 2179 3396 2233 carce-

199 2263 355 2322 Beato
366 2263 647 2336 Apostolo
667 2263 1060 2334 pradicatione
1080 2263 1400 2333 evangelica
1423 2263 1715 2321 intonante
1795 2262 1941 2336 rem;
1997 2248 2349 2327 vinculisque.
2390 2250 2628 2323 astringi
2664 2269 2675 2303 ε
2719 2251 2814 2327 qui
2851 2267 2981 2306 vero
3019 2267 3121 2325 pro
3157 2251 3394 2313 veritate

143 2356 195 2410 in
215 2355 356 2419 Asia,
382 2335 633 2413 oredidit
662 2355 812 2409 inter
843 2358 1077 2409 ceteros
1106 2353 1336 2423 quidam
1374 2352 1458 2409 vir
1493 2353 1714 2419 nobilis,

1840 2335 1929 2390 dei
1950 2336 2325 2400 vinculantur,
2346 2338 2580 2399 dubium
2601 2355 2712 2401 non
2734 2345 2821 2393 est
2844 2340 2981 2413 quin
3000 2337 3170 2400 vincti
3190 2338 3399 2401 Christi

148 2444 347 2497 nomine
374 2443 693 2507 Philemon,
722 2442 910 2496 divina
944 2442 1131 2511 gratia
1164 2442 1501 2508 illustratus,
1534 2448 1593 2498 et
1617 2442 1719 2498 ba-

1836 2441 1934 2483 esu
1954 2425 2215 2490 existant,
2237 2426 2381 2486 sicut
2409 2427 2617 2487 Paulus
2645 2427 2852 2499 aliique
2880 2426 3140 2500 apostoli,
3164 2425 3260 2505 qui
3279 2428 3400 2503 glo—

150 2532 365 2602 ptizatus
392 2537 479 2592 est
504 2532 571 2585 in
597 2547 756 2591 sacro
787 2547 852 2585 ac
879 2530 1093 2585 viviﬁco
1122 2531 1295 2587 fonte.
1328 2531 1596 2602 Apostolo
1626 2546 1722 2584 au-
1802 2513 2096 2602 ﬂabant“?
2115 2514 2284 2575 νῖιιοιί
2300 2515 2509 2575 Chiis“
2526 2517 2659 2577 Jesu
2674 2514 2924 2587 alienari
2942 2516 3110 2593 Digni
3131 2517 3282 2571 enim
3301 2517 3399 2570 ha"

151 2600 248 2677 tem
268 2619 625 2692 degrediente
653 2619 723 2674 ab
766 2618 877 2672 illis
918 2618 1189 2691 partibus,
1212 2635 1326 2676 non
1352 2600 1437 2674 est
1459 2636 1722 2691 prosecu-
1804 2600 2090 2692 ξίείγθτθηίῖ
2112 2619 2214 2675 Pro
2233 2603 2461 2661 nomine
2480 2602 2621 2663 Jesu
2644 2604 3010 2665 contumelias
3028 2603 3146 2675 Pati
3169 2605 3301 2676 (Ασεο
3322 2607 3398 2675 ν)-

153 2712 231 2765 tus
250 2689 371 2767 eum
390 2709 713 2775 Philemon,
733 2708 831 2763 sed
851 2689 1122 2769 remansit
1142 2708 1201 2763 in
1223 2708 1451 2781 propria
1469 2689 1719 2778 regione,
1806 2689 1955 2781 Dicit
1973 2707 2105 2763 ergo
2126 2708 2185 2749 se
2202 2691 2449 2748 vinctum
2466 2694 2495 2748 J
2500 2709 2599 2750 esu
2616 2693 2845 2759 Christi,
2865 2699 2930 2747 ut
2946 2692 3102 2753 nullo
3120 2692 3286 2749 modo
3306 2708 3407 2781 au-

156 2797 454 2859 ministrans
477 2797 553 2853 de
574 2798 693 2852 suis
711 2796 1071 2853 facultatibus
1093 2796 1365 2853 ﬁdelibus.
1386 2797 1551 2855 Dives
1573 2796 1724 2853 enim
1806 2780 1966 2837 deret
2011 2780 2355 2857 iuexpletum
2393 2781 2679 2839 ἀίωίίίθτθ
2716 2798 2897 2859 neque
2938 2781 3184 2855 (1⁸⁸⁸8⁸1⁸
3185 2798 3217 2835 θ
3253 2780 3406 2853 (ἰυιοά

157 2890 274 2953 erat,
299 2886 593 2943 abundans
636 2886 829 2955 multis
857 2885 1072 2958 opibus.
1111 2884 1366 2941 Habebat
1394 2891 1587 2945 tamen
1614 2901 1728 2941 ser-
1807 2869 1968 2927 miles
1984 2869 2129 2927 tanti
2147 2869 2297 2941 regis
2316 2867 2569 2939 νοεδδαι·
2586 2870 2653 2931 Et
2680 2870 2991 2958 Τίτηοίὴεαιι
3006 2867 3406 2939 frma-Timo-

157 2988 267 3031 νωη
291 2975 515 3033 nomine
553 2957 909 3037 Onesimum"
934 2975 1118 3031 adhuc
1144 2974 1449 3039 inﬁdelem,
1478 2974 1574 3045 qui
1598 2989 1729 3029 eum
1808 2959 1974 3015 theus
1993 2958 2352 3035 OOepiSCOpus
2371 2960 2494 3033 ejus
2507 2964 2632 3020 erat
2644 2957 2714 3016 ab
2730 2960 2826 3019 illo
2849 2958 3405 3039 ordinatus,ideoque

157 3062 366 3133 fugiens,
394 3063 622 3125 furatus
646 3069 731 3123 est
760 3063 904 3119 bona
933 3065 1073 3133 ejus.
1104 3064 1173 3117 Et
1199 3063 1330 3135 quia
1356 3064 1630 3119 Dominus
1657 3062 1728 3115 ῃ-
1810 3048 1985 3101 frater
2012 3048 2071 3101 in
2092 3048 2219 3102 fide.
2250 3048 2415 3105 Ponit
2439 3054 2631 3107 autem
2656 3065 2785 3109 cum
2812 3048 3040 3110 nomine
3068 3065 3171 3103 suo
3200 3064 3410 3103 nomen

161 3150 253 3211 lius
275 3169 484 3223 magnae
510 3152 813 3223 potestatis
841 3158 964 3206 erat
982 3158 1152 3223 atque
1174 3152 1500 3216 nobilitatis,
1525 3154 1732 3209 timens
1812 3136 2124 3209 οοθΡίεοοΡί
2170 3137 2279 3200 sui,
2321 3142 2386 3193 ιη
2428 3137 2659 3213 maioris
2700 3138 3051 3193 auctoritatis
3098 3144 3248 3193 esset
3284 3137 3408 3207 eius

160 3241 532 3313 comprehendi
562 3240 635 3299 ab
664 3240 759 3295 illo
797 3240 1104 3311 multisque
1139 3240 1433 3299 tormentis
1470 3242 1636 3307 afﬁci,
1669 3248 1733 3297 ut
1813 3224 2082 3299 ΕΡίδίοιδι
2120 3227 2310 3283 Potest
2338 3232 2395 3284 et
2436 3226 2600 3283 aliter
2636 3226 2875 3299 intelligi
2909 3243 2920 3275 ⁵
2951 3227 3412 3309 Quandocunque

162 3335 271 3399 pote
295 3331 381 3389 cui
406 3347 522 3387 non
550 3346 785 3401 parvum
809 3329 1163 3399 dispendium
1191 3330 1479 3396 intulerat,
1510 3331 1735 3387 transiit

1836 3316 2116 3385 lpostolus
2144 3316 2421 3387 Epistolas
2445 3332 2577 3375 suas
2606 3315 2874 3383 dictabat,
2898 3321 3061 3375 erant
3085 3317 3144 3371 in
3172 3314 3414 3383 circuitu

162 3433 313 3485 mare,
342 3424 397 3477 et
421 3437 456 3475 a
484 3419 707 3477 Graecia
734 3418 886 3475 venit
920 3419 1185 3486 Romam;
1219 3419 1409 3489 ibique
1450 3420 1734 3490 reperiens
1754 3463 1797 3490 η
1818 3405 2675 3477 ejusdiscipuliconsedentes,et
2694 3405 2741 3459 si
2757 3405 2925 3463 alicui
2942 3405 3153 3477 aliquid
3168 3404 3414 3467 relatum

163 3508 459 3577 Apostolum
478 3513 769 3581 retrusum
791 3507 848 3560 in
866 3523 1147 3565 carcerem
1168 3524 1269 3577 pro
1289 3508 1397 3565 ﬁde
1416 3509 1476 3564 in
1488 3510 1729 3575 Christo,
1753 3494 1799 3524 υ
1820 3501 1985 3560 esset:
2014 3495 2095 3548 ita
2120 3494 2365 3567 Ponebat
2391 3496 2452 3553 in
2480 3512 2712 3567 εοιῬοτθ
2752 3495 3012 3571 ΕΡίείολω
3040 3500 3104 3550 ut
3148 3500 3280 3568 P0te
3311 3511 3418 3581 sua

164 3598 369 3655 accessit
389 3598 458 3652 ad
482 3613 644 3661 eum,
663 3597 931 3667 quoniam
954 3596 1361 3666 agnoscebatur
1380 3596 1451 3651 ab
1469 3598 1567 3652 illo
1592 3617 1602 3651 :
1629 3599 1735 3654 sic-
1818 3584 2008 3638 νθτδᾶ·
2028 3583 2344 3653 recogitans
2364 3584 2498 3656 llum
2516 3600 2661 3655 saepe
2684 3582 3184 3653 Dominusluniori
3202 3580 3417 3637 revelat

166 3700 260 3752 que
290 3685 354 3739 ab
390 3686 666 3757 Apostolo
701 3685 1010 3741 instructus
1039 3685 1294 3751 credidit,
1335 3692 1392 3739 et
1425 3685 1738 3757 baptizatus

1836 3672 1969 3743 luod
1986 3672 2184 3726 melius
2201 3678 2303 3728 est.
2320 3672 2673 3747 Quapropter
2683 3671 2815 3749 quia
2827 3671 3107 3750 particeps
3124 3675 3247 3734 erat
3264 3669 3416 3733 illius

165 3771 494 3830 ministrabat
507 3774 585 3831 ei.
605 3774 674 3828 Et
700 3774 835 3845 quia
857 3775 1157 3845 Apostolus
1185 3774 1525 3844 praedicabat
1551 3792 1739 3831 servos

1836 3761 2098 3831 Epistolas,
2123 3759 2367 3833 ponebat
2390 3776 2597 3817 nomen
2619 3760 2773 3821 illius
2806 3765 2870 3817 ut
2896 3777 3083 3819 suum.

166 3858 344 3921 debere
382 3878 507 3917 esse
532 3859 793 3919 subditos
820 3861 1064 3917 dominis
1091 3861 1227 3928 suis,
1258 3862 1418 3921 duxit
1445 3863 1741 3934 indignum

166 3962 365 4011 senum
407 3951 648 4013 alterius
684 3952 807 4009 sine
843 3952 1131 4009 voluntate
1177 3952 1389 4007 domini
1428 3953 1515 4011 sui
1552 3969 1743 4013 secum

85 4065 94 4074 -
166 4037 402 4095 retinere.
457 4041 819 4111 Quapropter
860 4040 1075 4099 dimisit
1123 4040 1284 4095 illum
1330 4041 1401 4095 ad
1451 4041 1742 4099 dominum

167 4140 328 4196 tuum,
356 4130 609 4189 scribens
638 4129 690 4187 ei
717 4130 1025 4187 familiares
1052 4129 1273 4189 litteras
1296 4130 1368 4187 de
1395 4147 1618 4187 carcere
1646 4147 1748 4201 per

167 4217 401 4277 eumdem
427 4235 679 4285 servum,
703 4224 981 4290 quatenus
998 4219 1310 4290 susciperet
1331 4218 1493 4275 illum
1517 4235 1647 4279 cum
1670 4219 1748 4275 af-

167 4302 295 4363 tectu
327 4306 671 4375 dilectionis,
698 4324 814 4363 non
838 4308 1084 4367 inferens
1122 4323 1320 4379 prunas
1357 4324 1457 4378 pro
1485 4307 1649 4367 bonis
1677 4307 1747 4363 ab

168 4389 248 4446 illo
274 4394 503 4449 sublatis
534 4413 547 4448 :
585 4397 746 4466 cujus
777 4396 1042 4467 Epistolas
1071 4396 1408 4467 principium
1429 4395 1570 4457 illud
1593 4402 1698 4454 est.

660 4521 897 4577 CAPUT
930 4522 1232 4608 uNICUM.

229 4646 426 4709 Paulus
457 4651 681 4705 uinctus
711 4648 838 4705 Jesu
868 4648 1095 4705 Christi.
1134 4648 1214 4705 De
1242 4647 1469 4705 nomine
1498 4648 1750 4719 Apostoli

172 4735 353 4806 saepius
370 4736 428 4795 in
446 4737 578 4795 aliis
598 4735 867 4809 Epistolis
887 4737 1238 4808 disputatum
1259 4743 1360 4792 est.
1386 4739 1548 4793 Nunc
1571 4737 1752 4793 videa-

1896 3850 2205 3905 Phitemoni
2227 3850 2421 3903 dilecto
2450 3854 2499 3905 et
2525 3850 2779 3917 adjutori
2808 3854 3013 3916 nostro,
3043 3856 3091 3911 et
3121 3854 3304 3929 Appia:
3332 3871 3419 3909 so-

1824 3942 1945 3993 rori
1966 3938 2322 3995 charissima.
2344 3936 2412 3998 In
2434 3937 2627 3995 Graeco
2643 3954 2758 3997 non
2779 3936 3018 4000 habetur
3037 3939 3297 4008 dilectus,
3319 3941 3419 3998 sed

1825 4026 2129 4097 diligibilis.
2147 4027 2273 4082 Non
2288 4026 2438 4087 enim
2453 4026 2690 4085 dilectus
2705 4031 2888 4099 potest
2907 4026 3016 4087 dici
3033 4027 3129 4105 qui
3142 4028 3415 4099 diligitur,

1828 4120 1884 4170 et
1903 4131 2016 4170 non
2034 4114 2236 4188 diligit,
2259 4131 2442 4189 neque
2462 4120 2547 4171 est
2565 4115 2769 4187 dignus
2785 4115 3103 4177 dilectione.
3120 4116 3422 4191 Diligibilis

1827 4209 2019 4267 autem
2040 4204 2136 4275 qui
2158 4210 2217 4261 et
2241 4203 2496 4275 diligitur
2516 4210 2574 4260 et
2601 4204 2802 4279 diligit,
2825 4205 3143 4285 dignusque
3173 4211 3258 4263 est
3288 4200 3424 4267 dile-

1828 4294 2012 4351 ctione
2053 4312 2064 4348 :
2108 4293 2258 4367 quod
2294 4294 2389 4351 isti
2426 4294 2740 4356 Philemoni
2778 4295 2917 4353 satis
2966 4297 3243 4367 congruit.
3293 4296 3424 4375 Ipse

1780 4439 1791 4450 ,
1831 4382 1981 4439 enim
2009 4383 2217 4456 dignus
2240 4389 2363 4441 erat
2390 4383 2710 4452 dilectione,
2732 4384 2971 4463 ideoque
2998 4386 3339 4463 diligebatur
3354 4387 3427 4443 ab

1831 4472 2120 4545 Apostolo,
2133 4472 2373 4545 diligens
2386 4478 2443 4530 et
2458 4473 2580 4548 ipse
2591 4475 2940 4547 Apostolum.
2954 4475 3285 4549 Adjutorem
3295 4494 3428 4537 eum

1831 4566 2009 4628 vocat,
2033 4561 2167 4634 quia
2193 4578 2360 4634 opere
2381 4563 2794 4635 prmdicationis
2812 4564 3190 4623 collaborabat
3215 4564 3348 4629 illis,
3370 4570 3431 4620 et

1832 4650 2320 4709 administratione
2330 4651 2660 4711 facultatum
2680 4668 2907 4711 suarum
2919 4652 3279 4713 subveniebat
3294 4652 3428 4713 ﬁde-

1832 4738 1999 4795 libus.
2017 4740 2201 4813 Appia
2221 4756 2391 4813 quam
2420 4745 2579 4799 vocat
2605 4757 2855 4797 sororem
2874 4740 3267 4801 Chariasimam
3294 4740 3427 4801 reli-

174 4835 281 4881 ωας
293 4841 462 4897 quare
480 4827 544 4887 in
564 4826 790 4884 exordio
802 4826 969 4897 hujus
988 4826 1266 4896 Epistolas,
1280 4826 1528 4883 vinctum
1543 4827 1750 4881 Christi
1766 4814 1816 4873 D
1830 4828 1991 4899 giosa
2035 4829 2246 4884 femina
2272 4828 2519 4885 creditur
2544 4829 2735 4884 fuisse.
2777 4828 2955 4897 Quam
2985 4844 3155 4887 causa
3180 4828 3431 4907 dignita-

178 4908 292 4967 Jesu
310 4930 367 4971 se
388 4914 563 4991 dicat,
580 4919 638 4970 et
655 4931 864 4977 nomen
881 4915 1227 4989 apostolatus
1248 4916 1499 4981 reticeat,
1526 4916 1674 4987 quod
1693 4917 1752 4970 in

180 4998 289 5055 aliis
323 5003 481 5061 solite
509 5020 721 5081 ponere
751 5004 1057 5063 consuevit.
1092 5004 1217 5063 Plus
1250 5020 1383 5076 ergo
1419 5005 1638 5061 videtur
1665 5005 1754 5063 di-

180 5100 291 5146 cere
299 5106 496 5152 vocans
512 5109 575 5149 se
588 5092 838 5149 vinctum
848 5091 1059 5151 Christi
1074 5090 1110 5148 J
1114 5108 1213 5149 esu
1230 5109 1398 5166 quam
1415 5094 1748 5164 apostolum:

178 5178 423 5247 quoniam
440 5181 609 5239 multi
626 5181 856 5241 fuerunt
874 5181 971 5259 qui
986 5180 1248 5246 dixerunt
1263 5198 1323 5235 se
1335 5198 1455 5239 esse
1474 5184 1756 5254 apostolos

180 5260 385 5331 Christi,
408 5268 545 5331 dum
565 5270 957 5341 praedicarent,
983 5270 1077 5341 qui
1102 5271 1407 5329 noluerunt
1434 5288 1557 5327 esse
1586 5272 1757 5327 vincti

181 5349 297 5409 Jesu
315 5355 547 5422 Christi,
576 5359 916 5431 refugientes
941 5364 1282 5417 tormentum
1312 5360 1605 5431 passionis.
1631 5362 1757 5415 Non

180 5442 354 5503 tamen
379 5446 562 5505 omnis
602 5448 818 5509 vinctus
848 5448 1058 5506 Christi
1098 5449 1233 5507 Jesu
1270 5448 1490 5507 vinctus
1517 5449 1627 5505 dici
1658 5466 1759 5521 po-

182 5531 300 5607 test,
319 5536 584 5614 quoniam
600 5537 765 5600 multi
792 5542 925 5597 sunt
952 5536 1049 5612 qui
1074 5537 1390 5609 latrocinio,
1419 5543 1521 5599 aut
1540 5537 1761 5599 sacrile-

1834 4915 1907 4971 tis
1936 4932 2188 4973 sororem
2216 4918 2463 4991 appellat
2488 4917 2547 4973 in
2576 4917 2703 4980 fide.
2733 4933 2847 4979 non
2872 4917 3021 4991 quod
3048 4933 3243 4978 revera
3271 4935 3433 4983 soror

1836 5005 1960 5074 ejus
1980 5005 2255 5061 exstiterit
2282 5005 2340 5059 in
2368 5020 2557 5060 carne.
2583 5004 2714 5063 Fuit
2737 5007 2928 5061 autem
2947 5011 3048 5067 aut
3073 5022 3272 5069 revera
3294 5024 3431 5067 con-

1832 5095 1934 5168 jux
1961 5093 2322 5155 Philemonis,
2368 5098 2467 5154 aut
2505 5091 2676 5153 etiam
2704 5108 2865 5149 soror
2893 5099 3118 5155 natura.
3150 5096 3431 5163 Inseritur

1838 5198 2044 5245 nomen
2064 5182 2214 5239 illius
2233 5181 2291 5234 in
2312 5180 2562 5237 medium
2580 5180 2728 5237 inter
2747 5181 2888 5237 duos
2907 5184 3055 5242 viros
3076 5187 3434 5261 apostolicos,

1838 5272 1987 5329 inter
2012 5275 2431 5343 cooperatorem
2454 5270 2713 5327 videlicet
2739 5272 2919 5342 Pauli,
2945 5273 3360 5347 Philemonem,
3378 5283 3437 5331 et

1840 5359 2278 5415 commilitonem
2299 5360 2347 5429 ej
2358 5376 2422 5413 us
2437 5360 2800 5434 Archippum,
2814 5367 2878 5417 ut
2896 5363 2996 5418 tali
3016 5381 3082 5421 ex
3105 5371 3344 5441 utroque
3364 5366 3441 5418 la-

1840 5455 1960 5504 tere
1979 5447 2120 5503 tulta
2138 5448 2427 5517 comitatu,
2456 5466 2570 5509 non
2594 5449 2852 5507 videatur
2870 5452 3127 5515 ordinem
3146 5469 3309 5515 sexus
3334 5453 3436 5514 ha-

1842 5537 1995 5609 bere,
2021 5536 2121 5599 sed
2150 5536 2358 5599 meriti.
2384 5538 2490 5599 Hic
2515 5542 2709 5603 autem
2734 5539 3057 5619 Archippus
3075 5538 3431 5604 emittendus
