3884 6154
535 280 643 343 815

1024 275 1403 334 HAYMONIS
1435 273 1920 329 HALBERSTAT.
1955 271 2182 329 EPISC.
2216 272 2374 328 OPP.
2406 269 2641 327 PARSI
2672 300 2737 311 —
2767 269 3143 328 COMMENT.
3170 271 3327 329 BIBL.
3594 281 3671 342 816

536 419 623 469 est
659 428 788 467 cum
816 410 994 465 Paulo
1022 413 1080 463 et
1105 406 1397 462 Timotheo
1426 406 1622 457 contra
1651 401 2000 455 adversarios
2028 416 2129 472 pro
2144 402 2197 460 A
2214 399 2437 453 Gratias
2466 414 2572 469 ago
2600 396 2720 451 Deo
2750 414 2896 463 meo,
2936 398 2997 453 id
3022 403 3109 453 est
3137 400 3309 455 laudes
3330 403 3477 458 refero
3496 405 3559 461 illi
3581 426 3673 466 cum

536 502 749 558 Christi
778 500 1007 555 nomine
1036 494 1338 566 aliquando
1359 492 1654 546 dimicasse
1680 496 1737 543 et
1764 490 1940 543 victor
1970 489 2132 543 exsti-

532 592 692 647 tisse.
714 590 1069 660 Quapropter
1088 601 1238 639 nunc
1261 580 1567 637 commilito
1594 580 1817 634 illorum
1848 595 2131 659 nuncupa-

532 687 646 746 tur,
680 679 796 733 sive
826 676 975 748 quod
1000 675 1061 729 in
1092 673 1287 727 eodem
1322 669 1627 725 certamine
1668 667 1925 737 belloque
1954 667 2130 720 victor

532 768 827 835 exstiterit,
851 766 965 819 sive
985 763 1131 836 quod
1154 762 1339 815 adhuc
1360 758 1760 813 commilitaret
1778 756 1889 809 illis
1908 756 1966 810 in
1992 772 2129 826 prae-

528 858 810 913 dicatione
841 854 1086 911 assidua.
1114 852 1178 905 Et
1207 851 1446 905 Ecclesia
1474 864 1593 916 qua:
1621 851 1696 900 est
1726 848 1790 898 in
1819 847 1977 898 domo
2007 850 2121 897 tua.

528 946 855 1001 Philemone
888 943 959 998 ad
995 941 1167 996 ﬁdem
1205 938 1481 1002 veniente,
1522 934 1761 989 credidit
1796 950 1937 987 uxor
1975 932 2125 986 illius

528 1040 585 1089 et
626 1033 791 1088 liberi
827 1038 886 1087 et
924 1029 1169 1085 maxima
1205 1043 1338 1098 pars
1378 1041 1666 1080 servorum
1704 1023 1875 1088 illius,
1922 1020 2124 1093 quibus

526 1122 785 1179 omnibus
802 1120 1105 1192 Apostolus
1130 1116 1300 1171 verba
1327 1113 1653 1169 salutatoris
1683 1111 1893 1181 dirigit,
1916 1116 1973 1164 et
1991 1110 2125 1181 quia

524 1214 715 1284 plures
744 1215 925 1273 erant,
958 1207 1217 1263 Ecclesia:
1246 1204 1475 1259 nomine
1505 1200 1815 1271 designavit
1842 1200 1987 1253 illos.
2025 1200 2123 1253 Ec-

523 1301 696 1357 clesia
722 1299 1001 1371 siquidem
1032 1295 1233 1351 Latino
1262 1291 1528 1346 vocabulo
1569 1290 1771 1343 dicitur
1799 1287 2120 1342 convocatio

521 1389 796 1444 fidelium.
828 1387 905 1441 Ut
950 1401 1082 1456 ergo
1131 1386 1427 1454 putaretur
1479 1377 1686 1432 certius
1733 1392 1845 1429 non
1891 1374 1962 1427 ad
2007 1376 2117 1427 Ar-

522 1477 730 1550 chippi,
762 1476 860 1531 sed
889 1476 959 1529 ad
990 1469 1335 1529 Philemonis
1372 1466 1731 1523 referendum
1772 1481 1896 1518 esse
1926 1479 2120 1534 perso-

519 1583 674 1634 nam,
700 1570 894 1637 aperte
914 1561 1195 1635 patefacit,
1218 1559 1408 1614 dicens
1429 1558 1442 1604 ﬁ
1466 1557 1599 1621 Qum
1625 1555 1683 1608 in
1705 1554 1871 1608 domo
1890 1558 1992 1606 tua
2010 1556 2116 1616 est,

517 1671 552 1709 ο
581 1654 875 1710 Philemon
900 1653 912 1705 !

2210 488 2524 559 gratiarum
2552 487 2771 541 actione
2800 504 2901 558 pro
2931 489 3113 543 salute
3143 493 3248 543 tua.

2280 578 2524 632 Audiens
2553 577 2882 629 charitatem
2913 581 3070 630 tuam
3098 583 3147 630 et
3167 578 3313 649 ﬁdem
3335 597 3474 648 quam
3495 584 3614 639 habes
3633 591 3675 641 in

2209 667 2443 719 Domino
2480 666 2607 718 Jesu
2658 669 2709 717 et
2756 667 2817 718 in
2856 681 3040 719 omnes
3091 673 3304 722 sanctos.
3345 669 3579 726 Philemon
3611 676 3675 744 qui

2208 758 2369 807 tanta
2423 753 2589 806 laude
2639 752 2844 822 dignus
2889 762 3012 807 erat
3062 754 3208 825 apud
3252 757 3543 826 Apostolum,
3573 761 3677 817 haud

2208 841 2444 895 dubium
2467 841 2603 911 quin
2632 841 2964 896 charitatem
2984 841 3213 897 haberet
3237 860 3356 915 erga
3372 846 3519 900 Deum
3532 853 3577 901 et
3589 866 3677 919 pro.

2206 929 2438 993 ximum,
2464 928 2630 982 ﬁdem
2662 945 2883 1000 quoque
2911 929 3145 984 haberet
3166 931 3222 984 in
3247 932 3455 988 Domino
3479 935 3583 989 Jesu
3604 952 3679 991 cre-

2206 1017 2390 1071 dendo
2431 1017 2488 1070 in
2531 1033 2660 1070 eum
2688 1021 2746 1070 et
2784 1017 2842 1071 in
2881 1033 3075 1072 omnes
3110 1023 3333 1085 sanctos,
3357 1020 3565 1076 imitator
3592 1023 3678 1079 ﬁdei

2206 1106 2429 1159 illorum
2478 1104 2786 1159 existendo.
2840 1105 2941 1160 Ille
2979 1105 3128 1160 enim
3167 1107 3319 1161 ﬁdem
3354 1113 3404 1162 et
3432 1109 3681 1166 charitatem

2202 1193 2372 1253 habet
2395 1194 2453 1247 in
2474 1195 2653 1249 Deum
2685 1201 2743 1249 et
2768 1194 2827 1248 in
2856 1210 3052 1249 omnes
3080 1200 3309 1261 sanctos,
3330 1197 3415 1268 qui
3438 1198 3582 1268 ipsam
3599 1200 3683 1253 cha-

2201 1283 2427 1337 ritatem
2460 1288 2517 1337 et
2543 1283 2710 1336 ﬁdem
2736 1284 2795 1336 in
2822 1284 3206 1354 operationem
3225 1284 3390 1339 vertit.
3404 1285 3683 1356 Sequiturzllt

2201 1374 2631 1425 communicatio
2659 1374 2788 1438 ﬁdei
2817 1376 2939 1437 tum,
2962 1372 3229 1427 subaudis
3252 1389 3378 1443 quas
3402 1375 3685 1428 communicas

2203 1465 2261 1513 et
2286 1460 2590 1533 participas
2616 1460 2749 1514 ﬁdei
2777 1461 3119 1532 apostolicae,
3168 1463 3367 1516 evidens
3396 1465 3477 1530 ﬁat
3502 1465 3551 1515 in
3570 1465 3685 1529 agni-

2204 1552 2347 1601 tione
2369 1552 2550 1602 omnis
2573 1552 2750 1617 operis
2768 1551 2897 1603 boni
2912 1553 2973 1603 in
2992 1550 3521 1606 0hristoJesu.Potest
3533 1566 3632 1620 ergo
3645 1566 3688 1604 ex

2196 1635 2580 1707 superioribus
2600 1637 2682 1690 ita
2700 1638 2824 1707 conj
2832 1637 2969 1707 ungi
2989 1652 3003 1692 :
3027 1637 3249 1691 Gratias
3275 1653 3371 1707 ago
3389 1638 3489 1692 Deo
3504 1652 3687 1703 meo,au-

589 1744 783 1800 Gratia
812 1744 958 1796 vobis
986 1746 1035 1795 et
1059 1756 1174 1809 pas;
1199 1754 1235 1791 a
1264 1738 1368 1791 Deo
1398 1736 1561 1788 Patre
1590 1737 1775 1785 nostro
1803 1736 1853 1784 et
1880 1714 2176 1783 DominoB
2193 1725 2354 1778 diens
2375 1724 2710 1779 charitatem
2733 1731 2889 1779 tuam
2921 1729 2980 1778 et
3004 1724 3176 1779 ﬁdem
3205 1741 3365 1796 quam
3388 1723 3534 1779 habes
3556 1724 3690 1778 inDo-

512 1835 641 1888 Jesu
683 1832 917 1891 Christo,
965 1827 1235 1883 subaudis
1292 1825 1384 1879 sit.
1426 1821 1493 1875 In
1544 1820 1805 1875 omnibus
1850 1816 2112 1889 Epistolis

511 1922 727 1994 aequale
763 1918 1102 1991 principium
1161 1914 1336 1987 ponit,
1378 1911 1620 1983 gratiam
1668 1908 1750 1963 eis
1807 1913 1862 1961 et
1916 1922 2113 1977 pacem

511 2017 714 2083 optans
743 2008 947 2080 quibus
979 2004 1188 2060 scribit.
1214 2002 1411 2058 Gratia
1442 2005 1631 2055 autem
1663 2002 1749 2052 est
1773 1997 1913 2051 fides
1938 1999 1994 2050 et
2019 2011 2111 2049 re-

509 2098 704 2153 missio
748 2099 1127 2168 peccatorum,
1181 2107 1350 2161 quam
1394 2088 1573 2159 gratis
1618 2084 2014 2154 consequimur
2050 2083 2110 2137 in

507 2186 812 2258 baptismo.
834 2185 948 2238 Pax
973 2198 1103 2236 vero
1135 2196 1247 2251 qua
1269 2176 1700 2232 reconciliamur
1728 2174 1844 2227 Deo
1869 2172 2024 2226 Patri
2054 2178 2112 2226 et

508 2274 744 2345 angelis.
774 2274 968 2328 Potest
996 2268 1226 2341 quidem
1257 2273 1315 2320 et
1342 2266 1425 2319 ita
1453 2262 1713 2333 intelligi.
1738 2266 1804 2316 ut
1831 2261 1903 2315 ad
1931 2261 2112 2314 Deum

506 2363 736 2418 Patrem
751 2361 1030 2416 referatur
1047 2356 1197 2430 quod
1217 2354 1369 2419 dicit,
1387 2352 1583 2407 Gratia
1594 2350 1750 2404 vobis
1765 2366 1799 2403 a
1814 2350 1928 2403 Deo
1942 2349 2111 2402 Patre

506 2455 725 2517 nostro,
739 2454 797 2504 et
811 2465 917 2519 pax
938 2447 1009 2501 ad
1026 2443 1328 2501 Dominum
1351 2443 1379 2495 J
1385 2457 1545 2495 esum
1568 2438 1875 2503 Christum,
1895 2436 1990 2507 qui
2008 2452 2109 2506 per

501 2539 835 2611 sanguinem
857 2535 1136 2608 passiOnis
1157 2549 1272 2587 sum
1300 2531 1481 2585 factus
1510 2534 1596 2583 est
1625 2526 1784 2581 nobis
1810 2542 1915 2598 pax
1938 2530 1996 2578 et
2020 2542 2103 2579 re-

502 2627 822 2685 conciliatio
847 2645 860 2694 ;
888 2625 986 2681 sed
1010 2624 1144 2695 quia
1163 2637 1277 2676 una
1299 2625 1384 2675 est
1403 2617 1587 2673 Patris
1614 2616 1852 2686 Filiique
1872 2619 2095 2679 natura,

501 2717 704 2772 melius
731 2720 819 2770 est
843 2723 911 2769 ut
938 2712 1106 2769 simul
1135 2711 1206 2765 ad
1235 2714 1540 2778 utrumque
1560 2705 1870 2759 referamus
1896 2708 1953 2756 et
1977 2719 2103 2772 gra-

497 2805 640 2861 tiam
669 2810 727 2859 et
752 2819 968 2875 pacem,
994 2801 1143 2855 sicut
1167 2798 1291 2852 aliis
1320 2794 1585 2867 Epistolis
1607 2791 1969 2847 meminimus
1990 2790 2103 2860 ple-

498 2894 631 2950 nius
659 2891 1001 2963 exposuisse.
1027 2889 1277 2943 Persona
1297 2900 1426 2939 vero
1452 2882 1696 2954 Spiritus
1726 2880 1903 2935 sancti
1930 2879 1985 2932 in
2008 2880 2103 2933 do-

497 2982 585 3037 nis
616 2982 735 3036 suis
773 2978 1130 3049 intelligitur,
1161 2976 1247 3029 vel
1273 2973 1372 3028 ubi
1409 2989 1522 3026 una
1542 2986 1783 3042 persona
1805 2969 2100 3023 Trinitatis

496 3035 746 3137 auditur,
772 3068 848 3123 ibi
873 3035 994 3122 ιοιῖι
1020 3035 1266 3121 Trinitas
1293 3035 1650 3131 intelligitur.
2114 3035 2157 3093 C

566 3160 789 3216 Gratias
803 3158 1012 3225 agoDeo
1029 3170 1141 3208 meo
1153 3167 1362 3220 semper
1372 3151 1699 3203 memoriam
1720 3150 1805 3201 tui
1815 3149 2022 3214 faciens
2035 3149 2098 3200 in

495 3247 843 3303 orationibus
859 3246 1013 3297 meis.
1030 3242 1317 3295 Hactenus
1332 3238 1541 3291 Paulus
1556 3240 1613 3290 et
1626 3234 1953 3289 Timotheus
1970 3232 2097 3287 Phi-

494 3334 724 3399 lemoni,
757 3331 950 3404 Appiae
982 3334 1039 3384 et
1068 3328 1348 3397 Archippo
1378 3324 1590 3394 pariter
1617 3323 1980 3392 scripserunt,
2005 3325 2094 3404 ta-

2193 1813 2348 1867 mino
2379 1813 2510 1868 Jesu
2548 1819 2605 1867 et
2632 1814 2691 1867 in
2730 1829 2926 1867 omnes
2954 1818 3198 1880 sanctos,
3228 1829 3522 1885 semperque
3542 1828 3689 1866 memo-

2193 1901 2335 1955 riam
2374 1901 2459 1955 tui
2498 1901 2641 1955 facio
2679 1901 2739 1955 in
2778 1901 3125 1956 orationibus
3156 1903 3311 1968 meis,
3342 1908 3402 1957 ut
3421 1899 3690 1973 participatio

2192 1989 2325 2043 ﬁdei
2364 2006 2477 2060 qua
2529 1989 2834 2061 participas
2886 1990 3018 2044 ﬁdei
3055 1990 3382 2061 apostolicae,
3418 1988 3599 2044 evidens
3624 2003 3689 2042 seu

2192 2077 2492 2131 manifesta
2514 2078 2613 2132 ﬁat
2652 2095 2816 2132 omne
2840 2078 3051 2132 bonum
3081 2079 3142 2132 in
3172 2096 3229 2133 se
3263 2078 3471 2133 habere.
3504 2079 3692 2133 Commu-

2192 2166 2400 2220 nicatio
2426 2166 2703 2237 siquidem
2727 2167 2818 2220 hic
2845 2183 2947 2238 pro
2966 2167 3387 2238 participatione
3405 2167 3515 2221 ﬁdei
3538 2169 3692 2236 προεω-

2191 2255 2313 2309 licae
2332 2254 2623 2326 accipitur,
2641 2256 2733 2310 cui
2752 2256 2846 2309 ille
2865 2255 3239 2327 participabat
3265 2274 3276 2310 :
3301 2271 3580 2327 quanquam
3593 2252 3693 2307 etad

2192 2344 2645 2398 communionem
2672 2344 2850 2415 possit
2871 2344 3089 2412 referri,
3123 2361 3238 2417 qua
3263 2343 3587 2417 participabat
3604 2341 3694 2396 ﬁde-

2190 2432 2338 2487 libus
2369 2432 2439 2486 de
2466 2432 2827 2487 facultatibus
2856 2433 2992 2488 suis.

2257 2538 2706 2593 Gaudium'enim
2723 2555 2993 2607 magnum
3017 2541 3194 2595 habui
3212 2546 3261 2595 et
3279 2540 3639 2594 consolationem
3654 2537 3693 2587 in

2154 2634 2161 2641 ‘
2183 2626 2453 2681 charitate
2471 2632 2586 2689 tua,
2596 2643 2666 2695 qu
2675 2631 2730 2680 ia
2738 2631 2948 2681 viscera
2964 2634 3287 2683 sanctorum
3298 2629 3699 2697 requieveruntper

2186 2718 2251 2775 le,
2279 2712 2476 2782 frater.
2514 2715 2577 2769 In
2607 2731 2830 2769 carcere
2860 2721 2984 2770 erat
3016 2715 3221 2772 beatus
3248 2716 3540 2788 Apostolus,
3564 2712 3698 2781 ibique

2184 2802 2394 2856 famam
2412 2802 2759 2858 Philemonis
2776 2804 3059 2872 audiebat,
3078 2807 3214 2877 quia
3232 2804 3518 2860 maximum
3534 2800 3700 2869 refrige-

2183 2891 2329 2945 rium
2351 2891 2656 2962 praestabat
2684 2893 2893 2946 sanctis
2920 2893 2979 2947 in
3001 2893 3367 2949 tribulatione
3388 2890 3571 2964 positis.
3588 2885 3700 2942 Unde

2184 2985 2240 3033 et
2269 2980 2490 3051 plenius
2529 2980 2773 3035 inculcat
2816 2997 2992 3050 quare
3021 2981 3247 3044 dixerit,
3281 2980 3488 3035 Gratias
3512 2993 3597 3048 ago
3619 2975 3699 3029 Deo

2180 3084 2324 3135 meo,
2342 3069 2676 3123 memoriam
2702 3070 2787 3123 tui
2814 3070 3023 3124 faciens
3050 3070 3110 3124 in
3142 3069 3478 3125 orationibus
3495 3065 3621 3121 meis.
3636 3061 3703 3117 Di-

2177 3172 2352 3226 gnum
2374 3156 2652 3227 siquidem
2680 3162 2806 3211 erat
2827 3158 3041 3228 gratias
3060 3175 3233 3230 agere
3253 3159 3367 3214 Deo
3385 3171 3497 3210 meo
3514 3169 3596 3225 pro
3611 3150 3701 3204 cha-

2178 3246 2348 3299 ritate
2371 3246 2542 3311 illius,
2572 3246 2668 3317 qui
2694 3247 2918 3301 interno
2946 3248 3131 3301 cordis
3163 3244 3366 3302 a‘ﬂ‘ectu
3395 3250 3448 3301 et
3472 3238 3701 3316 profundo.

2177 3334 2394 3387 animos
2408 3340 2731 3389 sanctorum
2752 3352 2946 3406 preces
2965 3336 3323 3407 suscipiendo
3338 3330 3698 3404 refrigeraverat-

493 3440 627 3478 men
650 3423 712 3477 in
741 3418 1106 3492 sequentibus
1131 3413 1476 3486 approbatur
1494 3410 1824 3482 Apostolum
1850 3414 2097 3463 tantum-

2194 3421 2407 3475 Viscera
2435 3422 2711 3492 siquidem
2732 3423 3035 3494 aliquando
3059 3429 3355 3495 ponuntur
3372 3438 3466 3494 pro
3491 3418 3611 3481 ﬁliis,
3629 3415 3705 3470 ali-

494 3511 662 3567 modo
691 3511 764 3566 ad
805 3507 1194 3564 Philemonem
1226 3502 1487 3565 scribere,
1519 3506 1576 3554 et
1603 3516 1780 3554 unum
1824 3514 1951 3552 cum
1982 3514 2094 3551 υῐιο
2178 3511 2401 3579 quando
2434 3527 2535 3581 pro
2564 3510 2787 3565 interno
2817 3517 2874 3564 et
2901 3512 3182 3568 immenso
3212 3508 3514 3567 dilectionis
3537 3506 3701 3563 aﬁ‘ectn,

494 3598 882 3657 sermocinari.
903 3593 1244 3650 Huncetiam
1258 3607 1474 3646 morem
1492 3591 1547 3643 in
1561 3586 1957 3657 aliisEpistolis
1970 3587 2089 3656 ejus
2173 3598 2261 3652 hic
2290 3605 2479 3653 autem
2510 3616 2612 3670 pro
2643 3604 2883 3670 utroque
2911 3601 3089 3671 accipi
3121 3606 3380 3672 Possum.”
3410 3598 3622 3656 Viscera,
3644 3590 3705 3645 in.

492 3689 745 3745 ίῐινθῐιίνθ
762 3699 1081 3757 Possumus:
1108 3688 1173 3737 ιη
1202 3698 1330 3737 Cum
1358 3682 1547 3752 Plures
1567 3680 1623 3732 in
1652 3677 1974 3749 l""l3fati0ne
2001 3693 2093 3746 Ρο·
2178 3687 2319 3756 quit,
2361 3694 2685 3743 sanctorum
2712 3690 3114 3759 requieverunt
3141 3708 3249 3763 per
3274 3697 3350 3755 te,
3382 3689 3554 3750 frater,
3579 3682 3625 3737 id
3648 3683 3707 3733 est

493 3783 712 3832 nuntur
724 3780 919 3847 postea
932 3790 1033 3843 per
1050 3777 1234 3826 totum
1249 3787 1452 3840 corpus
1470 3769 1728 3857 Epistolaa
1744 3784 1890 3821 unus
1907 3766 2094 3834 dispu-
2176 3774 2276 3827 ﬁlii
2304 3781 2625 3830 sanctorum
2647 3776 2705 3831 in
2729 3777 3094 3833 tribulatione
3122 3785 3184 3834 et
3211 3781 3458 3850 egestate
3473 3769 3631 3847 positi,
3648 3782 3707 3820 re-

494 3872 624 3921 tans
634 3864 954 3919 inducatur.
970 3861 1129 3926 Quod
1144 3866 1335 3915 autem
1351 3859 1449 3924 ait,
1466 3854 1690 3913 Gratias
1702 3873 1807 3926 ago
1816 3857 1932 3910 Deo
1944 3871 2089 3921 meo,

2194 3862 2465 3934 'rigerium
2490 3871 2830 3937 acceperunt
2854 3866 2913 3919 in
2943 3868 3333 3922 consolatione
3351 3872 3462 3929 tua,
3483 3867 3533 3917 et
3555 3862 3604 3914 in
3617 3854 3708 3912 sub-

495 3970 720 4025 semper
740 3951 1072 4008 memoriam
1099 3949 1185 4004 tui
1211 3948 1422 4002 faciens
1448 3946 1508 4000 in
1536 3944 1882 4000 orationibus
1927 3943 2088 4009 meis,
2174 3951 2609 4021 minim-mione,
2634 3970 2746 4025 qua
2770 3954 2849 4009 eis
2878 3955 3242 4021 ministram
3274 3956 3389 4011 sive
3416 3947 3599 4008 interni
3619 3959 3707 4000 seu.

492 4044 578 4100 ita
614 4042 997 4115 accipiendum
1026 4045 1131 4105 est,
1162 4042 1228 4092 ut
1267 4052 1488 4107 semper
1520 4035 1733 4106 gratias
1759 4038 1952 4105 ageret
1981 4034 2093 4087 Deo
2174 4056 2270 4094 sus
2311 4045 2371 4095 et
2410 4041 2600 4112 magni
2629 4043 2859 4097 aﬂ'ectus
2886 4049 3214 4099 sanctorum
3246 4041 3613 4115 requieverunt
3639 4046 3709 4104 per

494 4150 597 4205 pro
616 4133 843 4187 illorum
859 4130 1061 4195 salute,
1082 4143 1221 4198 quos
1240 4126 1476 4181 Domino
1498 4124 1836 4195 acquisierat
1851 4138 2092 4193 semper-
2174 4134 2248 4183 te.
2278 4130 2545 4201 Magnum
2584 4131 2791 4186 etenim
2817 4131 3178 4202 refrigerium
3204 4131 3418 4187 habent
3449 4130 3506 4185 in
3534 4121 3710 4182 tribula-

468 4238 607 4307 ique
628 4221 852 4274 illorum
875 4217 1204 4307 memoriam
1227 4219 1420 4284 ageret
1438 4211 1882 4307 morationibus,
1896 4216 2093 4283 quate-
2173 4218 2327 4273 tione
2366 4224 2423 4272 et
2474 4224 2723 4290 egestate
2770 4221 2959 4292 positi,
2998 4222 3137 4277 dum
3176 4222 3429 4294 aliquem
3462 4211 3712 4288 repereth

498 4324 607 4363 nus
634 4307 694 4361 in
721 4307 832 4360 ﬁde
870 4310 1025 4359 recta
1051 4303 1324 4374 bonisque
1350 4301 1609 4374 operibus
1649 4307 2090 4374 perseverarent.

498 4395 615 4451 Nec
633 4394 838 4449 mirum
854 4393 901 4447 si
919 4393 1013 4446 ille
1028 4391 1123 4462 qui
1145 4391 1286 4446 alios
1302 4391 1581 4457 hortatur,
1598 4391 1787 4455 dicens
1807 4404 1818 4437 ε
1832 4394 1901 4446 In
1919 4395 2096 4445 omni-

501 4485 598 4538 bus
605 4486 819 4553 gratias
830 4485 1047 4551 agite,et
1059 4483 1177 4535 sine
1189 4482 1597 4534 intermissione
1608 4485 1757 4534 orate
1772 4483 1818 4548 (Ι
1832 4481 2091 4548 Thess.v),

496 4573 617 4646 ipse
647 4572 816 4627 etiam
847 4571 953 4625 hoc
975 4587 1144 4642 opere
1170 4569 1417 4640 primum
1443 4568 1777 4639 impleverit.
1800 4569 1868 4623 Et
1889 4573 2094 4623 notan-
2179 4574 2514 4644 quieverunt
2536 4592 2641 4646 per
2659 4581 2734 4642 te,
2751 4580 2991 4632 multam
3009 4579 3286 4645 ﬁduciam
3312 4579 3507 4632 habens
3527 4576 3581 4627 in
3598 4567 3717 4626 ίῖΙιΓὶο

498 4663 631 4718 dum
657 4661 791 4735 quia
811 4676 939 4716 cum
960 4659 1210 4725 dixisset,
1232 4657 1444 4729 gratias
1466 4673 1572 4728 ago
1595 4657 1730 4723 Deo,
1755 4658 1944 4711 statim
1968 4656 2094 4711 sub-
2174 4668 2253 4716 sto
2276 4665 2404 4717 Jesu
2426 4666 2743 4732 imperandi
2763 4667 2865 4720 tibi
2877 4667 3022 4734 quod
3038 4667 3112 4720 ad
3129 4683 3257 4721 rem
3268 4668 3524 4736 pertinet,
3537 4656 3712 4716 hocest,

497 4751 692 4807 intulit
709 4767 854 4818 meo,
874 4748 1136 4819 quoniam
1157 4762 1282 4800 cum
1304 4745 1660 4815 omnipotens
1674 4745 1821 4798 Deus
1839 4745 2091 4799 omnium
2175 4751 2245 4804 ad
2270 4751 2569 4806 utilitatem
2599 4758 2777 4807 tuam.
2800 4756 3029 4822 Propter
3063 4756 3407 4810 charitatem
3433 4753 3594 4819 magis
3611 4746 3719 4800 obst-

498 4840 871 4896 communiter
899 4838 1048 4892 Deus
1077 4835 1169 4901 sit,
1202 4840 1392 4889 tamen
1420 4833 1644 4887 illorum
1676 4833 1994 4904 specialiter
2015 4835 2094 4888 di-
2176 4856 2285 4905 cro,
2312 4857 2436 4895 cum
2465 4844 2540 4894 sis
2567 4844 2713 4908 talis,
2739 4847 2803 4896 ut
2830 4844 3039 4898 Paulus
3058 4860 3246 4908 senex,
3276 4859 3433 4899 nunc
3451 4845 3615 4895 autem
3634 4833 3720 4885 rin-

499 4930 647 4984 Citu!‘
664 4929 815 4983 Deus
838 4942 978 4990 esse.
1006 4925 1102 4995 qui
1129 4940 1229 4994 Per
1250 4924 1417 4977 ﬁdem
1442 4928 1497 4976 et
1520 4922 1643 4977 "ith
1669 4923 1934 4977 meritum
1965 4940 2091 4977 eum
2176 4937 2292 4985 ctus
2318 4932 2445 4983 Jesu
2490 4930 2699 4985 Christi
2706 4971 2717 4983 .
2750 4931 2962 4986 Idcirco
2991 4933 3159 4987 toties
3191 4949 3257 4988 se
3302 4930 3507 5003 repetit
3527 4927 3720 4981 vinctum

497 5018 907 5071 veneranturet
920 5013 1130 5076 colunt,
1147 5015 1211 5065 ut
1228 5009 1720 5077 Abraham,lsaac,
1745 5016 1802 5064 et
1819 5010 2007 5078 Jacob,
2025 5012 2094 5066 de
2176 5018 2387 5073 Christi
2417 5019 2551 5073 Jesu
2582 5035 2724 5088 esse,
2752 5024 2817 5075 ut
2850 5019 3010 5076 illum
3044 5021 3104 5076 in
3142 5022 3264 5076 ﬁde
3310 5014 3722 5093 perfectissimum

500 5104 704 5177 quibus
726 5103 847 5173 ipse
870 5100 1092 5154 dicebat
1118 5099 1298 5170 Moysi
1319 5114 1331 5149 :
1355 5101 1462 5168 Ego
1482 5114 1605 5152 sum
1626 5100 1764 5152 Deus
1784 5102 2086 5169 Abraham,
2171 5106 2452 5172 redderet,
2471 5123 2574 5162 nec
2593 5107 2922 5179 desperaret
2941 5109 2989 5164 si
3008 5110 3068 5165 in
3089 5126 3227 5165 eum
3258 5109 3455 5182 aliqua
3471 5096 3723 5162 contrarie-

497 5195 640 5249 Deus
672 5193 848 5257 Isaac,
878 5192 927 5243 et
961 5189 1103 5242 Deus
1140 5189 1301 5241 Jacob
1331 5188 1516 5254 (Exod.
1550 5192 1651 5257 ιιι),
1684 5204 1786 5259 per
1813 5189 1977 5242 fidem
2006 5191 2088 5243 vi-
2171 5199 2259 5249 tas
2280 5201 2689 5266 prorumperet,
2710 5197 2829 5252 sive
2851 5198 3021 5252 etiam
3043 5198 3177 5270 quia
3191 5198 3281 5253 illi
3301 5199 3470 5252 aliter
3486 5186 3723 5249 subvenire

496 5281 701 5336 delicet
744 5282 957 5332 rectam
1002 5275 1235 5344 vitaeque
1285 5276 1546 5330 meritum
1580 5295 1591 5330 :
1628 5281 1685 5331 et
1725 5277 1856 5348 quia
1893 5277 2090 5334 beatus
2172 5301 2285 5337 non
2315 5289 2534 5354 poterat
2562 5285 2757 5356 positis
2786 5286 2845 5341 in
2873 5286 3266 5355 tribulatione,
3294 5287 3496 5343 saltem
3518 5277 3645 5355 quod
3659 5271 3726 5329 ob-

494 5368 797 5441 Apostolus
817 5366 983 5421 fidem
1002 5363 1508 5419 constantissimam
1528 5365 1787 5432 habebat,
1803 5384 1904 5438 per
1923 5384 2089 5437 quam
2172 5372 2428 5427 secrabat
2456 5390 2556 5444 pro
2588 5390 2744 5429 servo
2772 5375 2988 5431 facilius
3015 5376 3378 5448 impetraret.
3408 5375 3619 5429 Poterat
3651 5378 3725 5418 au-

496 5457 708 5515 sciebat
724 5456 903 5511 Deum
923 5452 1027 5507 sibi
1045 5450 1374 5523 placabilem
1394 5453 1533 5521 fore,
1549 5456 1783 5526 vitaeque
1801 5457 2086 5525 meritum,
2170 5467 2286 5515 tem
2308 5461 2387 5514 illi
2417 5461 2695 5533 imperare
2717 5463 2862 5519 sicut
2885 5465 3004 5537 ipse
3025 5465 3381 5533 manifestat,
3404 5469 3470 5520 ut
3485 5465 3603 5535 pote
3621 5456 3727 5525 Apo-

496 5548 644 5621 quod
658 5563 771 5602 non
785 5542 1082 5616 ignorabat
1103 5542 1262 5597 illum
1281 5540 1698 5610 delectari,cum
1712 5546 1915 5600 ﬁducia
1928 5547 2086 5604 dixit:
2171 5550 2349 5605 stolus
2377 5550 2648 5621 subjecto,
2674 5554 2984 5624 praesertim
3006 5556 3165 5626 cujus
3189 5556 3391 5615 studio
3411 5553 3483 5610 ad
3498 5550 3646 5608 ﬁdem
3660 5557 3723 5594 τοι

2175 4308 2578 4377 consolantem,
2620 4309 2769 4381 quod
2808 4315 3001 4380 aperte
3037 4310 3331 4367 invenitur
3372 4307 3608 4380 implesse
3636 4300 3710 4354 ἱευε

2180 4396 2494 4451 Philemon.

2250 4488 2474 4553 Propter
2501 4488 2663 4555 quod,
2704 4486 2972 4543 subaudis
3001 4489 3135 4560 quia
3177 4488 3395 4544 interni
3426 4486 3628 4540 allectus
3648 4491 3713 4530 re-
3814 4514 3815 4519 η
