3992 6166
227 246 325 306 817

892 249 1273 307 EXPOSITIO
1302 253 1382 309 IN
1411 251 1570 311 EPP.
1606 257 1664 312 S.
1698 255 1820 311 PAI

1907 255 1934 309 ζ.
1970 281 2037 296 -
2068 254 2147 308 IN
2178 252 2398 308 EPIST.
2432 254 2528 307 AD
2559 251 2857 307 PHILEM.

3396 243 3506 305 818

228 377 422 426 uerat:
458 372 558 426 sed
581 373 715 445 quia
745 375 1053 430 maximam
1083 376 1415 433 charitatem
1444 380 1686 435 habebat
1698 381 1896 449 ergaA
1916 378 2154 441 minum,
2186 382 2250 430 ut
2280 381 2467 447 posset
2484 376 2711 431 domino
2741 391 2843 429 suo
2872 373 3154 446 prodesse,
3176 373 3312 427 dum
3333 371 3404 426 ab
3436 387 3505 425 eo

229 478 426 516 omnes
456 468 699 530 sanctos,
732 463 933 518 maluit
964 464 1256 520 obsecrare
1299 484 1468 538 quam
1517 469 1819 540 imperare.

227 551 344 605 Nec
366 551 520 605 enim
552 557 674 606 erat
694 568 919 607 necesse
953 558 1017 607 ut
1047 570 1113 607 ex
1159 558 1494 611 auctoritate
1522 558 1828 628 apostolica

228 639 277 692 ei
296 639 628 709 imperaret.
651 640 717 694 In
738 640 843 694 hoc
868 646 1058 695 autem
1081 643 1229 712 quod
1249 642 1402 710 dicit,
1428 661 1554 699 cum
1584 646 1659 699 sis
1674 646 1825 711 talis,

228 732 292 781 ut
305 728 522 783 Paulus
539 740 726 791 senex,
743 729 986 784 ostendit
1004 730 1163 785 illum
1186 748 1431 787 coaevum
1472 733 1600 800 sibi,
1634 750 1699 788 ac
1727 750 1828 805 per

226 816 334 870 hoc
365 817 530 888 quasi
557 816 946 873 honorabilius
991 819 1298 891 alloquitur
1351 821 1531 890 illum,
1574 839 1740 893 quam
1779 823 1826 877 si

228 910 378 961 esset
399 906 596 977 junior
621 911 807 961 aetate.

298 995 527 1050 Obsecro
557 1000 604 1049 te
630 1010 733 1064 pro
762 1011 880 1049 meo
908 998 1042 1063 ﬁlio,
1078 1012 1239 1064 quem
1267 1002 1438 1065 genui
1466 1002 1527 1052 in
1566 1003 1823 1065 vinculis,

231 1081 719 1138 0nesimo.Volens
734 1083 1195 1154 impetrarequod
1216 1086 1553 1155 postulabat,
1574 1089 1693 1158 jam
1715 1104 1829 1142 non

224 1188 327 1244 pro
351 1187 517 1225 servo
545 1171 908 1233 Philemonis,
928 1173 1027 1226 sed
1056 1189 1157 1240 pro
1185 1190 1288 1228 suo
1317 1175 1432 1228 filio
1453 1184 1732 1245 precatur,
1764 1183 1830 1232 ut

224 1260 363 1314 dum
395 1259 557 1314 audit
580 1260 739 1314 illum
768 1260 839 1314 ab
865 1262 1131 1332 Apostolo
1174 1262 1352 1317 filium
1406 1264 1610 1329 vocari,
1651 1265 1829 1334 magis

222 1349 428 1420 diligat
446 1348 607 1402 illum
618 1353 685 1403 ut
701 1348 953 1414 fratrem,
980 1367 1149 1421 quam
1178 1352 1474 1406 tormentis
1489 1353 1695 1407 afficiat
1721 1371 1822 1425 pro

223 1438 361 1509 fuga
391 1442 450 1491 et
474 1439 625 1492 furto
653 1443 718 1492 ut
746 1454 988 1492 servum.
1018 1440 1304 1495 Genuerat
1330 1447 1521 1496 autem
1567 1443 1726 1496 illum
1764 1443 1823 1497 in

220 1527 462 1581 vinculis
492 1527 724 1598 positus,
743 1544 855 1582 non
884 1545 1071 1594 carne,
1113 1530 1208 1583 sed
1237 1531 1649 1602 praedicatione,
1682 1532 1827 1586 sicut

221 1621 280 1671 et
298 1616 644 1682 Corinthios,
688 1616 891 1688 quibus
920 1617 1169 1671 dicebat:
1206 1620 1309 1672 Per
1344 1621 1705 1688 Evangelium
1732 1639 1823 1689 ego

1908 464 2080 518 fuerit
2098 465 2395 519 remissus:
2423 465 2516 535 qui
2548 464 2813 534 prodesse
2831 480 2945 517 non
2967 466 3188 533 poterat
3216 461 3264 514 si
3287 466 3506 514 tenere.

1908 557 2022 614 tur,
2038 553 2265 607 domino
2277 553 2573 622 ignorante
2587 569 2771 623 neque
2783 552 3021 606 volente.
3063 550 3184 613 Quo
3201 548 3323 602 loco
3348 564 3503 618 quaa-

1908 648 2044 695 runt
2059 641 2333 703 nonnulli,
2351 658 2524 712 quare
2538 642 2893 712 omnipotens
2911 640 3061 694 Deus
3090 655 3204 693 non
3234 635 3506 691 creaverit

1907 730 2088 783 Adam
2105 730 2187 783 ita
2212 735 2276 784 ut
2295 746 2406 784 non
2428 735 2617 801 posset
2651 745 2902 802 peccare.
2926 727 3140 793 Quibus
3156 724 3504 798 responden-

1912 818 2045 873 dum
2075 823 2180 882 est,
2204 820 2338 890 quia
2364 819 2410 873 si
2448 820 2620 874 talem
2648 820 2870 873 fecisset
2904 834 3054 881 eum,
3081 820 3146 871 ut
3184 832 3297 870 non
3317 818 3507 886 posset

1911 925 2159 980 peccare,
2191 909 2402 963 bonum
2444 908 2598 962 illius
2642 924 2755 962 non
2784 894 2933 961 esset
2983 905 3313 978 perfectum,
3353 902 3505 972 quod

1911 998 2209 1068 praemium
2235 1004 2570 1062 mereretur,
2585 997 2682 1050 sed
2697 994 3096 1057 necessarium,
3116 1008 3300 1063 neque
3329 991 3504 1045 etiam

1911 1086 2149 1140 liberum
2174 1085 2472 1141 arbitrium
2494 1085 2744 1140 haberet.
2779 1083 3002 1138 Creavit
3045 1082 3197 1137 enim
3217 1079 3505 1136 hominem

1911 1175 1981 1229 ad
2011 1174 2318 1245 imaginem
2349 1181 2405 1228 et
2424 1174 2847 1228 similitudinem
2896 1188 3074 1238 suam,
3099 1177 3165 1225 ut
3209 1170 3355 1225 sicut
3382 1168 3504 1239 ipse

1909 1265 2199 1318 voluntate
2227 1268 2313 1317 est
2338 1263 2538 1328 bonus,
2581 1279 2693 1316 non
2737 1260 3214 1332 necessitate,}ita
3241 1264 3300 1313 et
3334 1258 3503 1313 homo

1904 1353 2190 1407 voluntate
2220 1358 2369 1406 esset
2393 1351 2593 1417 bonus,
2617 1367 2730 1405 non
2757 1349 3110 1405 necessitate.

1977 1442 2234 1494 Forsitan
2256 1443 2371 1495 ideo
2387 1442 2717 1495 discessitad
2736 1441 2930 1493 horam
2976 1454 3013 1491 α
3043 1444 3109 1505 te,
3141 1444 3205 1491 ut
3232 1442 3504 1491 aternum

1908 1533 2074 1584 illum
2092 1533 2372 1597 reciperes,
2386 1533 2511 1598 jam
2534 1546 2647 1583 non
2664 1532 2805 1582 sicut
2824 1544 3066 1591 servum,
3092 1527 3182 1581 sed
3222 1540 3329 1594 pro
3353 1540 3504 1579 servo

1908 1620 2303 1673 charissimum
2324 1619 2581 1685 fratrem.
2613 1618 2852 1671 Pulchre
2880 1615 3205 1670 adverbium
3233 1613 3506 1669 dubitati-

219 1722 311 1759 vos
340 1709 517 1773 genui
542 1707 598 1774 (Ι
616 1706 737 1760 Cor.
787 1708 880 1773 Iv).
925 1707 990 1760 In
1031 1708 1265 1761 vinculis
1308 1709 1455 1762 enim
1508 1703 1888 1774 tenebatur,"
1910 1706 2263 1760 vumaddens
2284 1707 2539 1774 forsitan,
2558 1706 2899 1761 sententiam
2916 1704 3269 1776 temperavit;
3290 1703 3511 1758 occulta

224 1795 453 1865 quando
476 1794 547 1848 ad
559 1794 719 1848 illum
734 1795 888 1848 venit
908 1795 1229 1862 Onesimus,
1252 1800 1387 1864 quia
1414 1799 1829 1865 tibialiquando
1914 1795 2118 1865 quippe
2132 1794 2231 1847 Dei
2256 1794 2465 1864 judicia
2486 1799 2635 1857 sunt,
2669 1800 2728 1848 et
2753 1793 3120 1847 temerarium
3139 1798 3226 1847 est
3248 1792 3409 1863 quasi
3437 1792 3508 1845 de

221 1884 455 1935 inutilis
475 1883 779 1949 fuit,nunc
796 1889 1043 1937 autemet
1062 1886 1205 1938 mihi
1219 1891 1267 1937 et
1287 1887 1390 1938 tibi
1408 1886 1830 1939 utilis:inutilis
1912 1890 2063 1936 certo
2095 1883 2465 1953 pronuntiare
2495 1882 2643 1953 quod
2672 1881 2904 1936 dubium
2935 1886 3039 1935 est.
3067 1880 3244 1935 Caute
3276 1896 3409 1950 ergo
3449 1883 3508 1933 et

217 1975 414 2024 autem
461 1971 675 2025 exstitit
713 1972 1009 2027 Onesimus
1058 1972 1288 2027 domino
1338 1990 1441 2027 suo
1492 1974 1825 2041 Philemoni,
1915 1972 2133 2041 timide,
2163 1977 2219 2025 et
2245 1988 2359 2025 non
2388 1973 2496 2026 fixo
2523 1971 2705 2041 gradu
2734 1971 2954 2024 locutus
2977 1975 3083 2035 est,
3105 1986 3176 2023 ne
3220 1968 3507 2022 videretur

219 2060 449 2128 quando
463 2076 579 2113 non
598 2061 779 2115 solum
801 2061 870 2114 de
919 2061 1144 2115 servitio
1188 2061 1339 2115 illius
1367 2062 1502 2132 fuga
1523 2079 1582 2115 se
1610 2062 1826 2117 subtra-
1909 2062 2171 2115 omnibus
2200 2062 2374 2115 servis
2405 2061 2752 2115 occasionem
2783 2058 3032 2129 fugiendi
3053 2058 3291 2122 dare,ut
3308 2057 3509 2128 praedi-

219 2143 322 2209 xit,
355 2145 457 2198 sed
485 2145 718 2216 insuper
747 2145 900 2200 illius
925 2145 1075 2200 bona
1094 2146 1313 2200 furatus
1331 2151 1433 2199 est.
1463 2145 1823 2217 Tibi,inquit,
1908 2154 2166 2205 catorum
2196 2150 2453 2220 discipuli
2476 2151 2694 2206 ﬁerent.
2728 2148 2889 2213 Quod
2918 2153 3107 2201 autem
3136 2146 3295 2211 dixit,
3320 2147 3395 2201 ad
3415 2146 3500 2201 ho-

220 2232 331 2285 soli
356 2233 599 2298 inutilis,
632 2250 744 2287 non
775 2234 1009 2299 caeteris,
1039 2251 1188 2289 nunc
1218 2235 1535 2289 econtrario
1564 2235 1827 2290 utilitatis
1910 2254 2174 2309 ram,pro
2199 2245 2454 2309 tempore
2476 2238 2682 2309 posuit.
2718 2238 2898 2291 Omne
2924 2236 3076 2290 enim
3104 2240 3329 2306 tempus
3360 2251 3507 2307 prae-

219 2323 683 2393 compensatione
704 2340 816 2394 qua
841 2330 895 2378 et
921 2324 1027 2394 ipsi
1057 2324 1284 2378 domino
1302 2329 1358 2377 et
1377 2325 1552 2379 Paulo
1572 2325 1729 2379 utilis
1743 2331 1830 2380 est
1911 2328 2086 2381 sentis
2113 2328 2241 2382 vitae
2262 2328 2331 2381 ad
2360 2327 2838 2399 comparationem
2856 2325 3207 2389 aeternitatis,
3228 2328 3329 2378 aut
3365 2323 3508 2378 nihil

216 2412 572 2482 caeterisque,
622 2429 723 2484 per
779 2413 1019 2467 Paulum
1073 2415 1201 2484 plus
1258 2414 1550 2468 charitatis
1580 2421 1829 2470 meretur
1910 2421 2015 2480 est,
2038 2422 2139 2470 aut
2163 2416 2495 2471 brevissima
2511 2417 2668 2470 hora.
2706 2417 2768 2470 Ut
2796 2421 3090 2480 azternum,
3112 2412 3318 2485 inquit,
3336 2415 3507 2468 illum

215 2516 396 2570 quam
428 2502 543 2556 odii
568 2508 700 2557 ante
728 2509 1033 2557 meruerat.
1066 2503 1304 2557 Domino
1332 2520 1434 2557 suo
1464 2504 1522 2557 in
1564 2505 1670 2558 hoc
1707 2510 1831 2559 erat
1910 2508 2190 2571 reciperes.
2218 2506 2421 2559 Nullus
2453 2505 2716 2558 dominus
2753 2508 3028 2557 aeternum
3071 2519 3292 2557 servum
3322 2506 3510 2573 potest

208 2591 337 2659 jam
359 2591 539 2658 utilis,
560 2593 693 2662 quia
712 2592 987 2647 serviebat
1006 2593 1274 2663 Apostolo
1322 2610 1424 2664 pro
1453 2593 1680 2647 domino
1702 2610 1823 2661 suo,
1910 2591 2136 2655 habere,
2164 2594 2426 2663 quoniam
2450 2599 2688 2663 uterque
2713 2592 2938 2646 illorum
2962 2597 3019 2645 et
3037 2591 3284 2646 conditio
3297 2591 3509 2646 utrius-

214 2680 369 2749 quod
387 2680 586 2751 utique
598 2681 859 2735 dominus
878 2683 998 2751 ejus
1013 2681 1285 2735 debuerat
1312 2697 1501 2752 agere,
1524 2682 1569 2734 si
1580 2699 1825 2752 praesens
1908 2698 2015 2751 que
2037 2688 2217 2735 morte
2228 2683 2749 2736 finitur.0nesimus
2764 2697 2894 2735 vero
2906 2680 3000 2750 qui
3013 2679 3506 2751 perfidemChristi

213 2773 385 2823 esset.
405 2770 675 2839 Apostolo
702 2770 761 2824 in
782 2770 887 2824 hoc
915 2774 1037 2825 erat
1074 2770 1308 2836 inutilis,
1332 2771 1463 2841 quia
1490 2770 1587 2825 illo
1616 2771 1674 2824 in
1700 2788 1827 2825 car-

213 2873 348 2911 cere
387 2858 573 2929 posito
608 2899 623 2925 ,
663 2859 1012 2931 vinculisque
1051 2860 1279 2913 detento
1301 2901 1317 2922 ,
1360 2859 1721 2914 ministrabat
1751 2860 1820 2926 ei,

213 2951 393 3016 prout
409 2948 467 3000 in
481 2948 903 3019 temporalibus,
924 2953 982 3002 et
1000 2948 1231 3019 insuper
1248 2948 1303 3001 in
1323 2948 1828 3019 spiritualibus,de-

210 3031 411 3087 ferens
437 3033 656 3088 litteras
686 3036 942 3107 Apostoli
966 3036 1077 3091 huc
1102 3035 1373 3109 illucque.

286 3123 373 3176 Tu
395 3129 584 3177 autem
609 3126 777 3178 illum
801 3130 865 3178 ut
916 3128 1124 3179 viscera
1152 3142 1273 3179 mea
1320 3128 1543 3194 suscipe.
1574 3126 1818 3191 Viscera,

208 3210 366 3264 sicut
388 3212 509 3280 jam
535 3211 796 3280 diximus,
828 3213 1147 3284 signiﬁcant
1169 3213 1454 3267 internum
1485 3214 1669 3268 cordis
1694 3215 1824 3269 aﬂ‘e-

207 3303 393 3363 ctum,
430 3305 487 3354 et
504 3300 731 3371 plenam
754 3318 820 3356 ex
842 3302 1034 3357 animo
1061 3303 1407 3356 voluntatem
1434 3323 1448 3357 :
1484 3318 1611 3356 cum
1639 3308 1823 3357 totum

208 3388 494 3459 quidquid
512 3389 571 3443 in
583 3390 744 3445 nobis
764 3396 851 3446 est
862 3392 1165 3461 suscipitur
1192 3409 1225 3445 a
1237 3396 1471 3462 rogante
1488 3406 1501 3440 :
1518 3393 1822 3463 aliquando

206 3481 410 3531 tamen
428 3478 824 3549 intelliguntur
844 3486 900 3533 et
913 3481 1034 3535 ﬁlii.
1062 3481 1303 3549 Suscipe,
1327 3480 1530 3551 inquit,
1566 3484 1733 3535 illum
1760 3486 1822 3535 ut

206 3581 342 3619 mea
366 3570 593 3633 viscera,
628 3568 732 3622 hoc
752 3573 840 3622 est
864 3574 929 3623 ut
977 3568 1153 3623 ﬁlium
1182 3569 1817 3634 meum‘charissimum,

204 3655 295 3709 vel
343 3655 403 3708 in
443 3655 541 3709 illo
580 3656 799 3728 suscipe
862 3657 1146 3712 internum
1186 3659 1449 3712 affectum
1510 3658 1822 3712 dilectionis

206 3760 378 3799 mea.

1908 2770 2088 2824 factus
2103 2776 2443 2825 estmternus
2473 2776 2682 2824 aeterno
2694 2769 3033 2838 Philemoni,
3055 2768 3188 2840 quia
3216 2774 3276 2824 et
3295 2768 3415 2839 ipse
3441 2768 3505 2824 in

1909 2858 2196 2913 Christum
2216 2860 2548 2921 crediderat,
2574 2859 2776 2931 spiritu
2803 2857 3082 2912 libertatis
3100 2863 3349 2929 accepto,
3378 2858 3503 2928 jam

1906 2964 2021 3001 non
2049 2964 2261 3011 servus,
2286 2948 2385 3002 sed
2415 2948 2594 3002 frater
2619 2948 2677 3001 in
2732 2947 2844 3001 fide
2871 2945 3041 3018 coepit
3067 2962 3207 3011 esse,
3248 2945 3321 3000 de
3342 2960 3504 3000 servo

1904 3035 2078 3090 frater
2090 3036 2455 3091 charissimus
2475 3041 2533 3091 et
2546 3036 2722 3091 frater
2735 3040 2999 3103 aeternus;
3018 3034 3169 3090 unde
3184 3039 3243 3089 et
3267 3034 3505 3105 Aposto-

1905 3126 1994 3179 lus
2011 3125 2150 3179 dicit
2174 3145 2186 3179 :
2211 3133 2271 3179 ut
2292 3135 2560 3179 aternum
2580 3128 2747 3179 illum
2766 3124 3161 3194 reciperes,hoc
3173 3128 3259 3178 est
3268 3128 3504 3180 aeterna-

1905 3214 2035 3268 liter
2060 3231 2186 3269 cum
2208 3215 2429 3269 Christo
2449 3221 2818 3286 regnaturum
2843 3233 2855 3268 :
2882 3220 2939 3269 et
2957 3231 3069 3269 non
3090 3215 3239 3270 sicut
3255 3230 3499 3283 servum,

1906 3302 2001 3357 sed
2016 3305 2141 3374 plus
2163 3320 2341 3369 servo,
2374 3304 2429 3358 id
2456 3309 2542 3358 est
2565 3304 2745 3374 magis
2765 3320 2934 3375 quam
2963 3320 3206 3368 servum,
3235 3303 3502 3360 charissi-

1905 3408 2060 3446 mum
2082 3392 2295 3447 scilicet
2311 3393 2561 3447 fratrem.
2586 3393 2721 3447 Plus
2739 3392 2889 3447 enim
2909 3393 2980 3447 ad
3009 3409 3112 3448 nos
3131 3394 3378 3464 pertinet
3393 3395 3505 3450 fra-

1904 3485 1995 3534 ter
2012 3482 2068 3534 in
2087 3482 2288 3536 affectu
2309 3482 2598 3536 charitatis
2619 3498 2790 3553 quam
2801 3498 3012 3536 servus.
3038 3481 3261 3537 Habent
3286 3488 3344 3537 et
3370 3484 3502 3554 qui-

1904 3569 2034 3623 dam
2055 3571 2270 3624 codices
2296 3576 2361 3625 ut
2380 3587 2481 3642 pro
2495 3587 2654 3625 servo
2671 3570 3064 3625 charissimum
3092 3570 3324 3626 fratrem
3353 3573 3499 3627 reci-

1903 3675 2084 3728 peres.
2135 3660 2295 3722 Quod
2360 3664 2666 3729 utrumque
2719 3658 2894 3728 accipi
2948 3663 3135 3728 potest
3174 3677 3189 3713 :
3231 3660 3499 3730 quoniam

1904 3748 2128 3818 quando
2157 3747 2321 3818 fugit,
2350 3764 2543 3801 servus
2573 3746 2911 3812 erat,adhuc
2946 3745 3188 3801 infidelis
3205 3747 3448 3803 existens
3480 3767 3495 3817 ;

278 3834 462 3900 Quem
490 3849 583 3901 ego
601 3836 884 3889 volueram
914 3852 1128 3890 mecum
1160 3839 1415 3903 retinere,
1446 3842 1507 3889 ut
1534 3851 1634 3904 pro
1656 3841 1702 3889 te
1717 3839 1821 3889 mi—
1904 3837 2128 3907 quando
2147 3852 2277 3889 vero
2302 3852 2558 3890 reversus
2579 3841 2682 3901 est,
2716 3836 2833 3905 jam
2866 3839 3041 3889 frater
3065 3840 3190 3889 erat
3215 3835 3275 3890 in
3304 3836 3415 3891 ﬁde
3428 3838 3497 3893 fi-

207 3926 270 3978 hi
297 3927 661 3979 ministraret
682 3930 747 3980 in
775 3930 1013 3981 vinculis
1059 3929 1364 3995 Evangelii.
1394 3927 1609 3982 Idcirco
1637 3928 1818 3981 filium
1900 3925 2041 3979 delis
2065 3926 2313 3979 effectus.
2348 3925 2416 3978 Et
2454 3929 2516 3977 ut
2551 3924 2844 3977 Philemon
2871 3940 2985 3977 non
3006 3923 3408 3994 dedignaretur
3433 3925 3498 3980 il-

204 4030 383 4068 suum
402 4018 462 4067 et
478 4013 658 4068 filium
678 4015 1026 4070 vinculorum
1048 4022 1106 4069 et
1116 4017 1434 4070 ministrum
1458 4015 1744 4085 Evangelii
1759 4016 1817 4070 in
1899 4015 2016 4068 lum
2036 4014 2152 4068 vice
2166 4013 2357 4066 fratris
2377 4018 2589 4076 tenere,
2606 4011 2821 4065 addidit
2845 4017 2894 4065 et
2918 4015 3160 4065 maxime
3179 4014 3341 4076 mihi,
3366 4014 3496 4068 sub-

201 4102 453 4157 vinculis
464 4103 751 4157 constituti
779 4104 945 4158 toties
965 4105 1220 4175 replicat,
1268 4110 1334 4159 ut
1359 4105 1651 4159 Philemon
1683 4121 1874 4175 pru-_
1899 4102 2062 4158 audis
2081 4102 2440 4156 charissimus
2460 4102 2635 4154 frater
2654 4100 2986 4168 est,quando
3016 4103 3195 4168 magis
3225 4101 3327 4155 tibi
3352 4106 3403 4155 et
3430 4105 3495 4157 in

201 4190 355 4245 dens
385 4190 739 4262 dispensator
755 4197 977 4247 tantum
1008 4193 1066 4246 in
1079 4192 1406 4263 prazfatione
1423 4193 1685 4247 laudatus
1703 4210 1815 4247 non
1832 4166 1881 4225 D
1898 4208 2066 4245 carne
2082 4197 2138 4245 et
2158 4191 2213 4245 in
2230 4190 2432 4262 spiritu
2450 4209 2462 4258 ;
2485 4196 2543 4243 et.
2558 4195 2643 4243 est
2659 4204 2882 4243 sensus:
2902 4188 2960 4243 Si
2975 4188 3116 4242 mihi
3130 4188 3494 4245 charissimus

201 4281 456 4335 auderet
483 4297 713 4351 negare,
733 4297 805 4336 ne
821 4281 1209 4336 suislaudibus
1223 4282 1511 4336 videretur
1526 4282 1809 4352 indignus.
1897 4286 2002 4345 est,
2032 4286 2241 4351 quanto
2263 4279 2443 4349 magis
2462 4277 2564 4332 tibi
2584 4285 2639 4332 et
2669 4278 2727 4331 in
2744 4294 2913 4332 carne
2936 4283 2994 4331 et
3011 4277 3071 4331 in
3098 4277 3300 4349 spiritu
3329 4278 3495 4335 debet

200 4369 277 4423 Ut
309 4386 421 4440 pro
443 4373 521 4434 te,
574 4369 777 4441 inquit,
827 4370 965 4423 mihi
1015 4370 1379 4437 ministraret,
1438 4370 1567 4441 quia
1606 4370 1653 4423 si
1692 4370 1813 4423 fieri
1897 4370 2233 4425 essecharus
2250 4368 2425 4423 ?Mihi
2445 4367 2669 4438 quidem
2687 4367 2890 4438 spiritu
2913 4371 3000 4421 est
3020 4367 3494 4441 conjunctuspro-

197 4464 421 4528 posset,
459 4464 521 4513 tu
548 4457 824 4514 debueras
859 4459 997 4512 mihi
1027 4459 1086 4513 in
1138 4459 1375 4514 vinculis
1424 4461 1606 4530 posito
1644 4458 1813 4512 mini-

197 4553 413 4602 strare.

270 4636 419 4692 Sine
438 4638 669 4690 consilio
680 4641 865 4691 autem
889 4642 981 4691 tuo
1004 4638 1152 4691 nihil
1172 4640 1327 4691 volui
1357 4639 1554 4705 facere,
1580 4638 1686 4692 hoc
1706 4642 1809 4703 est,

194 4724 362 4778 nolui
384 4740 521 4778 eum
542 4724 663 4779 sine
682 4729 781 4780 tuo
801 4741 1075 4779 consensu
1088 4725 1350 4792 retinere,
1388 4730 1476 4780 uti
1495 4743 1561 4781 ne
1582 4730 1724 4781 velut
1751 4742 1814 4779 ea:

195 4817 526 4869 necessitate
547 4816 750 4869 bonum
781 4820 943 4869 tuum
970 4821 1119 4880 esset,
1142 4816 1233 4868 sed
1261 4819 1667 4871 voluntarium.
1697 4817 1816 4870 Po-

195 4908 354 4958 terat
374 4903 607 4974 quidem
636 4905 942 4975 Apostolus
990 4904 1110 4957 sine
1139 4904 1427 4959 voluntate
1469 4905 1815 4960 Philemonis

198 4993 548 5048 Onesimum
570 4990 677 5045 sibi
693 4992 751 5046 in
774 4993 1154 5047 ministerium
1186 4994 1431 5047 retinere
1465 5014 1477 5049 :
1508 4996 1605 5049 sed
1636 4995 1682 5048 si
1712 4996 1816 5049 hoc

195 5082 329 5136 sine
378 5079 673 5135 voluntate
720 5083 843 5152 ejus
878 5081 1120 5146 fecisset,
1163 5081 1370 5137 bonum
1431 5084 1656 5154 quidem
1696 5088 1817 5137 erat

197 5171 354 5240 ejus,
378 5169 483 5224 sed
502 5185 616 5223 non
636 5170 1011 5225 voluntarium
1040 5188 1051 5224 :
1092 5171 1241 5240 quod
1272 5177 1459 5226 autem
1512 5188 1623 5225 non
1666 5175 1817 5225 esset

194 5257 624 5313 voluntarium:
646 5260 1038 5314 ostenderetur
1053 5275 1166 5313 non
1186 5276 1309 5315 esse
1330 5277 1397 5313 ex
1434 5265 1551 5314 toto
1579 5259 1810 5313 bonum.

193 5347 367 5402 Nihil
398 5346 607 5417 quippe
628 5348 934 5417 perfectum
960 5348 1171 5402 bonum
1212 5354 1297 5403 est
1324 5349 1433 5403 nisi
1464 5348 1611 5419 quod
1634 5349 1815 5402 ultro-

194 5451 385 5490 neum
428 5441 532 5488 est.
580 5435 661 5490 Ex
687 5452 797 5507 quo
848 5435 1102 5507 Apostoli
1130 5437 1539 5491 consideranda
1560 5442 1647 5490 est
1683 5453 1815 5508 pru-

192 5524 427 5591 dentia,
444 5523 542 5595 qui
558 5523 763 5580 idcirco
783 5525 1085 5597 fugitivum
1116 5542 1338 5599 servum
1367 5525 1608 5582 remittit
1627 5526 1697 5580 ad
1718 5527 1814 5581 do—

1893 4464 2020 4529 pter
2037 4455 2314 4511 unitatem
2343 4454 2503 4521 fidei;
2536 4454 2641 4509 tibi
2668 4465 2859 4509 autem
2888 4460 2946 4509 et
2970 4454 3031 4508 in
3050 4455 3179 4521 ﬁde,
3211 4462 3268 4511 et
3289 4457 3351 4512 in
3377 4459 3497 4530 spi-

1894 4547 2027 4612 ritu,
2062 4550 2118 4598 et
2148 4544 2205 4597 in
2234 4560 2401 4598 carne
2421 4543 2588 4598 debet
2607 4560 2729 4598 esse
2748 4544 2970 4611 Charus,
3000 4545 3133 4615 quia
3160 4546 3233 4600 ad
3252 4550 3310 4601 te
3324 4548 3497 4618 perti-

1894 4640 2008 4690 net.
2035 4634 2168 4688 Fide
2189 4633 2339 4687 enim
2356 4638 2441 4687 est
2466 4633 2640 4687 frater
2674 4638 2827 4696 tuus,
2858 4649 3026 4687 carne
3062 4639 3253 4687 autem
3271 4639 3329 4688 et
3366 4652 3496 4690 con-

1896 4724 2107 4778 ditione
2128 4738 2321 4777 servus
2334 4726 2487 4776 tuus:
2512 4725 2855 4792 quapropter
2868 4720 3048 4790 magis
3063 4737 3098 4775 a
3130 4726 3189 4775 te
3208 4721 3368 4791 diligi
3391 4722 3492 4777 de-

1897 4812 2011 4866 bet.
2035 4811 2323 4882 Siquidem
2341 4810 2568 4881 quando
2582 4814 2705 4863 erat
2722 4808 2773 4863 ei
2788 4806 3074 4878 subjectus
3092 4808 3151 4862 in
3167 4824 3355 4877 carne,
3377 4826 3493 4865 non

1897 4907 2020 4955 erat
2050 4902 2102 4955 ei
2125 4902 2355 4971 junctus
2382 4898 2440 4952 in
2466 4898 2722 4959 Domino,
2749 4913 2899 4951 nunc
2927 4900 3117 4951 autem
3144 4902 3202 4952 et
3238 4897 3301 4951 in
3321 4913 3494 4954 carne

1898 4997 1956 5044 et
1974 4991 2033 5044 in
2055 4989 2308 5047 Domino.
2326 4989 2404 5043 Ex
2426 5005 2535 5060 quo
2563 4986 2846 5057 colligitur
2867 5001 3091 5040 servum
3120 4986 3217 5058 qui
3239 4986 3497 5044 credide-

1898 5080 1973 5133 rit
1996 5078 2054 5133 in
2077 5080 2366 5133 Christum
2396 5076 2607 5148 duplici
2633 5074 2858 5129 domino
2874 5090 2976 5129 suo
3006 5075 3132 5146 lege
3159 5076 3491 5149 constringi,

1896 5174 1962 5223 ut
1990 5170 2042 5222 ei
2073 5175 2130 5222 et
2159 5169 2217 5221 in
2246 5167 2431 5221 carnis
2469 5164 2801 5219 necessitate
2823 5166 3102 5235 jungatur
3128 5165 3201 5220 ad
3246 5171 3492 5239 tempus,

1897 5258 2031 5312 etin
2056 5263 2329 5311 internum
2367 5255 2571 5326 spiritu
2607 5254 2924 5324 copuletur.

1965 5346 2029 5402 Si
2056 5363 2180 5414 ergo
2233 5345 2390 5397 habes
2446 5360 2529 5397 me
2559 5345 2787 5409 socium,
2836 5343 2894 5397 in
2924 5343 3034 5398 ﬁde
3090 5349 3298 5415 suscipe
3326 5349 3495 5401 illum

1894 5441 2037 5492 sicut
2065 5452 2169 5500 me,
2204 5432 2363 5505 quasi
2390 5432 2638 5488 diceret:
2672 5432 2730 5486 Si
2782 5447 2873 5485 me
2901 5432 2983 5486 vis
3016 5432 3224 5489 habere
3252 5432 3485 5499 sccium,

1894 5526 2099 5583 habeto
2137 5529 2194 5578 et
2231 5522 2582 5590 Onesimum,
2625 5539 2792 5593 quem
2831 5536 2936 5591 ego
2990 5528 3048 5576 et
3088 5527 3402 5579 consortem
3437 5525 3495 5585 et
