3884 6154
465 149 570 209 823
909 151 1288 214 HAYMONIS
1319 159 1805 216 HALBERSTAT.
1836 145 2072 220 EPISC.
2113 161 2271 218 OPP.
2303 159 2487 215 PARS
2515 160 2560 214 Ι.
2593 187 2661 200 -
2692 135 3057 212 COMMENT.
3092 153 3266 211 BIBL.
3563 158 3648 216 824

470 282 561 332 ret
585 279 886 349 Apostolus
915 282 1175 336 eumdem
1203 283 1519 337 novissimis
1539 284 1736 340 diebus
1755 287 1974 340 venisse
2004 287 2063 341 in
2079 286 2383 348 Abernare
2411 283 2684 338 mundum
2697 297 2868 352 quam
2897 296 3130 334 creasse.
3152 280 3290 334 Nam
3310 280 3366 334 in
3389 283 3591 338 creando
3603 301 3654 339 ex

472 367 771 434 mundum,
801 385 866 423 ac
894 371 1280 442 temporaliter
1314 373 1700 428 haereditatem
1728 375 2061 445 percepisse,
2148 375 2324 429 nihilo
2350 371 2677 428 substantiae
2709 386 2900 424 rerum
2941 369 3217 439 productas
3249 375 3386 432 sunt,
3426 370 3479 422 in
3500 372 3656 440 guber-

480 455 577 526 qui
606 462 738 510 ante
769 459 957 512 omnia
983 461 1183 514 sarcula
1219 467 1341 515 erat
1368 478 1495 515 cum
1526 462 1716 530 Patre,
1746 464 1889 518 dixit
1914 482 1924 515 :
1960 465 2069 518 Per

480 559 649 615 quem
677 546 810 600 fecit
837 547 986 601 Deus
1014 548 1184 602 Pater
1211 550 1401 603 omnia
1420 567 1542 620 quae
1570 551 1630 604 in
1649 560 1901 622 tempore
1921 553 2068 607 facta

481 638 633 687 sunt.
657 635 800 687 Nam
841 636 988 705 quod
1019 637 1360 707 evangelista
1386 639 1630 693 Joannes
1659 641 1794 694 dicit
1826 659 1839 694 :
1869 642 2071 695 Omnia

478 739 584 792 per
612 727 794 791 ipsum
819 726 969 792 facta
993 731 1145 792 sunt,
1179 732 1229 780 et
1265 731 1386 782 sine
1414 731 1528 796 ipso
1565 730 1778 796 factum
1817 735 1892 784 est
1923 730 2072 784 nihil

483 813 665 878 (Joan.
697 812 758 882 ι),
791 813 896 866 hoc
924 815 1226 884 Apostolus
1262 816 1617 886 signiﬁcavit,
1662 819 1896 872 dicendo
1930 836 1941 871 :
1973 821 2073 873 Per

486 914 648 966 quem
661 901 848 966 fecitct
861 903 1330 968 saeculan'eferens
1350 906 1455 960 hoc
1474 907 1545 960 ad
1558 907 1909 962 divinitatem
1927 909 1976 978 ej
1985 925 2070 962 us.

481 985 698 1042 Deinde
725 1006 855 1044 vero
881 990 1216 1062 quibusdam
1247 995 1514 1065 gradibus
1543 998 1931 1052 ascensionum
1959 999 2076 1052 ele-

481 1082 686 1146 ganter
711 1082 896 1144 utens,
909 1082 1166 1151 pervenit
1178 1083 1249 1137 ad
1269 1083 1327 1138 id
1347 1085 1496 1156 quod
1517 1085 1776 1140 omnibus
1791 1087 1879 1140 his
1893 1087 2077 1156 majus

485 1169 590 1230 est,
622 1171 680 1220 et
701 1167 970 1234 insonuit,
987 1169 1179 1225 dicens
1204 1185 1216 1220 :
1241 1173 1347 1239 Qui
1368 1189 1494 1227 cum
1510 1177 1582 1228 sit
1599 1175 1856 1242 splendor
1865 1175 2073 1242 gloriae,

487 1260 538 1308 et
565 1257 752 1322 ﬁgura
781 1259 1103 1314 substantiae
1127 1264 1266 1327 eius.
1287 1261 1436 1316 Deus
1463 1263 1634 1316 Pater
1669 1262 1765 1316 lux
1793 1269 1895 1323 est,
1936 1263 2081 1317 sicut

486 1342 639 1398 idem
669 1344 980 1414 Apostolus
1005 1349 1104 1412 ait,
1138 1348 1375 1420 loquens
1394 1351 1463 1404 de
1487 1351 1659 1405 Filio:
1693 1353 1800 1420 Qui
1818 1353 2079 1417 habet,in-

491 1431 632 1502 quit,
653 1435 828 1488 lucem
839 1438 1283 1500 inaccessibilem,
1307 1443 1364 1492 et
1388 1439 1562 1494 Filius
1585 1441 1679 1494 lux
1708 1445 1811 1501 est,
1826 1445 1882 1494 et
1912 1440 2084 1511 Spiri-

489 1524 584 1574 tus
612 1525 839 1576 sanctus
868 1524 960 1577 lux
994 1527 1047 1592 (Ι
1074 1527 1214 1580 Tim.
1239 1527 1336 1596 v1),
1365 1527 1444 1582 ita
1463 1533 1522 1582 et
1545 1529 1714 1583 Pater
1734 1530 2083 1599 splendor,et

2148 464 2334 519 nando
2363 478 2491 515 vero
2521 477 2588 515 ea
2637 476 2760 530 quae
2787 460 2934 512 facta
2959 463 3110 524 sunt,
3160 473 3228 510 ne
3257 458 3323 511 ad
3356 458 3561 512 nihilum
3596 478 3660 515 re-

2151 554 2341 617 deant,
2373 553 2752 605 continentur.
2772 549 2919 618 Ergo
2935 547 3068 601 dum
3087 547 3202 600 haec
3225 547 3403 600 omnia
3419 554 3658 617 reguntur,

2152 647 2208 697 et
2232 642 2302 696 ad
2322 640 2561 694 invicem
2580 637 2687 692 sibi
2706 636 3081 708 repugnantia
3102 639 3661 706 coaptantur,magnum

2153 735 2211 786 et
2237 728 2568 784 admirabile
2598 725 2820 780 virtutis
2851 725 2951 779 Dei
2965 724 3238 795 judicium
3263 723 3664 778 declaratur.Post

2153 823 2372 872 tantam
2423 816 2620 870 divina:
2669 814 2977 884 majestatis
3015 814 3073 867 in
3118 813 3257 867 Filio
3293 812 3586 880 claritatem,
3611 813 3661 866 ad

2154 906 2393 961 humilia
2435 905 2836 958 incarnationis
2891 904 3011 972 ejus
3057 900 3354 968 descendit,
3402 902 3664 972 pariterque

2156 995 2424 1050 discernit
2468 998 2732 1047 naturam
2769 991 3077 1045 divinitatis
3129 994 3295 1060 atque
3346 989 3663 1057 humanitatis,

2158 1083 2382 1138 dicens:
2407 1084 2800 1150 Purgationem
2823 1085 3170 1149 peccatorum
3199 1078 3544 1146 faciens.Nam
3561 1081 3667 1149 quod

2159 1172 2318 1235 dixit,
2339 1176 2570 1239 portans
2590 1172 2783 1223 omnia
2814 1169 3223 1239 gubernatione
3243 1183 3360 1233 sua,
3390 1171 3441 1220 et
3458 1167 3669 1236 regimine

2159 1263 2386 1316 virtutis
2405 1276 2533 1323 suae,
2549 1259 2620 1313 ad
2647 1258 2997 1312 divinitatem
3031 1257 3258 1311 retulit:
3291 1255 3428 1326 quod
3455 1272 3560 1309 vero
3581 1256 3672 1310 sub-

2163 1350 2322 1415 didit,
2350 1351 2738 1417 purgationem
2757 1352 3107 1415 peccatorum
3137 1347 3357 1412 faciens,
3387 1345 3451 1397 ad
3476 1344 3671 1398 humani-

2161 1442 2338 1493 tatem
2363 1437 2486 1507 ejus
2514 1437 2740 1507 proprie
2766 1435 3028 1506 pertinet.
3062 1433 3346 1498 Quomodo
3381 1432 3496 1487 fecit
3525 1449 3670 1504 purga-

2161 1526 2374 1581 tionem
2429 1523 2840 1595 peccatorum?
2898 1524 3006 1576 Per
3064 1521 3488 1592 redemptionem
3531 1521 3673 1590 utique

489 1609 664 1665 Filius
692 1613 974 1682 splendor,
1007 1619 1066 1669 et
1108 1615 1351 1686 Spiritus
1375 1621 1601 1672 sanctus
1629 1618 1908 1689 splendor.
1973 1599 2442 1687 SedBpassionis
2490 1629 2623 1679 suae,
2657 1618 2715 1666 et
2758 1628 2859 1683 per
2914 1627 3121 1682 aquam
3176 1609 3521 1681 baptismatis,
3559 1611 3674 1679 juxta

492 1701 774 1769 quomodo
792 1701 886 1756 lux
905 1703 1158 1757 nascitur
1185 1720 1250 1758 ex
1268 1705 1414 1772 luce,
1447 1710 1500 1759 et
1533 1705 1799 1777 splendor
1817 1709 2086 1778 procedat

489 1787 561 1842 de
589 1788 909 1859 splendore,
931 1807 1043 1845 non
1054 1798 1337 1847 crescente
1361 1809 1616 1860 numero,
1631 1795 1979 1866 impossibile
2001 1804 2088 1852 est

489 1877 741 1932 deﬁnire.
775 1875 992 1934 Idcirco
1020 1884 1211 1935 autem
1246 1882 1565 1953 appellatur
1611 1883 1786 1938 Filius
1817 1885 2087 1955 splendor

489 1965 836 2036 Patris,quia
851 1967 996 2022 sicut
1009 1968 1068 2023 in
1083 1969 1217 2040 igne
1237 1971 1347 2024 tria
1361 1977 1494 2025 sunt
1514 1971 2088 2045 inseparabilia,ignis

493 2053 767 2122 videlicet,
793 2055 965 2114 calor.
999 2062 1057 2112 et
1085 2059 1366 2129 splendor,
1388 2064 1445 2114 et
1467 2064 1659 2114 tamen
1679 2062 1975 2132 splendore
2003 2080 2088 2118 os-

491 2142 745 2198 tenditur
776 2143 938 2199 nobis
967 2144 1116 2215 ignis
1137 2151 1194 2201 et
1219 2147 1389 2211 calor,
1415 2148 1547 2203 licet
1574 2149 1819 2204 humana
1843 2167 1954 2205 non
1976 2151 2092 2206 sint

493 2231 875 2302 comparanda
903 2234 1214 2299 divinis,ita
1235 2240 1442 2290 natura
1461 2237 1644 2291 Patris
1663 2243 1721 2292 et
1743 2239 1870 2292 Filii
1894 2245 1950 2294 et
1970 2241 2091 2310 Spi-

491 2320 638 2376 ritus
657 2322 835 2376 sancti
858 2321 1309 2394 inseparabiliter
1337 2326 1633 2396 conjuncta
1651 2332 1709 2380 et
1726 2327 1886 2381 unita
1901 2333 2004 2392 est,
2035 2334 2091 2383 et

496 2426 600 2480 per
619 2409 850 2466 verbum
880 2428 1048 2466 suum
1078 2414 1239 2483 quasi
1295 2431 1392 2484 per
1421 2416 1777 2485 splendorem
1825 2417 2089 2487 dignatus

497 2503 584 2553 est
598 2499 965 2571 semetipsum
985 2502 1300 2566 ostendere,
1329 2508 1385 2558 et
1408 2503 1639 2575 insuper
1657 2507 1988 2576 mysterium
2008 2512 2092 2560 to-

493 2587 608 2643 tius
627 2587 940 2655 Trinitatis,
959 2590 1180 2645 dicente
1203 2591 1323 2662 ipso
1344 2592 1485 2646 Filio
1507 2611 1518 2645 :
1542 2594 1650 2661 Ego
1670 2599 1720 2648 et
1734 2596 1893 2648 Pater
1913 2611 2094 2649 unum

495 2693 690 2731 sumus
716 2679 896 2747 (Joan.
922 2680 998 2747 x);
1029 2685 1084 2734 et
1116 2679 1356 2734 iterum:
1391 2683 1674 2749 Baptizate
1697 2699 1882 2737 omnes
1913 2689 2094 2751 gentes

494 2769 559 2820 in
589 2769 814 2820 nomine
839 2769 1024 2821 Patris
1053 2773 1104 2821 et
1122 2769 1256 2822 Filii
1283 2774 1331 2822 et
1371 2769 1619 2837 Spiritus
1657 2774 1840 2824 sancti
1871 2772 2088 2839 (Matth.

492 2855 712 2924 xxvm).
736 2854 981 2910 Mirabili
1008 2856 1185 2927 igitur
1221 2858 1388 2912 modo
1414 2859 1716 2929 Apostolus
1760 2876 1935 2914 unam
1964 2859 2091 2914 sub-

2167 1703 2316 1775 quod
2343 1703 2587 1757 Joannes
2614 1702 2673 1755 in
2703 1700 3039 1772 Apocalypsi
3067 1715 3172 1753 sua
3199 1699 3331 1752 dicit
3358 1717 3370 1752 :
3410 1701 3540 1752 Lavit
3563 1714 3632 1750 nos
3649 1714 3673 1750 a

2165 1794 2395 1862 peccatis
2418 1793 2621 1844 nostris
2651 1793 2713 1844 in
2740 1792 3015 1857 sanguine
3044 1805 3144 1842 suo
3174 1788 3354 1855 (Apoc.
3382 1791 3436 1854 Ι).
3477 1785 3596 1840 Sedet
3623 1785 3675 1839 ad

2168 1880 2450 1932 dexteram
2478 1880 2781 1946 majestatis
2807 1879 2871 1930 in
2908 1879 3151 1930 excelsis.
3185 1874 3590 1929 Considerandus
3617 1880 3676 1926 est

2170 1967 2307 2021 ordo
2338 1966 2924 2020 verborum.Primum
2951 1965 3235 2035 siquidem
3259 1962 3518 2034 perhibuit
3533 1977 3676 2032 purga-

2169 2056 2383 2109 tionem
2413 2060 2768 2126 peccatorum
2797 2054 3105 2108 Dominum
3151 2070 3254 2107 sua
3300 2052 3530 2123 passione
3563 2049 3677 2103 nobis

2170 2160 2522 2215 procurasse,
2553 2160 2619 2197 ac
2645 2143 2847 2197 deinde
2878 2142 3019 2196 dixit
3044 2143 3212 2196 illum
3241 2141 3422 2196 sedere
3449 2140 3509 2193 ad
3540 2139 3676 2192 dexte-

2170 2249 2295 2287 ram
2325 2233 2637 2303 majestatis
2665 2231 2722 2285 in
2751 2231 3000 2286 excelsis.
3051 2232 3201 2285 Nam
3228 2230 3466 2286 Christus
3498 2228 3677 2300 primum

2170 2338 2275 2376 nos
2303 2321 2544 2376 redemit
2572 2320 2845 2391 sanguine
2874 2320 3157 2391 passionis
3178 2336 3311 2382 suae,
3331 2325 3386 2374 et
3409 2319 3478 2372 sic
3495 2320 3680 2388 postmo-

2171 2412 2306 2464 dum
2331 2410 2688 2464 altitudinem
2717 2410 2989 2463 ccelorum
3021 2408 3350 2480 penetravit,
3383 2406 3468 2461 ubi
3502 2420 3617 2459 nunc
3635 2402 3681 2455 ad

2173 2499 2458 2553 dexteram
2484 2498 2670 2552 Patris
2701 2499 2876 2552 sedet.
2917 2498 3130 2552 Sedere
3154 2502 3338 2552 autem
3365 2496 3498 2549 illius
3519 2509 3597 2564 pro
3614 2492 3682 2544 ha-

2175 2587 2356 2642 bitare
2387 2592 2444 2642 et
2468 2603 2589 2641 esse
2619 2587 2848 2658 ponitur
2877 2587 2984 2641 isto
3014 2586 3075 2640 in
3120 2588 3268 2651 loco,
3298 2586 3431 2640 sicut
3451 2589 3500 2638 et
3516 2583 3680 2636 dextera

2175 2695 2276 2749 pro
2307 2677 2519 2730 honore
2546 2683 2603 2730 et
2630 2676 2907 2746 dignitate
2937 2692 3188 2730 summa.
3233 2677 3371 2730 Nam
3403 2690 3501 2728 non
3531 2677 3598 2724 est
3617 2685 3682 2740 pu-

2173 2765 2411 2820 tandum
2453 2765 2602 2836 quod
2641 2764 2996 2836 omnipotens
3037 2765 3231 2831 Pater,
3279 2764 3369 2835 qui
3402 2762 3592 2833 spiritus
3627 2763 3682 2811 est

2173 2854 2708 2925 incircumscriptus,
2744 2855 2935 2910 omnia
2963 2856 3212 2926 replens,
3257 2845 3515 2907 dexteram
3536 2855 3612 2902 aut
3632 2847 3682 2900 si-

497 2943 769 2997 stantiam
797 2943 1022 2998 deitatis
1048 2945 1233 2999 Patris
1291 2951 1346 3000 et
1395 2947 1522 3000 Filii
1561 2948 1824 3014 ostendit,
1859 2952 1922 3002 ut
1953 2949 2093 3002 duas
2113 2953 2156 3014 ί]
2173 2944 2411 2999 nistram
2439 2944 2645 2998 habeat
2668 2963 2680 2997 :
2713 2944 2858 2998 sicut
2889 2947 2946 2997 et
2967 2960 3069 2998 nos
3098 2944 3366 2998 habemus
3378 2946 3466 2995 aut
3488 2937 3604 3009 quod
3623 2937 3678 2988 ita

494 3046 766 3102 personas
795 3032 1042 3102 aperiret
1065 3033 1124 3086 in
1149 3034 1332 3103 gloria
1355 3041 1413 3088 et
1435 3035 1752 3106 splendore.
1776 3037 1885 3090 Per
1910 3038 2093 3108 splen-

500 3119 696 3172 dorem
717 3120 1224 3190 quippe,unitatem
1245 3123 1547 3178 declaravit
1565 3126 1820 3180 essentiae
1833 3143 1958 3180 cum
1977 3127 2094 3181 Deo

502 3207 675 3261 Patre
701 3221 714 3254 :
743 3208 803 3260 in
833 3208 1062 3262 nomine
1081 3214 1273 3263 autem
1312 3211 1521 3280 glorias,
1555 3229 1824 3284 personas
1856 3214 1956 3268 Dei
1986 3216 2095 3269 Pa-

499 3295 604 3350 tris
631 3295 904 3366 expressit
935 3312 949 3348 :
981 3296 1039 3350 in
1069 3298 1362 3368 splendore
1385 3305 1596 3366 autem,
1623 3318 1921 3372 personam
1947 3305 2092 3359 Filii.

501 3384 573 3440 Et
594 3385 674 3439 sic
694 3390 780 3440 est
799 3384 979 3441 Filius
1001 3386 1265 3458 splendor
1292 3388 1362 3442 de
1393 3390 1712 3458 splendore,
1739 3391 1885 3445 sicut
1911 3392 2006 3446 lux
2030 3393 2098 3447 de

503 3475 648 3540 luce,
675 3475 826 3530 Deus
855 3475 924 3530 de
943 3476 1080 3543 Deo,
1095 3476 1285 3531 lumen
1314 3477 1384 3531 de
1416 3478 1646 3545 lumine,
1675 3480 2013 3552 principium
2029 3483 2098 3536 de

501 3565 800 3636 principio.
829 3565 1094 3636 Sequitur
1118 3585 1130 3620 :
1156 3571 1204 3619 et
1226 3569 1411 3634 ﬁgura
1431 3570 1751 3622 substantiae
1771 3571 2099 3638 ejus.Quan-

501 3661 628 3710 tum
671 3655 743 3707 ad
761 3654 1018 3708 homines
1037 3655 1302 3726 pertinet,
1325 3655 1479 3710 aliud
1511 3663 1596 3710 est
1617 3659 1814 3728 figura,
1839 3659 1992 3714 aliud
2014 3667 2100 3716 est

503 3741 976 3814 substantia,quia
1005 3744 1138 3798 dum
1165 3744 1420 3815 pingitur
1441 3745 1629 3816 imago
1651 3751 1708 3800 et
1722 3749 1904 3816 ﬁgura
1929 3749 2101 3804 alicu-

2175 3034 2368 3088 sedeat
2389 3033 2448 3086 in
2477 3033 2706 3087 dextera
2735 3033 2886 3088 illius
2915 3033 3090 3087 Filius
3124 3035 3268 3103 ejus,
3289 3032 3425 3085 sicut
3447 3029 3593 3082 solent
3613 3022 3680 3076 filii

2175 3139 2373 3193 regum
2426 3122 2620 3176 sedere
2671 3123 2833 3191 juxta
2872 3127 3110 3193 patrem,
3144 3121 3390 3192 opposito
3429 3117 3518 3172 sibi
3547 3113 3676 3168 solio:

2177 3212 2273 3267 sed
2293 3212 2439 3265 sicut
2464 3211 2725 3278 diximus,
2760 3211 2991 3265 dextera
3021 3227 3126 3281 pro
3172 3210 3349 3280 gloria
3375 3215 3427 3262 et
3462 3201 3680 3274 dignitatis

2177 3301 2390 3354 honore
2419 3299 2710 3369 accipitur.
2753 3299 3040 3370 Siquidem
3073 3305 3134 3354 et
3165 3300 3330 3353 Pater
3357 3314 3388 3350 a
3410 3293 3580 3349 dextris
3598 3303 3679 3343 esse

2180 3390 2444 3445 scribitur
2473 3389 2703 3454 Christi,
2735 3393 2798 3443 ut
2827 3391 2885 3443 in
2915 3390 3137 3460 psalmo
3157 3388 3419 3442 habetur:
3444 3385 3679 3439 Dominum

2181 3481 2390 3534 demtris
2424 3478 2555 3542 tuis,
2590 3481 2859 3546 confregit
2913 3483 2973 3532 in
3016 3480 3106 3531 die
3161 3481 3260 3532 ira
3283 3493 3388 3529 sua:
3431 3487 3552 3540 reges
3568 3467 3678 3536 (P301.

2181 3567 2502 3633 c1xl.Ambo
2527 3583 2660 3636 ergo
2691 3584 2725 3620 a
2751 3567 2961 3621 dextris
2990 3573 3147 3636 sunt,
3170 3567 3302 3637 quia
3329 3563 3457 3618 nihil
3477 3559 3604 3650 estin

2179 3657 2412 3711 vinitate
2440 3656 2732 3709 sinistrum
2757 3668 2769 3703 :
2802 3655 2933 3725 quia
2963 3672 3143 3710 unum
3174 3662 3260 3709 est
3283 3669 3403 3708 cum
3429 3651 3526 3705 Deo
3544 3648 3682 3716 jamin

2179 3745 2363 3817 gloria
2389 3746 2560 3799 homo
2589 3749 2914 3814 assumptus
2943 3761 2979 3797 a
2999 3744 3207 3810 Verbo,
3258 3748 3313 3796 et
3344 3732 3682 3810 quadragesimo

499 3833 597 3902 jus
624 3831 871 3886 hominis
899 3832 959 3886 in
985 3832 1222 3902 pariete,
1244 3849 1357 3887 non
1377 3835 1620 3889 estillud
1640 3836 1839 3905 ﬁgura,
1855 3837 2004 3908 quod
2016 3843 2102 3892 est
2182 3836 2277 3889 die
2307 3834 2586 3888 exaltatus
2630 3833 2700 3887 ad
2751 3832 3013 3887 ccelestia.
3039 3833 3188 3897 Quid
3218 3837 3302 3886 est
3340 3845 3476 3899 ergo,
3503 3824 3609 3878 sedet

505 3919 843 3975 substantia.
875 3920 1176 3991 Apostolus
1205 3927 1396 3976 autem
1433 3924 1676 3993 ﬁguram
1719 3925 1778 3978 in
1825 3926 1930 3980 hoc
1980 3927 2100 3982 loco
2183 3924 2457 3976 dexteram
2510 3924 2815 3990 majestatis
2842 3928 2865 3975 ?
2920 3921 3029 3975 nisi
3083 3926 3152 3976 ut
3187 3921 3418 3980 dicatur,
3445 3913 3617 4010 habitat
3646 3921 3683 4007 in

505 4015 610 4082 pro
634 4010 759 4081 ipsa
786 4009 1104 4064 substantia
1132 4015 1188 4064 et
1215 4027 1317 4082 pro
1355 4013 1677 4083 aequalitate
1715 4016 1971 4069 essentia:
2001 4033 2103 4087 ρο-
2182 4010 2532 4083 plenitudine
2559 4016 2807 4080 paternae
2837 4009 3172 4080 majestatis.
3226 4011 3294 4064 Et
3339 4022 3452 4062 cum
3498 4003 3616 4060 dicit.
3643 4003 3683 4046 in

508 4099 643 4165 suit,
665 4103 724 4151 et
747 4099 897 4170 quod
920 4098 1012 4152 hic
1041 4097 1183 4153 dixit
1207 4099 1467 4169 ﬁguram,
1499 4101 1639 4154 alias
1673 4101 1814 4156 dixit
1840 4102 2099 4166 formam,
2185 4103 2426 4162 ercelsis,
2489 4099 2735 4153 ostendit
2781 4098 2941 4152 illum
2993 4099 3282 4154 hominem
3340 4111 3490 4167 super
3524 4098 3682 4145 omnem

509 4185 772 4257 inquiens
800 4204 813 4240 :
835 4187 943 4253 Qui
968 4203 1096 4240 cum
1122 4191 1184 4240 in
1211 4189 1401 4255 forma
1421 4191 1520 4242 Dei
1535 4195 1686 4257 esset,
1706 4207 1817 4244 non
1839 4195 2170 4289 rapinamD
2187 4194 2502 4243 creaturam
2528 4187 2836 4256 angelicam
2867 4193 2925 4242 et
2965 4189 3273 4243 humanam
3308 4185 3571 4240 exaltatum
3586 4187 3682 4230 esse-

511 4276 824 4330 arbitratus
852 4279 928 4329 est
975 4291 1081 4328 esse
1110 4291 1163 4328 se
1190 4278 1453 4343 aequalem
1482 4279 1607 4344 Deo,
1649 4279 1738 4332 sed
1759 4283 2100 4349 semetipsum
2122 4276 2167 4289 "
2187 4277 2347 4332 Unde
2377 4282 2434 4330 et
2452 4276 2707 4347 sequitur
2733 4293 2746 4328 :
3443 4359 3454 4361 Α
3495 4359 3514 4361 μ
3617 4353 3642 4361 Α

511 4365 1096 4431 eainanivit,for-mam
1114 4367 1260 4418 servi
1278 4368 1549 4433 accipiens
1582 4369 2108 4438 (PhilipJI).Forma
2264 4367 2436 4419 Tanto
2463 4368 2661 4419 melior
2686 4367 2901 4432 angelis
2931 4365 3164 4429 elfectus,
3199 4367 3398 4431 quanto
3424 4357 3684 4438 differentias

513 4454 667 4509 enim
694 4451 829 4519 illic,
854 4457 912 4506 et
939 4452 1122 4522 figura
1149 4452 1260 4514 hic,
1293 4469 1464 4507 unam
1493 4434 1781 4510 declarant
1809 4434 2108 4527 aequalita—
2184 4470 2301 4524 pras
2329 4458 2444 4509 illis
2473 4469 2672 4508 nomen
2701 4455 3063 4507 hee-reditavit.
3096 4453 3329 4506 Factum
3367 4453 3530 4502 autem
3554 4439 3617 4495 vel
3637 4434 3686 4489 ef-

513 4555 632 4601 tem
661 4541 1200 4608 essentiae,Cliristus
1221 4559 1354 4611 ergo
1372 4543 1834 4612 splendorPatris
1851 4551 1956 4620 est,
1984 4547 2112 4600 etﬁ-
2191 4544 2419 4608 fectum,
2455 4559 2555 4614 pro
2584 4546 2906 4612 susceptum
2934 4539 3203 4595 debemus
3232 4541 3319 4594 hic
3345 4537 3575 4606 accipere,
3599 4534 3686 4581 ωηο

475 4673 484 4678 -
512 4649 657 4704 gura
695 4631 1024 4688 substantias
1054 4632 1196 4702 ejus,
1214 4631 1345 4703 quia
1365 4648 1466 4702 per
1490 4631 1650 4686 illum
1683 4634 1851 4688 Pater
1881 4635 2113 4689 manife-

441 4717 448 4734 ’
517 4729 718 4790 status,
752 4723 898 4777 sicut
925 4721 1045 4793 ipse
1067 4721 1204 4775 dicit
1236 4739 1248 4774 :
1280 4723 1463 4787 Pater,
1517 4724 1877 4789 manifestam“
1913 4740 2113 4777 nomen

517 4818 680 4867 tuum
728 4813 1046 4866 hominibus
1077 4813 1260 4879 (Joan.
1313 4808 1466 4880 xvu),
1499 4816 1558 4864 et
1582 4811 1814 4880 aequalis
1835 4816 1922 4865 est
1943 4812 2026 4865 illi
2053 4811 2114 4864 in

519 4900 836 4954 substantia
890 4899 1134 4954 deitatis.
1193 4899 1478 4970 Sequitur,
1531 4906 1868 4969 portansque
1923 4903 2114 4954 omnia

519 4987 677 5039 verbo
697 4990 922 5039 virtutis
951 5003 1079 5040 suae.
1104 4985 1352 5041 Dicendo
1363 4991 1614 5056 portans,
1633 4985 1958 5040 facilitatem
1987 5003 2116 5042 con-

521 5073 738 5127 tinendi
767 5073 946 5128 voluit
976 5076 1285 5145 exprimere
1317 5099 1329 5134 :
1357 5074 1657 5146 posuitque
1673 5080 1904 5143 portans
1932 5092 2032 5146 pro
2049 5093 2115 5132 eo

525 5161 675 5233 quod
703 5167 790 5216 est
809 5161 1132 5232 gubernans
1161 5170 1218 5218 et
1252 5180 1472 5234 regens.
1514 5163 1762 5218 Verbum
1814 5164 1988 5234 igitur
2015 5166 2116 5219 Dei

524 5249 709 5305 Patris
741 5250 934 5304 omnia
963 5267 1084 5322 quae
1122 5251 1253 5304 fecit
1288 5252 1455 5306 verbo
1493 5252 1714 5307 virtutis
1754 5269 1869 5307 suae
1907 5259 2113 5323 portat,

525 5339 632 5394 hoc
661 5343 747 5394 est
773 5337 1025 5410 potentia
1051 5337 1274 5391 virtutis
1302 5354 1436 5402 suae,
1460 5344 1517 5392 et
1533 5339 1701 5394 verbo
1715 5341 1985 5411 jussionis
2003 5358 2117 5395 suae

524 5429 714 5487 omnia
752 5425 1031 5500 gubernat
1053 5430 1112 5490 et
1135 5425 1297 5500 regit.
1331 5426 1458 5488 Non
1487 5429 1637 5491 enim
1665 5430 1851 5484 minus
1890 5434 1975 5484 est
2009 5447 2118 5500 gu-

2195 4648 2363 4702 quam
2384 4631 2596 4685 diceret
2618 4649 2629 4683 :
2652 4631 2832 4684 Tanto
2852 4630 3051 4684 melius
3071 4635 3240 4700 atque
3261 4622 3591 4713 honorabilius
3611 4627 3687 4713 pra?

2195 4720 2410 4791 angelis
2440 4736 2474 4773 a
2511 4720 2625 4772 Deo
2655 4720 2822 4773 Patre
2856 4724 3149 4789 susceptus
3179 4723 3265 4772 est
3306 4717 3362 4770 in
3387 4711 3541 4784 gloria
3569 4711 3687 4771 mali“

2196 4810 2377 4874 statis,
2412 4813 2622 4879 quanto
2663 4824 2776 4878 pra:
2803 4807 2915 4861 illis
2945 4808 3290 4862 differentias
3321 4810 3473 4874 atque
3492 4793 3688 4886 excellat-

2195 4898 2307 4952 tius
2328 4878 2534 4952 nomen
2563 4897 2847 4951 ﬁliationis
2875 4895 3242 4951 haereditavit.
3287 4895 3421 4949 Nam
3451 4889 3616 4960 quanta
3634 4878 3687 4930 di-

2197 4987 2406 5041 stantia
2431 4992 2516 5040 est
2543 4985 2692 5040 inter
2720 5002 2925 5039 nomen
2955 4985 3055 5039 ﬁlii
3085 4993 3142 5038 et
3171 4983 3329 5048 servi,
3359 4984 3498 5034 tanto
3519 4974 3590 5028 ille
3611 4981 3688 5021 ma-

2193 5075 2335 5146 joris
2355 5075 2646 5144 dignitatis
2666 5080 2752 5128 est
2770 5091 2882 5144 prae
2902 5071 3394 5144 angelis,quoniam
3411 5067 3492 5121 ille
3503 5062 3683 5117 Creator,

2202 5165 2510 5218 secundum
2540 5163 2893 5217 divinitatem
2925 5163 3068 5228 dico,
3099 5161 3180 5215 illi
3207 5155 3582 5222 creaturalpse
3597 5157 3687 5238 qui?

2202 5270 2311 5323 que
2341 5253 2507 5306 homo
2533 5252 2592 5306 in
2621 5252 2726 5305 hoc
2753 5257 2835 5305 est
2861 5253 3044 5321 major
3067 5249 3320 5304 omnibus
3351 5241 3534 5313 angelis
3562 5246 3685 5290 omnl-

2200 5358 2310 5413 que
2337 5340 2754 5411 creatura,quia
2781 5346 3030 5411 potestas
3059 5355 3181 5410 quae
3210 5341 3326 5394 erat
3348 5334 3402 5388 in
3428 5327 3577 5383 Verbo
3597 5323 3685 5374 εηίε

2199 5431 2391 5486 omnia
2411 5430 2635 5496 secula,
2664 5429 2941 5500 requievit
2963 5429 3022 5486 in
3051 5428 3148 5486 illo
3170 5425 3384 5483 homine
3413 5416 3641 5484 assum)to
3661 5420 3681 5458 ⁸
