3992 6166
234 261 338 321 825

897 242 1279 328 tenesmo
1316 272 1395 329 IN
1431 273 1587 330 EPP.
1631 275 1686 331 s.
1732 275 1966 331 PAULI.
2013 305 2077 316 —
2107 233 2197 330 in
2235 272 2457 329 EPIST.
2498 271 2595 328 AD
2634 271 2849 329 usus.

3398 273 3502 332 826

234 387 415 444 Verbo
440 404 509 444 ex
534 392 788 461 tempore
807 394 1202 464 conceptionis.
1222 394 1579 469 Quapropter
1599 400 1680 454 illi
1696 404 1829 454 sunt
1842 400 1894 462 Α
1910 415 2131 471 quoque
2155 398 2480 470 unigenitus
2497 401 2583 452 est
2602 396 2780 453 beatas
2804 396 3019 463 Mariae,
3032 399 3168 470 quia
3192 403 3321 471 post
3343 399 3502 454 illum

232 475 475 533 ministri
503 485 561 533 et
588 479 803 546 famuli,
831 482 976 537 sicut
997 482 1056 537 in
1099 485 1223 554 ejus
1247 487 1564 542 tentatione
1601 494 1659 543 et
1695 505 1823 560 pas-

233 566 407 628 sione,
440 566 500 622 in
527 571 937 625 resurrectione
969 588 1191 644 quoque
1220 580 1276 628 et
1299 576 1625 631 ascensione
1648 577 1833 633 decla-

232 659 420 708 ratum
442 660 545 709 est.
582 656 684 710 llle
713 663 902 712 autem
917 659 1091 715 Filius
1102 662 1362 733 proprius
1383 669 1440 718 et
1457 665 1634 720 haeres
1664 667 1834 720 exsti-

232 742 321 807 tit,
356 744 507 814 quod
535 744 694 799 nobis
714 752 773 800 et
797 749 1100 818 Apostolus
1118 750 1327 816 innuit,
1351 753 1485 807 dum
1504 754 1827 826 subjungit:

266 831 374 887 Cui
400 836 552 886 enim
570 835 713 888 dixit
737 838 1043 905 aliquando
1078 843 1406 908 angelorum
1431 861 1444 896 :
1471 844 1648 897 Filius
1683 860 1834 898 meus

231 936 284 975 es
308 926 389 984 tu,
415 937 508 990 ego
529 923 684 976 hodie
702 928 876 992 genui
899 931 945 980 te
970 932 995 980 ν
1013 926 1305 998 subaudis,
1334 931 1472 985 nulli
1502 933 1834 1002 angelorum

233 1008 339 1064 hoc
358 1009 571 1065 dictum
587 1016 690 1066 est.
716 1013 834 1068 Hoc
850 1014 919 1069 de
935 1014 1118 1071 Verbo
1139 1017 1241 1072 Dei
1269 1018 1694 1091 intelligendum
1724 1027 1830 1089 est,

234 1098 384 1169 quod
409 1104 747 1155 coaeternum
776 1108 834 1156 et
879 1105 1355 1162 consubstantiale
1393 1113 1480 1163 est
1513 1110 1630 1165 Deo
1656 1110 1833 1178 Patri,

232 1203 345 1243 non
366 1186 438 1243 de
460 1189 709 1259 qualibet
736 1197 1014 1261 creatura,
1027 1193 1159 1249 licet
1183 1196 1439 1267 legamus
1473 1198 1534 1252 in
1561 1199 1704 1254 libro
1731 1200 1835 1255 Job

230 1274 465 1345 angelos
488 1279 800 1350 appellatos
820 1296 943 1336 esse
960 1281 1104 1337 filios
1130 1284 1262 1338 Dei:
1295 1285 1354 1340 in
1384 1286 1587 1343 Genesi
1614 1304 1835 1361 quoque

230 1366 379 1423 ﬁlios
407 1368 592 1424 Seth:
634 1370 782 1440 quod
829 1370 1024 1441 utique
1081 1374 1305 1443 quando
1363 1376 1445 1439 ﬁt,
1487 1377 1715 1433 abusive
1748 1380 1831 1433 fit.

240 1455 484 1521 Quando
506 1474 637 1528 ergo
654 1457 796 1513 dixit
809 1458 1063 1515 eizFilius
1081 1478 1230 1515 meus
1242 1480 1292 1517 es
1317 1470 1375 1517 tu
1394 1470 1418 1518 ?
1441 1466 1714 1537 Tempore
1744 1466 1836 1522 ba-

231 1545 522 1616 ptismatis
550 1552 607 1601 et
628 1546 688 1601 in
716 1553 909 1603 monte
938 1551 1162 1620 quando
1195 1554 1444 1609 intonuit
1470 1572 1572 1610 vox
1599 1561 1837 1628 paterna

233 1633 476 1702 cmlitus,
496 1634 716 1689 dicens:
738 1637 839 1691 Hic
863 1643 938 1692 est
955 1639 1133 1694 Filius
1171 1657 1323 1696 meus
1342 1644 1577 1697 dilectus
1614 1645 1831 1713 (Matth.

1912 489 2053 542 alios
2083 504 2193 542 non
2221 487 2438 558 genuit,
2461 487 2606 542 sicut
2633 487 3010 543 calumniatur
3030 488 3320 543 Helvidius
3339 488 3505 544 dente

1915 577 2184 649 viperino.
2228 576 2644 647 Primogenitus
2665 581 2751 630 est
2765 577 3072 632 secundum
3095 577 3405 631 divinitatis
3424 593 3508 632 es-

1917 667 2180 731 sentiam,
2199 666 2346 720 sicut
2360 682 2463 737 per
2479 666 2834 720 Salomonem
2856 670 3117 731 testatur,
3142 666 3332 720 dicens
3362 685 3374 719 :
3398 667 3509 734 Ego

1915 756 2190 827 sapientia
2219 771 2288 809 ea:
2312 770 2402 809 ore
2428 756 2721 817 Altissimi,
2738 756 2961 822 prodivi
2985 757 3361 824 primogenita
3379 759 3509 809 ante

1915 861 2133 899 omnem
2152 848 2471 898 creaturam
2496 845 2682 911 (Eccli.
2709 849 2881 913 XXIV).
2899 842 3216 897 Secundum
3245 843 3510 897 humani-

1915 938 2093 987 tatem
2123 949 2345 1005 quoque
2374 932 2781 1003 primogenitus
2810 936 2897 987 est
2935 931 2994 986 in
3023 918 3217 986 multis
3243 930 3510 986 fratribus

1916 1022 2210 1093 adoptivis,
2254 1022 2325 1076 de
2380 1021 2584 1093 quibus
2632 1022 2753 1092 ipse
2802 1021 2939 1076 dicit
2986 1021 3213 1077 Mariis:
3275 1022 3410 1075 Vade
3437 1022 3512 1075 ad

1916 1113 2121 1180 fratres
2150 1127 2290 1165 meos
2328 1116 2378 1164 et
2406 1113 2496 1164 dic
2513 1114 2589 1165 eis
2621 1112 2799 1180 (Joan.
2825 1115 2936 1179 xx).
2972 1111 3133 1176 Quod
3149 1116 3342 1166 autem
3371 1109 3509 1164 dicit

1916 1200 2235 1271 Apostolus,
2259 1216 2387 1254 cum
2413 1199 2622 1254 iterum
2647 1199 2956 1255 introducit
2995 1201 3145 1256 Deus
3166 1198 3513 1271 primogeni-

1916 1293 2037 1343 tum
2069 1288 2271 1343 Filium
2314 1303 2479 1342 suum
2522 1287 2581 1341 in
2627 1289 2926 1355 mundum,
2976 1289 3058 1343 sic
3110 1287 3369 1343 videntur
3396 1288 3513 1342 haec

1916 1376 2084 1432 verba
2112 1392 2332 1434 sonare.
2359 1376 2519 1447 quasi
2534 1378 2654 1448 jam
2679 1377 2860 1431 altera
2895 1376 3012 1431 vice
3039 1377 3392 1432 introductus
3423 1393 3513 1431 es-

1918 1470 2026 1520 set.
2047 1465 2155 1519 Sed
2171 1464 2450 1535 quomodo
2467 1465 2572 1518 hoc
2592 1466 2668 1519 sit
2699 1465 3147 1537 intelligendum,
3173 1464 3517 1535 evangelista

1916 1555 2161 1609 Joannes
2175 1570 2240 1607 ex
2251 1558 2412 1624 parte
2426 1553 2770 1619 manifestat,
2796 1554 2988 1609 dicens
3007 1572 3018 1608 :
3057 1556 3123 1609 In
3144 1555 3351 1608 mundo
3372 1558 3512 1620 erat,

1917 1649 1966 1698 et
1987 1643 2233 1697 mundus
2244 1658 2344 1712 per
2362 1645 2547 1711 ipsum
2564 1644 2744 1709 factus
2774 1649 2872 1704 est,
2904 1648 2955 1697 et
2983 1643 3228 1696 mundus
3256 1658 3382 1696 eum
3404 1658 3517 1697 non

232 1720 392 1792 xvn).
419 1722 492 1777 Et
518 1723 577 1777 in
603 1724 709 1778 hoc
733 1725 881 1796 quod
918 1725 1071 1795 dicit,
1127 1730 1302 1784 Filius
1335 1747 1487 1785 meus
1512 1748 1565 1786 es
1607 1738 1688 1801 tu,
1714 1751 1838 1789 ma-
1858 1719 1905 1778 Β
1922 1736 2169 1800 cognovit
2188 1734 2368 1801 (Joan.
2396 1732 2704 1790 rl.Verbum
2733 1748 2866 1803 ergo
2888 1732 2989 1787 Dei
3025 1731 3212 1786 Patris
3238 1748 3341 1803 per
3368 1732 3517 1803 quod

231 1810 470 1866 nifestat
495 1828 562 1866 ex
607 1812 730 1884 ipsa
771 1830 876 1869 sua
923 1816 1167 1870 essentia
1202 1818 1362 1873 illum
1405 1836 1527 1875 esse
1561 1823 1835 1892 genitum.

230 1900 675 1972 Notandumque
701 1903 835 1973 quia
884 1920 997 1959 non
1040 1904 1198 1971 dixit,
1240 1913 1372 1961 ante
1411 1910 1601 1964 omnia
1638 1914 1842 1967 saecula

228 1989 406 2060 genui
426 1994 502 2055 te,
518 1990 605 2044 vel
616 1991 675 2045 in
689 1992 973 2063 praeterito
998 1998 1274 2065 tempore,
1302 1997 1401 2051 sed
1425 1998 1599 2063 hodie,
1632 2000 1834 2072 inquit,

229 2081 406 2146 genui
433 2084 502 2141 te,
537 2080 683 2151 quod
703 2086 789 2135 est
807 2081 1132 2137 adverbium
1156 2086 1447 2155 przesentis
1470 2089 1760 2160 temporis.
1777 2090 1842 2145 In

231 2167 354 2223 Deo
379 2168 537 2223 enim
564 2183 667 2224 nec
687 2171 973 2241 praeterita
991 2176 1288 2228 transeunt
1314 2191 1418 2230 nec
1441 2176 1633 2232 futura
1655 2195 1841 2236 succe-

229 2255 396 2321 dunt,
415 2256 516 2310 sed
545 2256 736 2311 omnia
760 2263 1017 2331 tempora
1044 2261 1215 2316 simul
1235 2263 1287 2317 ei
1310 2265 1512 2335 juncta
1536 2272 1687 2330 sunt,
1707 2268 1841 2338 quia

230 2344 431 2402 omnia
452 2346 753 2416 praesentia
799 2347 1004 2416 habet;
1049 2355 1107 2405 et
1153 2356 1240 2405 est
1268 2368 1503 2409 sensus:
1553 2354 1709 2411 Sicut
1736 2373 1840 2428 ego

232 2449 466 2505 semper
492 2440 736 2490 aeternus
782 2452 929 2503 sum,
963 2454 1146 2510 neque
1176 2440 1418 2507 initium,
1457 2458 1641 2513 neque
1670 2442 1840 2496 tinem

225 2521 470 2590 habens,
505 2524 587 2578 ita
609 2530 668 2579 te
695 2542 918 2597 semper
945 2527 1150 2583 Filium
1194 2535 1532 2586 coaeternum
1573 2530 1711 2585 mihi
1748 2532 1844 2585 ha-

227 2609 352 2665 beo.
382 2612 520 2666 Tale
548 2618 637 2667 est
667 2619 724 2669 et
751 2614 923 2677 istud,
947 2617 1097 2687 quod
1124 2617 1257 2671 alibi
1287 2618 1424 2673 dicit
1448 2638 1459 2673 :
1486 2620 1625 2673 Ante
1657 2621 1846 2688 lucife-

228 2715 366 2756 rum
398 2705 572 2769 genui
597 2708 644 2756 te
672 2705 840 2770 (Psal.
874 2710 998 2774 cxx),
1031 2705 1088 2759 id
1115 2713 1200 2761 est
1220 2713 1353 2762 ante
1371 2708 1682 2779 angelicam
1694 2725 1849 2763 crea-

228 2792 447 2855 turam,
484 2796 542 2845 et
560 2797 691 2846 ante
729 2794 921 2848 omnia
958 2796 1179 2850 saecula.
1216 2798 1283 2851 Et
1312 2813 1585 2853 rursum:
1616 2800 1725 2866 Ego
1756 2800 1848 2854 illi

230 2893 322 2934 ero
352 2882 426 2933 in
446 2885 693 2949 patrem,
716 2886 764 2935 et
791 2886 902 2951 ipse
952 2887 1060 2938 erit
1089 2886 1233 2940 mihi
1274 2889 1338 2940 in
1370 2889 1577 2954 ﬁlium.
1602 2888 1846 2943 Videsne

1922 1822 2113 1876 omnia
2136 1821 2284 1876 facta
2307 1827 2441 1875 sunt
2461 1821 2629 1876 unius
2677 1821 2934 1876 essentia;
2972 1820 3217 1876 existens
3244 1836 3374 1875 cum
3400 1821 3516 1876 Deo

1921 1911 2089 1965 Patre
2118 1914 2176 1965 et
2212 1910 2424 1981 Spiritu
2478 1915 2693 1975 sancto,
2721 1910 2930 1981 ubique
2978 1915 3065 1964 est
3091 1913 3149 1965 et
3178 1909 3367 1964 omnia
3404 1909 3518 1964 im-

1921 1999 2039 2070 plet
2068 2012 2080 2047 :
2110 1998 2243 2071 quia
2264 1999 2537 2070 cingendo
2563 1999 2760 2070 implet
2787 1998 2996 2062 omnia,
3018 1997 3303 2070 implendo
3321 1996 3513 2069 cingit,

1919 2087 2285 2158 gubernando
2305 2088 2586 2160 praesidet,
2609 2087 2957 2159 praesidendo
2968 2087 3271 2158 gubernat.
3298 2087 3366 2141 Et
3384 2087 3520 2157 quia

1922 2176 1981 2231 in
2010 2177 2222 2232 mundo
2251 2181 2391 2239 erat,
2424 2176 2521 2231 ubi
2569 2193 2796 2231 carnem
2841 2176 3165 2247 assumpsit,
3221 2180 3278 2230 et
3306 2179 3519 2230 tamem

1923 2266 2304 2321 inaccessibile
2331 2272 2453 2321 erat
2474 2266 2682 2320 nostris
2701 2264 3038 2337 aspectibus,
3075 2264 3208 2336 quia
3233 2280 3348 2319 non
3374 2263 3521 2319 vide-

1924 2353 2090 2409 batur
2118 2373 2129 2408 :
2160 2355 2340 2426 ipsam
2369 2355 2817 2426 assumptionem
2866 2353 3051 2411 carnis
3108 2352 3357 2424 appellat
3377 2352 3520 2407 alte-

1923 2461 2050 2498 rum
2076 2444 2393 2499 introitum.
2430 2445 2577 2499 Dum
2608 2444 2762 2498 enim
2808 2443 2904 2515 qui
2948 2440 3241 2496 invisibilis
3271 2444 3394 2496 erat
3420 2441 3523 2496 hu-

1927 2533 2110 2587 manis
2122 2533 2456 2604 aspectibus,
2472 2538 2761 2604 assumpta
2781 2548 2968 2595 carne,
2986 2531 3259 2586 visibilem
3288 2547 3348 2584 se
3378 2546 3523 2600 pm-

1928 2620 2049 2676 buit
2060 2623 2221 2694 quasi
2239 2622 2449 2676 iterum
2460 2622 2812 2676 introductus
2832 2619 3163 2675 est.Notand
3171 2634 3378 2694 umque
3390 2618 3524 2689 quia

1929 2712 2079 2781 quod
2093 2711 2392 2782 Apostolus
2404 2711 2696 2765 introitum
2708 2710 2979 2770 nominat,
3003 2709 3109 2764 hoc
3136 2709 3196 2762 in
3223 2706 3523 2778 Evangelia

1928 2802 2053 2871 ipsa
2078 2799 2307 2854 Veritas
2327 2799 2535 2855 exitum
2550 2805 2729 2864 vocat,
2746 2799 3143 2853 dicenszEariizi
3187 2812 3223 2850 a
3260 2798 3442 2861 Patre,
3474 2801 3525 2850 et

1926 2891 2053 2944 veni
2082 2891 2144 2943 in
2172 2889 2450 2942 mundum
2481 2890 2658 2958 (Joan.
2700 2885 2871 2955 XXVI).
2912 2885 3111 2940 Merito
3142 2900 3275 2955 ergo
3312 2883 3525 2938 exitum

233 2967 527 3039 quomodo
557 2969 827 3025 discernit
852 2973 1140 3041 geminam
1181 2979 1445 3030 naturam
1491 2977 1552 3031 in
1593 2976 1847 3031 Christo?
1866 2994 1911 3055 ο
1931 2980 2093 3031 vocat
2119 2975 2524 3031 incarnationis
2553 2993 2667 3031 sua:
2695 2974 3157 3045 assumptionem,
3204 2970 3525 3028 manifesta-

232 3057 388 3112 Nam
411 3058 561 3129 quod
581 3058 722 3113 dixit
736 3060 906 3131 paulo
936 3062 1376 3134 superius,hodie
1392 3068 1563 3133 genui
1583 3070 1651 3131 te,
1671 3065 1743 3119 ad
1757 3065 1845 3119 di-

233 3146 502 3201 vinitatis
531 3148 728 3203 retulit
749 3154 1016 3205 naturam
1044 3175 1057 3210 :
1089 3157 1148 3206 at
1177 3169 1308 3207 vero
1332 3153 1482 3224 quod
1525 3153 1843 3220 subintulit,

222 3252 330 3305 ego
359 3252 461 3290 ero
483 3239 577 3290 illi
599 3240 661 3291 in
675 3243 913 3307 patrem,
941 3240 1014 3294 ad
1042 3241 1411 3297 humanitatis
1440 3243 1741 3297 essentiam
1767 3260 1853 3298 re-

236 3325 349 3379 fert
378 3326 509 3380 sine
528 3326 719 3398 aliqua
737 3327 1104 3384 dubitatione.
1128 3331 1286 3385 Unde
1319 3336 1376 3386 et
1419 3348 1666 3402 congrue
1683 3332 1851 3388 verbo

236 3413 429 3468 futuri
475 3416 747 3486 temporis
794 3432 930 3471 usus
986 3423 1089 3485 est,
1140 3419 1355 3488 dicens,
1419 3437 1531 3478 ero.
1572 3419 1852 3487 Quoniam

237 3500 408 3557 Deus
454 3502 628 3558 Pater
650 3505 875 3575 quando
904 3506 1045 3562 dixit
1073 3508 1145 3562 ad
1198 3509 1376 3563 David
1407 3511 1483 3579 (ΙΙ
1529 3511 1654 3579 Reg.
1702 3511 1796 3581 vn)
1833 3528 1847 3566 :

240 3592 386 3647 Cum
422 3592 721 3648 dormieris
747 3610 875 3648 cum
899 3598 1158 3664 patribus
1189 3602 1319 3663 tuis,
1372 3600 1643 3652 suscitabo
1672 3615 1852 3654 semen

240 3685 439 3749 tuum,
469 3682 617 3749 quod
640 3685 951 3749 egredietur
1007 3687 1070 3739 de
1124 3685 1330 3740 lumbis
1357 3686 1490 3749 tuis,
1527 3691 1578 3740 et
1624 3687 1858 3754 ﬁrmabo

145 3817 148 3820 .
238 3769 527 3824 thronum
558 3771 679 3840 ejus
727 3788 897 3844 super
948 3773 1217 3829 thronum
1260 3780 1443 3840 tuum,
1482 3775 1714 3847 ipseque
1750 3774 1860 3830 erit

238 3858 387 3913 mihi
412 3858 586 3925 ﬁlius,
610 3865 661 3913 et
711 3877 802 3928 ego
847 3878 939 3917 ero
968 3866 1062 3918 illi
1085 3866 1149 3917 in
1184 3869 1426 3931 patrem,
1451 3864 1704 3919 futurum
1736 3870 1859 3919 erat

238 3948 445 4002 adhuc
463 3953 528 4002 ut
555 3948 802 4004 Verbum
826 3950 928 4005 Dei
955 3951 1141 4007 Patris
1158 3957 1475 4007 assumeret
1488 3952 1774 4009 hominem
1793 3970 1861 4008 ex

240 4042 419 4092 utero
443 4036 704 4107 virginali
746 4038 808 4093 in
836 4040 1054 4095 unitate
1106 4057 1359 4112 personae
1389 4058 1523 4108 suae,
1565 4042 1661 4113 qui
1688 4042 1865 4096 Filius

240 4125 349 4180 Dei
374 4126 445 4180 in
470 4125 708 4181 veritate
737 4134 905 4194 esset,
930 4145 1045 4183 non
1073 4130 1385 4201 adoptivus,
1426 4130 1525 4185 sed
1575 4130 1858 4201 proprius.

239 4214 384 4270 Haec
404 4219 603 4269 autem
622 4217 902 4271 sententia
925 4222 983 4272 et
1032 4218 1102 4273 ad
1151 4219 1445 4290 superiora
1470 4224 1657 4291 potest
1683 4219 1862 4291 respi-

240 4320 397 4371 cere,
440 4308 507 4359 ut
522 4304 605 4358 ita
631 4304 853 4376 legatur
877 4306 983 4360 sub
1012 4307 1459 4378 interrogatione
1516 4325 1742 4364 rursum
1771 4308 1862 4364 cui

243 4394 596 4465 angelorum
621 4393 787 4453 dixit:
806 4395 918 4463 Ego
946 4411 1037 4449 ero
1061 4398 1153 4450 illi
1180 4399 1245 4451 in
1262 4403 1484 4465 patrem
1510 4402 1535 4451 ?
1572 4403 1629 4451 et
1652 4396 1861 4453 subau-

241 4483 413 4539 ditur
449 4482 627 4550 nulli;
660 4484 745 4538 vel
769 4490 921 4539 certe
964 4484 1220 4541 absolute
1277 4491 1335 4540 et
1389 4486 1725 4541 afﬁrmative
1760 4487 1868 4542 hoc

241 4572 453 4638 modo,
475 4588 703 4628 rursum
732 4573 801 4628 de
819 4573 917 4627 illo
946 4573 1082 4629 dicit
1098 4575 1249 4630 Deus
1275 4574 1480 4631 Pater:
1516 4576 1625 4644 Ego
1654 4591 1744 4630 ero
1774 4578 1867 4631 illi

241 4665 311 4717 in
334 4667 594 4732 patrem.

317 4752 395 4807 Et
421 4768 556 4806 cum
585 4755 795 4807 iterum
814 4755 1122 4808 introducit
1143 4756 1585 4823 primogenitum
1600 4754 1659 4809 in
1673 4753 1869 4809 orbem

242 4848 428 4897 terra
458 4840 594 4895 dicit
622 4859 634 4894 :
664 4842 731 4896 Et
758 4843 991 4897 adorent
1016 4858 1143 4896 eum
1173 4859 1358 4897 omnes
1385 4845 1574 4911 angeli
1600 4845 1717 4901 Dei.
1740 4844 1870 4899 Om-

245 4931 340 4985 nis
382 4930 719 5001 unigenitus
768 4935 955 5001 potest
991 4930 1100 4986 dici
1145 4931 1573 5003 primogenitus,
1615 4948 1680 4987 eo
1718 4932 1868 5004 quod

243 5021 487 5093 primus
511 5019 731 5090 aperiat
759 5020 980 5074 vulvam
1032 5020 1248 5086 matris,
1305 5036 1418 5075 non
1472 5025 1663 5075 tamen
1687 5022 1869 5076 omnis

245 5108 679 5181 primogenitus
702 5108 1053 5179 unigenitus,
1084 5108 1217 5179 quia
1268 5109 1440 5164 habet
1490 5110 1632 5164 alios
1671 5109 1869 5165 fratres

246 5201 573 5269 sequentes
604 5213 682 5251 se.
709 5197 983 5252 Dominus
1008 5203 1199 5252 autem
1224 5198 1252 5253 J
1258 5214 1387 5253 esus
1415 5202 1532 5252 tam
1561 5199 1868 5254 secundum

248 5286 624 5342 divinitatem
637 5301 807 5356 quam
822 5286 1133 5341 secundum
1144 5287 1577 5353 humanitatem,
1597 5293 1655 5341 et
1669 5287 1869 5358 unige-

247 5376 426 5431 nitus
438 5378 499 5428 et
525 5374 934 5445 primogenitus
950 5375 1060 5430 dici
1075 5380 1279 5447 potest.
1314 5375 1648 5446 Unigenitus
1677 5382 1761 5430 est
1789 5393 1873 5431 se-

247 5463 523 5521 cundum
536 5463 905 5531 divinitatem,
930 5464 1065 5535 quia
1105 5464 1165 5519 in
1188 5470 1393 5520 natura
1421 5464 1731 5518 divinitatis
1759 5480 1874 5520 non

244 5552 452 5621 habet
468 5550 667 5609 fratres
679 5558 979 5628 sequentes
994 5570 1075 5609 se.
1110 5554 1427 5611 Secundum
1460 5552 1873 5611 humanitatem

1931 3065 2277 3136 tionemque,
2311 3064 2445 3136 quia
2470 3080 2586 3117 non
2635 3063 2770 3119 foris
2817 3078 3043 3118 eramus
3080 3077 3116 3115 a
3151 3062 3268 3116 Deo
3307 3060 3526 3132 expulsi

1931 3160 2087 3210 extra
2107 3156 2296 3210 aulam
2325 3153 2568 3226 paradisi
2603 3160 2659 3208 et
2688 3154 2960 3224 palatium
2974 3152 3123 3222 regis
3146 3152 3343 3207 aeterni
3362 3150 3530 3222 positi

1933 3245 1990 3299 in
2021 3260 2243 3299 carcere
2262 3244 2429 3313 hujus
2441 3243 2658 3309 mundi,
2674 3243 2807 3298 etin
2827 3241 3032 3296 auxilio
3057 3240 3317 3311 relegati.
3357 3237 3531 3294 Verbi

1931 3334 2136 3405 gratia,
2157 3332 2304 3387 sicut
2332 3332 2704 3387 excluduntur
2730 3330 2801 3385 ab
2821 3331 2953 3385 aula
2978 3329 3155 3400 regia,
3177 3329 3327 3400 regis
3353 3327 3532 3382 offen-

1934 3439 2054 3479 sam
2093 3423 2461 3487 incurrentes,
2496 3426 2554 3476 et
2573 3420 2928 3476 destinantur
2960 3419 3022 3473 in
3068 3418 3326 3473 exsilium
3362 3422 3532 3487 atque

1933 3512 1993 3567 in
2017 3526 2299 3566 carcerem
2326 3510 2666 3565 clauduntur
2708 3527 2720 3562 :
2749 3509 2849 3563 sed
2874 3506 3226 3579 sicutbonus
3256 3504 3535 3559 mediator

1936 3601 2128 3671 volens
2155 3600 2235 3654 eis
2265 3600 2484 3653 veniam
2502 3599 2828 3669 impetrare,
2846 3612 2959 3650 non
2978 3612 3073 3649 eos
3084 3594 3331 3665 primum
3351 3593 3531 3647 intro-

1940 3689 2094 3744 ducit
2108 3689 2164 3743 in
2180 3688 2366 3742 aulam
2380 3687 2547 3758 regis,
2570 3686 2669 3740 sed
2688 3686 2809 3756 ipse
2827 3685 2979 3739 foras
2998 3682 3304 3754 egreditur,
3344 3680 3535 3750 ibique

1941 3794 2071 3833 cum
2103 3776 2184 3830 eis
2206 3775 2405 3829 miscet
2425 3774 2837 3829 sermocinandi
2853 3771 3165 3843 negotium,
3194 3769 3387 3840 sicque
3415 3784 3534 3823 cor-

1941 3870 2125 3921 rectos
2153 3869 2212 3918 et
2238 3864 2540 3933 castigatos
2570 3861 2873 3916 introducit
2923 3877 3018 3915 eos
3066 3861 3126 3915 in
3170 3862 3534 3929 conspectum

1938 3954 2089 4025 regis
2115 3974 2126 4008 :
2161 3969 2227 4007 eo
2255 3953 2421 4007 modo
2441 3951 2713 4005 Dominus
2738 3951 2898 4005 Jesus
2932 3948 3100 4003 exivit
3126 3949 3199 4003 ad
3226 3964 3348 4003 nos.
3376 3947 3536 4000 'Nam

1940 4059 2199 4114 egressus
2227 4046 2315 4096 est
2342 4041 2411 4094 ad
2433 4057 2535 4095 nos
2563 4057 2596 4094 a
2624 4044 2924 4110 conspectu
2947 4043 3197 4110 paternae
3225 4034 3539 4106 majestatis

1942 4147 2170 4186 carnem
2189 4128 2546 4192 assumendo,
2570 4127 2957 4198 visibilemque
2988 4124 3308 4197 praebendo,
3332 4127 3388 4178 et
3426 4123 3540 4177 col-

1944 4221 2167 4275 locutus
2193 4225 2280 4273 est
2293 4217 2583 4272 nobiscum
2615 4221 2892 4287 praecepta
2920 4215 3067 4286 regis
3091 4213 3306 4279 aeterni,
3347 4212 3539 4283 sicque

1877 4349 1928 4408 Β
1947 4326 2049 4364 nos
2070 4309 2186 4363 suis
2214 4304 2707 4379 praedicationibus
2737 4310 2795 4359 et
2822 4304 3107 4359 miraculis
3167 4307 3445 4358 correctos
3483 4306 3541 4356 et

1946 4398 2268 4469 castigatos,
2302 4401 2471 4467 atque
2491 4412 2593 4450 sua
2615 4395 2726 4449 fide
2753 4395 3135 4459 conﬁrmatos,
3165 4407 3378 4463 suaque
3418 4406 3542 4462 pas-

1946 4487 2103 4542 sione
2131 4502 2167 4539 a
2192 4485 2435 4557 peccatis
2458 4484 2810 4550 emundatos,
2844 4482 3156 4538 introduxit
3199 4482 3257 4535 in
3277 4480 3463 4535 aulam
3484 4483 3544 4533 et

1946 4576 2005 4631 in
2034 4578 2391 4647 conspectum
2436 4578 2683 4644 paterna;
2713 4573 3047 4643 majestatis,
3096 4570 3320 4641 quando
3345 4583 3544 4622 ascen-

1952 4665 2136 4720 dendo
2160 4664 2231 4718 ad
2255 4664 2422 4718 caelos
2445 4661 2711 4734 patefecit
2732 4661 2893 4716 nobis
2923 4660 3139 4714 aditum
3191 4657 3351 4727 regni
3374 4657 3543 4710 caele-

1952 4754 2074 4809 stis.
2094 4752 2340 4808 Dicendo
2365 4757 2555 4806 autem
2584 4752 2892 4805 introducit
2919 4765 3046 4802 eum
3076 4751 3141 4801 in
3156 4748 3341 4800 orbem
3362 4751 3539 4811 terra,

1949 4844 2056 4898 hoc
2077 4842 2374 4913 significat,
2439 4856 2567 4894 cum
2611 4840 2663 4893 ei
2700 4836 3002 4892 committit
3030 4834 3222 4889 orbem
3261 4838 3446 4900 terrae,
3487 4838 3547 4888 et

1948 4949 2078 4988 cum
2105 4930 2428 4985 manifestat
2451 4929 2611 4983 illum
2635 4926 2936 4982 Dominum
2966 4940 3088 4978 esse
3122 4923 3297 4978 totius
3324 4922 3545 4978 mundi.

1948 5022 2106 5077 Tunc
2123 5020 2272 5075 enim
2310 5018 2560 5090 possedit
2599 5016 2811 5079 orbem,
2846 5030 2974 5068 cum
3025 5012 3096 5066 ab
3148 5011 3425 5067 universis
3462 5016 3552 5067 est

1951 5110 2176 5181 agnitus
2205 5108 2477 5163 Dominus
2513 5106 2689 5160 totius
2735 5102 2903 5157 orbis.
2936 5103 3055 5156 Hoc
3100 5107 3289 5155 autem
3328 5117 3441 5156 non
3479 5101 3551 5156 de

1951 5198 2269 5254 substantia
2296 5195 2482 5261 Verbi,
2524 5193 2621 5248 sed
2665 5192 2734 5246 de
2791 5190 3037 5246 essentia
3090 5190 3333 5245 hominis
3362 5190 3551 5261 accipe

1954 5288 2186 5342 dictum.
2214 5284 2490 5355 Quodque
2512 5282 2787 5353 sequitur,
2819 5286 2868 5335 et
2915 5283 3146 5335 adorent
3191 5296 3319 5333 eum
3366 5293 3552 5333 omnes

1953 5378 2142 5445 angeli
2168 5376 2284 5437 Dei,
2318 5373 2431 5427 tale
2459 5376 2545 5425 est
2568 5387 2633 5425 ac
2661 5371 2709 5425 si
2741 5370 2970 5438 diceret,
3002 5386 3198 5424 omnes
3226 5366 3414 5438 angeli
3442 5365 3553 5419 mei

1955 5469 2013 5519 et
2039 5463 2236 5534 ipsius,
2266 5461 2401 5533 quia
2418 5477 2521 5532 per
2540 5476 2669 5515 eum
2712 5465 2847 5514 sunt
2887 5458 3039 5514 facti.
3065 5459 3224 5514 Tunc
3253 5472 3386 5526 ergo
3423 5453 3553 5507 ado-

1954 5556 2223 5614 raverunt
2250 5567 2401 5620 eum,
2434 5549 2658 5625 quando
2687 5548 3039 5617 nativitatem
3075 5548 3225 5605 illius
3249 5539 3554 5601 annuntia-
