3884 6154
502 234 607 301 ω
925 238 1304 304 nAmoms
1343 234 1834 306 HALBsns'rAT.
1877 234 2107 303 EPISO.
2148 234 2308 301 opp.
2348 236 2534 303 PARS
2570 236 2615 301 ι.
2659 268 2725 287 υ-
2764 232 3131 304 comm.
3170 248 3333 306 BIBL.
3584 246 3667 311 sit

504 375 728 441 verunt,
758 373 813 425 et
841 372 1065 442 quando
1090 368 1187 427 ille
1209 370 1491 428 esuriente
1520 372 1877 429 accesserunt
1900 374 1956 427 et
1992 371 2097 427 mis
2114 373 2166 433 Α
2185 372 2305 442 lege
2318 370 2568 427 humana
2598 371 2938 443 praecipitur,
2962 373 3025 423 ut
3041 382 3149 424 non
3168 364 3317 427 detur
3337 368 3564 443 judicium
3587 378 3669 435 nisi

501 458 887 515 nistraverunt
906 461 979 531 ei,
1002 459 1116 515 sive
1147 462 1369 532 quando
1402 464 1721 533 sepulcrum
1758 465 1879 539 ejus
1917 466 2097 516 custo—
2180 454 2805 531 sedendo.Quaprnpter
2820 473 2931 513 non
2946 460 3338 531 incongrueper
3354 465 3513 518 sedem
3527 478 3672 537 possu-

506 546 751 614 dierunt,
770 548 1018 620 quotidie
1048 562 1270 621 quoque
1292 548 1532 606 adorant
1559 552 1845 622 eum,quia
1861 548 2099 621 jussioni
2182 547 2923 619 musintelligerejudicium
2936 548 3080 619 quod
3103 546 3371 618 procedita
3404 552 3532 607 sede.
3556 555 3673 610 Istud

504 635 660 692 illius
686 637 1094 709 obtemperant.
1131 636 1241 694 Sed
1265 641 1518 711 nunquid
1550 640 1683 695 solis
1713 639 1927 711 angelis
1965 654 2101 710 prae-
2187 636 2271 693 est
2286 637 2579 708 judicium,
2604 636 2795 707 dequo
2815 636 2935 708 ipse
2951 636 3123 690 Filius
3141 632 3290 691 dicit:
3310 636 3676 710 Paternonjudt-

507 723 657 796 cepit
682 724 831 781 Deus
849 724 1017 781 Pater
1034 727 1195 781 illum
1246 724 1524 783 adorare?
1570 729 1714 796 Non,
1762 726 1896 800 quin
1921 728 2107 801 potius
2189 726 2274 781 cat
2307 738 2661 795 quamquam,
2688 727 2779 779 sed
2797 722 3230 793 omnejudicium
3246 722 3377 780 dedit
3401 723 3518 783 Filio
3544 724 3676 794 (Joan.

2189 818 2265 885 v),
2298 819 2356 870 et
2383 815 2451 869 de
2480 824 2590 886 quo
2612 810 2908 868 Psalmista
2933 808 3002 867 ad
3026 816 3193 868 Deum
3221 810 3448 870 Patrem:
3465 810 3591 881 Deus,
3609 820 3679 888 ju-

2190 905 2406 961 dicium
2439 911 2599 959 tuum
2639 902 2759 971 regi
2798 903 2870 957 de
2897 898 3069 971 (Ptol.
3122 902 3262 973 Lxx),
3299 900 3352 957 id
3384 909 3460 959 est
3496 902 3679 962 Christo.

2187 993 2448 1049 Thronus
2482 1009 2614 1063 ergo
2639 989 2741 1046 Dei
2770 978 2826 1044 iii
2868 989 3129 1044 saeuitiam
3155 992 3329 1045 saeculi
3349 984 3577 1059 manebit,
3593 990 3682 1065 quia

506 812 661 868 omni
682 814 970 878 creaturae.

575 894 730 956 Etad
747 905 967 970 angelos
1008 902 1229 972 quidem
1253 903 1421 959 dicit:
1447 904 1555 974 Qui
1574 903 1710 974 [hcit
1737 906 1957 975 angelos
1984 916 2108 962 suos

508 991 761 1059 spiritus,
781 992 829 1044 et
850 986 1139 1046 ministros
1158 1000 1284 1046 suos
1301 996 1589 1064 ﬂammam
1606 994 1938 1063 ignis.Quod
1951 994 2105 1061 dicit,

510 1080 561 1135 et
584 1081 658 1134 ad
686 1083 907 1149 angelos
935 1084 1157 1150 quidem
1184 1084 1327 1136 Deus
1348 1080 1528 1146 Pater,
1571 1084 1657 1136 vel
1708 1084 1995 1154 Scriptura
2022 1081 2109 1136 di-
2185 1076 2460 1150 judiéium
2480 1079 2845 1134 novissimum
2875 1076 3021 1148 quod
3048 1073 3199 1132 dabit
3212 1071 3404 1145 electis,
3425 1071 3580 1134 dieens
3596 1077 3681 1137 eis:

509 1167 659 1234 vina,
691 1170 806 1224 tale
834 1174 922 1224 est
941 1184 1006 1224 ac
1029 1169 1075 1224 si
1097 1170 1309 1225 diceret
1337 1171 1406 1225 de
1437 1172 1671 1243 angelis,
1695 1172 1769 1225 ad
1784 1188 1996 1242 ponens
2012 1188 2113 1243 pro
2204 1164 2403 1227 Venite,
2426 1168 2708 1230 benedicti,
2754 1166 3019 1235 percipite
3050 1178 3277 1234 regnum
3323 1169 3453 1221 nobis
3482 1173 3683 1236 paratum

509 1257 592 1312 de.
617 1256 743 1312 Non
756 1250 906 1312 enim
951 1264 1137 1312 servat
1151 1258 1452 1329 Apostolus
1471 1259 1721 1314 ordinem
1744 1260 1857 1315 sive
1883 1272 2113 1315 sensum
2198 1257 2410 1326 (Matth.
2446 1258 2575 1325 xxv)
2602 1270 2615 1324 ;
2641 1257 2699 1310 et
2722 1328 2733 1333 _
2754 1253 3004 1326 reprobis
3029 1248 3166 1309 dicit
3188 1266 3200 1303 :
3222 1256 3295 1310 Ite
3317 1258 3372 1309 in
3399 1254 3551 1323 ignem
3578 1262 3686 1311 ster-

509 1347 1065 1418 preepcsitionum,et
1085 1352 1171 1400 est
1184 1360 1409 1402 sensus:
1439 1347 1563 1419 Ipse
1588 1362 1751 1419 quem
1788 1349 2114 1420 praecipiun-
2195 1356 2334 1400 num
2366 1336 2562 1410 (Ibid),
2597 1344 2807 1400 aeterna
2835 1342 3169 1398 discretione
3216 1342 3377 1398 stabit
3420 1345 3689 1399 interutras-

509 1435 609 1488 tur
627 1435 814 1504 angeli
842 1435 1096 1501 adorare,
1122 1436 1191 1490 de
1216 1434 1355 1506 ipsis
1384 1437 1501 1491 suis
1550 1432 1836 1507 spiritibUs
1867 1439 2113 1508 quoties-
2196 1450 2325 1506 que,
2348 1442 2413 1488 eo
2432 1437 2677 1488 testante
2697 1433 2755 1486 in
2776 1432 3074 1503 Evangelio
3094 1449 3161 1485 ac
3175 1428 3380 1486 dicente
3401 1444 3412 1479 :
3437 1428 3688 1486 Tuncibunt

511 1536 735 1592 cunque
757 1523 875 1576 vult
910 1524 1043 1577 facit
1061 1522 1308 1594 angelos.
1333 1522 1619 1580 Ministros
1633 1524 1802 1580 etiam
1833 1539 1964 1581 suos
1982 1526 2115 1581 facit
2198 1524 2259 1576 hi
2288 1525 2351 1577 in
2388 1524 2721 1591 supplicium
2761 1526 3049 1587 .rternum,
3072 1522 3216 1590 justi
3237 1525 3409 1574 autem
3427 1520 3481 1574 in
3497 1525 3691 1574 vitam»

508 1609 795 1664 ﬂammam
809 1611 983 1680 ignis:
1007 1611 1139 1682 quia
1157 1612 1321 1683 quiin
1335 1620 1635 1685 conspectu
1654 1613 1805 1669 illius
1818 1615 2106 1678 assistunt,
2198 1617 2436 1666 ternum.
2461 1611 2648 1682 (lbid.)
2677 1608 2834 1674 Quod
2866 1626 2995 1664 vero
3024 1606 3457 1680 sequitur.Virga
3484 1605 3690 1680 aequitatis

508 1688 571 1752 in
603 1704 795 1753 amore
815 1712 915 1753 suo
939 1692 1299 1755 incendentes
1342 1706 1398 1755 et
1449 1701 1866 1757 inﬂammantes
1904 1702 2105 1768 reddit,
2131 1722 2177 1782 Β
2198 1701 2351 1770 virga
2369 1700 2527 1770 regni
2558 1700 2777 1770 tui,per
2792 1699 3003 1770 virgam
3034 1696 3309 1770 aequitatis
3325 1692 3691 1782 intelligituer

505 1786 671 1857 juxta
698 1787 846 1856 quod
872 1787 1003 1841 alibi
1024 1788 1245 1846 dicitur.
1272 1792 1333 1842 in
1380 1805 1540 1858 quem
1584 1792 1898 1846 desiderant
1925 1793 2113 1861 angeli
2134 1778 2171 1782 ”
2196 1789 2378 1843 titudo
2409 1788 2703 1843 sententiae
2733 1790 2788 1841 et
2802 1784 2999 1857 judicii
3020 1785 3191 1852 illius,
3224 1786 3332 1840 sive
3353 1778 3690 1857 potestasregni

501 1878 833 1942 prospicere.
855 1872 997 1930 Nam
1021 1877 1167 1948 quod
1179 1878 1337 1937 dixit.
1354 1883 1454 1946 qui
1474 1880 1611 1947 facit
1628 1883 1846 1947 angelos
1866 1892 1990 1935 suos
2008 1882 2115 1950 spi-
2191 1879 2364 1948 justa,
2391 1888 2516 1948 quae
2536 1877 2695 1947 virga
2720 1877 2867 1946 regit
2891 1876 3072 1947 justos
3095 1874 3153 1929 in
3179 1871 3408 1945 justitia,
3448 1870 3497 1927 et
3517 1871 3692 1944 percutit

509 1964 679 2028 ritus,
711 1968 1053 2034 praepostero
1083 1966 1278 2021 ordine
1331 1964 1586 2038 protulit.
1650 1966 1936 2023 Debuerat
1964 1970 2114 2023 enim
2197 1967 2400 2036 impios
2424 1967 2579 2036 justo
2606 1969 2664 2019 et
2692 1968 2863 2028 recte,
2905 1962 3025 2018 sine
3074 1961 3262 2035 aliqua
3302 1972 3692 2034 personammae

509 2051 715 2117 dicere,
736 2053 831 2123 qui
855 2053 987 2107 facit
1014 2054 1244 2125 spiritus
1268 2068 1398 2109 suos
1431 2057 1676 2126 angelos.
1706 2054 2007 2112 Sciendum
2031 2062 2117 2113 est

508 2145 700 2194 autem
724 2142 871 2212 quod
903 2144 1136 2213 angelus
1166 2158 1371 2198 nomen
1401 2151 1487 2199 est
1531 2142 1700 2199 cilicii
1732 2161 1844 2200 non
1873 2152 2108 2214 naturae,

510 2227 609 2297 qui
628 2239 853 2299 semper
874 2230 1097 2300 quidem
1147 2235 1281 2285 sunt
1328 2233 1578 2302 spiritus,
1615 2235 1713 2288 sed
1753 2246 2112 2305 nequaquam

506 2316 636 2386 jure
667 2326 891 2387 semper
901 2323 1170 2373 vocantur
1188 2321 1393 2389 angeli,
1413 2321 1522 2374 nisi
1542 2322 1766 2391 quando
1784 2322 2106 2380 mittuntur.

510 2405 742 2475 Angelis
757 2406 971 2471 etenim,
986 2407 1181 2462 Graeco
1198 2408 1481 2474 vocabulo,
1506 2410 1705 2463 Latino
1726 2409 1932 2464 dicitur
1961 2426 2109 2464 nund-

2196 2055 2471 2125 ceptione,
2503 2058 2732 2107 cunctos
2759 2051 3081 2123 gubernans
3102 2057 3161 2106 et
3182 2050 3446 2123 judicans.

2267 2144 2523 2197 Dilem'sti
2540 2143 2829 2210 justitiam
2859 2144 2909 2195 ct
2936 2141 3103 2195 odisti
3132 2140 3483 2209 iniquitatem.
3525 2136 3614 2192 Ista
3639 2140 3696 2190 est

2193 2232 2352 2302 virga
2372 2234 2545 2293 recta,
2578 2235 2643 2284 ut
2687 2229 2958 2300 diligatur
2976 2228 3228 2299 justitla,
3257 2227 3312 2282 et
3338 2226 3454 2283 odio
3487 2220 3691 2280 habeatur

2193 2319 2478 2390 iniquitas.
2506 2320 2682 2372 Nemo
2712 2316 2863 2371 enim
2901 2318 3149 2388 perfecte
3168 2322 3347 2388 potest
3363 2314 3564 2386 diligere
3580 2310 3696 2384 justi-

2194 2407 2354 2472 tiam,
2397 2407 2504 2461 nisi
2528 2406 2655 2460 odio
2677 2403 2941 2459 habuerit
2973 2405 3347 2477 iniquitatem.
3384 2402 3608 2475 Iniquitas
3626 2410 3695 2454 au-

510 2493 645 2548 tius.
674 2495 731 2548 Si
755 2496 957 2565 quaeris
980 2510 1186 2550 nomen
1208 2501 1444 2560 naturae,
1464 2498 1696 2569 spiritus
1708 2503 1795 2552 est
1819 2518 1828 2552 :
1852 2499 1896 2552 si
1918 2499 2105 2569 ofﬁcii,
2188 2501 2302 2550 tem
2322 2508 2445 2565 quae
2472 2501 2527 2548 et
2543 2494 2765 2547 anomia
2787 2494 3135 2559 nominattir,
3163 2492 3482 2562 intelligitur
3497 2482 3696 2565 quidquid

512 2584 749 2654 angelus
769 2589 871 2638 est.
906 2584 984 2638 Ex
1012 2601 1078 2639 eo
1099 2586 1247 2656 quod
1269 2586 1540 2651 subsistit,
1567 2587 1797 2657 spiritus
1823 2594 1927 2651 est,
1960 2593 2017 2641 et
2044 2602 2109 2641 ex
2190 2590 2388 2638 contra
2440 2583 2622 2653 legem
2669 2580 2912 2635 divinam
2947 2582 3029 2635 tit.
3076 2582 3344 2636 Veritatis
3380 2579 3558 2634 etenim
3588 2588 3697 2631 amor

510 2682 580 2726 eo
601 2672 749 2742 quod
762 2672 1024 2737 mittitur,
1046 2674 1297 2744 angelus.
1338 2675 1506 2729 Verbi
1540 2677 1743 2745 gratia,
1777 2676 1922 2730 sicut
1942 2676 2108 2731 homo
2193 2673 2382 2726 odium
2415 2677 2501 2725 est
2532 2671 2811 2724 falsitatis.
2848 2671 2918 2724 Et
2938 2671 3070 2741 quia
3089 2669 3361 2725 Dominus
3397 2668 3563 2723 dilexit
3578 2664 3698 2737 justi-

509 2767 719 2815 nomen
742 2764 826 2814 est
853 2766 1087 2827 naturae,
1120 2763 1283 2817 miles
1312 2768 1500 2817 autem
1558 2779 1762 2817 nomen
1808 2770 1892 2818 est
1920 2764 2107 2818 oflicii.
2192 2760 2350 2826 tiam,
2378 2760 2508 2831 quia
2531 2776 2643 2812 non
2664 2759 2930 2829 peccavit,
2947 2765 3003 2812 et
3025 2759 3158 2813 odio
3195 2758 3388 2813 habuit
3406 2757 3695 2827 iniquitatem,

510 2850 744 2905 Dicatur
763 2854 820 2903 et
840 2850 947 2904 alio
969 2851 1132 2905 modo
1166 2870 1177 2904 :
1224 2853 1425 2922 Angeli
1453 2857 1510 2905 et
1539 2852 1786 2906 ministri
1809 2854 1908 2907 Dei
1939 2854 2114 2907 omni-
2195 2848 2329 2921 quid
2360 2849 2572 2919 praemii
2604 2840 2877 2902 meruerit
2928 2847 3219 2918 percipere
3266 2846 3490 2917 eXponit,
3526 2844 3695 2898 dicens:

511 2938 758 3009 potentis
785 2942 917 2992 sunt
947 2939 1265 2997 sacerdotes
1295 2945 1352 2993 et
1394 2941 1610 3011 praelati
1650 2936 1926 3008 Ecclesiae,
1953 2943 2116 3011 juxta
2134 2988 2178 3011 Α
2196 2940 2487 3006 Propterea
2507 2940 2673 2990 una:th
2695 2940 2742 2989 te
2760 2937 2923 3000 Deus,
2964 2937 3105 2990 Deus
3126 2941 3255 2990 tuus
3275 2939 3381 2989 oleo
3405 2928 3699 2988 ersultationt:

515 2988 1363 3096 nvi:
1394 2988 2113 3084 sacievrdotz'srhsto-
2132 2988 2180 3055 Ο
2190 2988 2315 3096 pne
2328 3027 2700 3094 participibus
2730 3028 2862 3078 tuis.
2904 3025 3210 3079 Psalmista
3246 3023 3528 3095 alloquitur
3554 3018 3700 3075 illium

511 3114 682 3168 diunt
708 3117 1015 3182 scientiam,
1041 3121 1092 3169 et
1122 3118 1292 3183 legem
1321 3121 1619 3185 requirunt
1636 3132 1699 3171 ea:
1718 3130 1807 3172 ore
1823 3123 1957 3187 ejus,
1978 3123 2112 3187 quia

507 3205 742 3271 angelus
762 3204 991 3257 Domini
1012 3207 1353 3257 eaercituum
1387 3210 1481 3259 est.
1508 3206 1836 3260 Sacerdotes
1862 3222 1995 3277 ergo
2016 3208 2112 3262 Eo-

510 3291 694 3345 διεβίω
723 3291 955 3363 spiritus
985 3296 1136 3354 sum,
1165 3293 1388 3362 quando
1416 3294 1623 3362 gaudia
1647 3287 1843 3365 patrita
1870 3296 2110 3350 caelestis

504 3380 625 3434 suis
658 3379 1009 3435 auditoribus
1041 3381 1397 3446 annuntiant,
1424 3381 1700 3436 dicentes:
1723 3387 2110 3440 Prcnz'tentiam

506 3471 655 3537 agite
679 3482 695 3523 :
717 3471 1344 3538 appropinquabitem'm
1370 3483 1606 3538 regnum
1626 3473 2102 3544 ca’lorumWatth.

507 3560 613 3627 In);
633 3563 690 3612 et
704 3559 1163 3626 Fulgebuntjitsti
1180 3562 1322 3612 sicut
1341 3562 1421 3612 sat
1444 3560 1653 3628 (Matth.
1673 3559 1817 3629 xm);
1846 3567 1894 3615 et
1924 3563 2108 3616 Erunt

508 3650 862 3714 sicutangeti
885 3648 982 3700 Dei
1006 3650 1068 3700 in
1096 3650 1220 3701 cwto
1247 3648 1456 3715 (Matth.
1496 3652 1652 3717 χχιι).
1704 3646 1956 3703 Flamma
1976 3662 2107 3704 vero

507 3735 660 3805 ignis
682 3740 832 3801 sunt,
851 3735 1075 3805 quando
1099 3740 1374 3789 terrorem
1398 3737 1543 3807 ignis
1575 3737 1845 3807 gehennee
1874 3738 1991 3793 suis
2013 3754 2107 3794 au-

507 3821 788 3879 ditoribus
809 3822 1118 3889 minantur,
1142 3822 1391 3878 dicentes
1423 3836 1435 3877 :
1472 3826 1663 3881 Omnis
1697 3827 1865 3880 arbor
1892 3842 2005 3880 non
2026 3827 2110 3881 fa-

509 3911 664 3967 ciens
692 3910 945 3979 fructum
960 3914 1171 3966 bonum
1199 3915 1540 3968 ewcideturet
1566 3918 1629 3968 in
1649 3917 1833 3982 ignem
1859 3919 2112 3970 mittetur

509 3997 726 4071 (Matth.
759 4003 867 4063 In).

2193 3114 2387 3178 Dei,et
2405 3114 2537 3169 dicit
2558 3126 2570 3161 :
2588 3115 2635 3169 Ο
2671 3115 2839 3178 Deus,
2864 3115 3026 3168 unxit
3069 3118 3130 3168 te
3174 3110 3324 3168 Deus
3350 3110 3501 3167 Pater
3522 3106 3616 3164 oleo
3636 3118 3701 3161 ex-

2190 3204 2529 3270 sultationis,
2554 3208 2850 3274 propterea
2866 3203 2996 3273 quia
3006 3203 3136 3257 odio
3157 3202 3396 3258 habuisti
3406 3196 3699 3271 iniquitatem.

2192 3288 2507 3347 etdilexisti
2542 3292 2847 3362 justitiam.
2884 3291 3010 3345 Non
3058 3304 3197 3361 ergo
3251 3295 3336 3346 est
3362 3282 3701 3358 intelligendum

2192 3382 2339 3453 quod
2371 3379 2551 3436 Filius
2581 3380 2700 3442 Dei,
2733 3380 3039 3434 secundum
3071 3372 3335 3434 naturam
3361 3374 3633 3439 divinitatis,
3660 3370 3699 3427 in

2189 3480 2302 3541 qna
2317 3470 2547 3541 aequalis
2563 3475 2650 3523 est
2670 3463 2839 3534 Patri,
2865 3468 3043 3539 possit
3057 3468 3239 3523 Deum
3258 3468 3469 3532 habere,
3490 3465 3597 3536 quia
3615 3462 3696 3532 ipse

2188 3570 2314 3613 cum
2333 3559 2501 3612 Patre
2518 3563 2574 3612 et
2592 3558 2803 3628 Spiritu
2848 3562 3042 3610 sancto
3089 3570 3259 3612 verus
3278 3560 3362 3612 est
3382 3556 3529 3610 Deus.
3555 3553 3699 3607 Secun-

2188 3640 2322 3701 dum
2345 3653 2534 3702 autem
2583 3646 2731 3716 quod
2776 3646 2942 3699 homo
2994 3651 3097 3711 est,
3142 3646 3319 3701 Deum
3347 3646 3555 3709 fPatrem
3583 3638 3700 3693 habet

2188 3730 2527 3807 Deum,quia
2543 3735 2613 3789 ab
2628 3735 2817 3788 illoest
2829 3728 3277 3806 factus,ide0que
3297 3734 3426 3789 dicit
3445 3728 3697 3787 Psalmista:

2199 3825 2363 3880 σηιειί
2386 3829 2433 3877 te
2470 3825 2632 3888 Deus,
2663 3825 2803 3877 Deus
2851 3827 2980 3875 tuus
3018 3826 3131 3877 oleo
3172 3826 3340 3893 (Psal.
3370 3823 3518 3888 XLIV).
3550 3817 3700 3872 [luctus

2193 3916 2281 3966 est
2297 3912 2553 3965 Christus
2563 3918 2675 3964 non
2696 3910 2818 3964 oleo
2846 3904 3069 3973 visibili,
3102 3904 3205 3965 sed
3237 3908 3555 3982 plenitudinie
3576 3899 3701 3974 Spiri-

2190 4005 2285 4054 tus
2300 4000 2499 4066 sancti,
2520 4001 2616 4071 qui
2637 4000 2726 4053 die
2750 3998 3017 4069 baptismi
3037 3999 3096 4053 in
3118 4000 3304 4070 specie
3330 3995 3568 4052 columbae
3584 4000 3702 4059 super

574 4088 659 4143 Ad
677 4091 883 4144 Filium
899 4096 1105 4155 autem,
1129 4090 1396 4144 subaudis
1415 4091 1551 4146 dicit
1582 4092 1917 4146 Psalmlsta:
1946 4095 2113 4148 Thro-
2193 4102 2322 4143 eum
2349 4089 2640 4159 requievit,
2678 4100 2781 4142 nec
2809 4100 2874 4141 ex
2906 4093 3164 4158 tempore
3186 4084 3518 4158 baptismatis
3555 4078 3702 4134 solum-

507 4186 617 4231 ητις
645 4181 774 4230 tuus
792 4178 932 4231 Deus
983 4182 1046 4232 in
1099 4184 1359 4233 secutum
1388 4182 1593 4245 seruuli,
1627 4184 1788 4247 virga
1813 4183 2107 4249 aequitatis,
2192 4178 2358 4231 modo
2383 4178 2671 4249 plenitudo
2692 4176 2934 4248 Spiritus
2962 4178 3140 4266 sancti
3183 4173 3243 4231 in
3289 4186 3353 4231 eo
3392 4172 3605 4266 mansit

505 4266 670 4330 uirga
688 4268 849 4331 regni
859 4258 1199 4319 tui.Intuere
1220 4266 1498 4336 quomodo
1514 4270 1705 4320 etcum
1723 4274 1934 4338 quanta.
1949 4268 2108 4321 clari-
2128 4301 2175 4338 ᾗ
2192 4267 2378 4337 potius
2406 4281 2472 4320 ex
2499 4272 2753 4337 tempore
2778 4265 3177 4337 conceptionis,
3213 4267 3375 4336 juxta
3422 4260 3550 4333 quod
3580 4258 3702 4310 Isaias

507 4355 629 4404 tate
649 4351 930 4405 discernat
941 4353 1250 4423 angelicum
1267 4357 1578 4407 creaturam
1597 4368 1631 4407 a
1647 4354 1787 4409 Filio
1800 4357 2109 4426 quicuncta
2130 4342 2175 4367 υ
2190 4355 2459 4425 loquitur,
2483 4353 2672 4408 dicens
2700 4371 2714 4408 :
2743 4352 3046 4420 Requiescet
3071 4368 3239 4421 super
3265 4362 3389 4406 eum
3407 4351 3611 4419 Spiritus

506 4438 736 4494 creavit.
755 4439 1015 4493 Thronus
1038 4441 1247 4506 Graece,
1272 4441 1468 4495 Latine
1497 4443 1703 4497 dicitur
1744 4423 1903 4499 sedes
1929 4444 2102 4515 regia,
2189 4423 2594 4511 mini,spiritus
2612 4445 2892 4511 sapientiae
2910 4447 2958 4495 et
2978 4444 3305 4508 intellectus,
3322 4442 3532 4509 spiritus
3544 4423 3701 4488 constiti

505 4528 658 4583 sicut
684 4533 743 4582 et
760 4528 983 4582 solium.
1010 4530 1119 4583 Per
1142 4529 1409 4584 thronum
1439 4536 1628 4585 autem
1650 4548 1763 4586 uno
1788 4534 1955 4588 modo
1981 4548 2111 4604 pos-
2190 4536 2242 4586 et
2256 4530 2628 4600 [urtitudinin
2648 4533 2880 4598 spiritus
2899 4532 3136 4585 scientia
3154 4523 3704 4599 etpietattsmeplem

505 4630 705 4673 sumus
722 4617 1037 4687 intelligere
1058 4632 1314 4689 regnum,
1334 4633 1434 4690 per
1446 4626 1727 4690 sceptrum
1753 4628 1942 4675 autem
1960 4622 2109 4692 quod
2190 4637 2317 4675 eum
2338 4623 2571 4689 spiritus
2622 4622 2841 4673 timoris
2869 4620 3097 4673 Domini
3121 4621 3256 4688 (Isa.
3289 4619 3376 4686 χι).
3410 4616 3529 4671 Oleo
3560 4613 3697 4701 autalt!

505 4713 592 4763 est
622 4707 778 4778 virga
816 4718 1011 4774 aurea,
1063 4710 1313 4779 potestas
1368 4708 1706 4779 intelligitur
1745 4710 1923 4779 regni.
1964 4711 2111 4765 Dicit
2192 4708 2578 4763 exsultationis
2606 4723 2705 4762 seu
2731 4706 2936 4762 laetitiae
2983 4706 3120 4761 dicit
3174 4707 3334 4761 illum
3377 4706 3703 4766 unctum,qu

509 4808 644 4866 ergo
664 4796 965 4851 Psalmista
991 4796 1225 4867 loquens
1248 4796 1317 4849 ad
1349 4794 1553 4851 Filium
1584 4797 1683 4851 Dei
1718 4797 1799 4853 :0
1828 4798 1995 4865 Deus,
2023 4814 2109 4853 re-
2191 4799 2448 4854 Christus
2470 4798 2566 4867 qui
2587 4810 2877 4866 nunquam
2905 4797 3175 4867 peccavit,
3188 4805 3466 4865 nunquam
3481 4785 3700 4844 tristitilm

506 4886 679 4953 gnum
702 4890 863 4938 tuum
895 4889 951 4938 et
975 4891 1225 4955 potestas
1254 4885 1479 4955 imperii
1508 4884 1591 4939 tui
1619 4885 1679 4939 in
1708 4886 1974 4939 saeculum
2003 4902 2108 4941 saa-
2189 4886 2386 4940 habuit
2407 4902 2474 4940 ex
2490 4884 2875 4938 recordatione
2913 4884 3147 4955 peccati.
3192 4884 3339 4948 Quid
3366 4886 3448 4936 est
3477 4877 3600 4934 enim
3618 4868 3703 4924 0190

506 4970 915 5026 culimancbit!
940 4969 1221 5045 Talequid
1242 4980 1301 5028 et
1320 4970 1548 5028 Gabriel
1570 4973 1796 5028 dicitad
1820 4974 2054 5029 Mariam
2090 4995 2101 5029 :
2188 4974 2397 5030 laetitiae
2440 4974 2596 5044 ungi,
2645 4972 2754 5026 nisi
2792 4973 3003 5043 peccati
3058 4974 3339 5027 maculam
3366 4982 3470 5024 non
3517 4955 3703 5045 habere?

506 5052 625 5123 Ipse
647 5060 897 5124 regnabit
918 5063 982 5112 in
994 5044 1151 5115 domo
1166 5063 1330 5116 Iacob
1352 5065 1415 5116 in
1431 5067 1720 5128 aeternum,
1749 5066 1799 5115 et
1821 5067 1980 5129 regni
1991 5067 2107 5131 ejus
2191 5065 2523 5119 Sanctorum
2555 5061 2764 5115 etenim
2785 5062 3128 5116 conscientia
3148 5066 3285 5116 tunc
3313 5056 3481 5128 magis
3497 5068 3553 5108 ac
3575 5044 3702 5116 magis

505 5157 621 5198 non
635 5148 744 5197 erit
761 5147 893 5211 ﬁnis
906 5149 1056 5212 (Luc.
1081 5149 1144 5217 ι).
1170 5148 1324 5203 [stud
1336 5156 1689 5222 estregnum,
1715 5151 1785 5205 de
1806 5166 1916 5221 quo
1930 5151 2109 5206 turbae

507 5232 830 5286 clamabant
856 5232 1211 5290 benedictum
1268 5240 1416 5308 quod
1468 5240 1623 5294 venit
1665 5254 1900 5310 regnum
1932 5240 2109 5310 patris

508 5320 687 5376 nostri
709 5319 905 5389 David;
926 5323 1069 5376 etde
1085 5338 1194 5393 quo
1215 5324 1333 5395 ipse
1354 5328 1627 5382 Dominus
1639 5327 1839 5382 Pilato:
1862 5331 2107 5396 Regnum

507 5422 695 5465 meum
726 5424 839 5463 non
860 5411 1023 5463 estde
1056 5413 1151 5465 hoc
1184 5415 1389 5467 mundo
1420 5418 1596 5483 (Joan.
1652 5422 1828 5485 xvm).
1871 5417 2058 5472 Aliter
2089 5437 2102 5471 :

511 5498 771 5557 Thronus
796 5497 911 5553 sive
924 5498 1464 5570 sedesjudicantium
1483 5504 1628 5560 solet
1638 5506 1944 5562 esse.Unde
1971 5506 2108 5562 etin

2190 5151 2674 5221 hilarescit,atque
2693 5150 2751 5203 in
2762 5150 3014 5204 laetitiam
3029 5148 3209 5220 magis
3222 5133 3701 5229 prorumpere?!"

2190 5239 2345 5294 nulla
2363 5240 2576 5312 peccati
2594 5238 2867 5310 gravioris
2894 5239 3280 5293 recordatione
3322 5233 3592 5290 mordetur.
3617 5224 3701 5293 Spi-

2188 5329 2332 5383 ritus
2344 5329 2570 5399 quidem
2594 5334 2820 5383 sanctus
2835 5328 2931 5399 qui
2951 5327 3227 5399 requievit
3257 5327 3316 5381 in
3331 5324 3546 5382 Christo,
3567 5316 3700 5369 ωιιο-

2187 5417 2326 5471 divit
2341 5418 2523 5484 illum,
2542 5420 2600 5470 et
2627 5417 2747 5471 sine
2776 5421 3004 5486 peccato
3026 5416 3420 5488 conciperetur,
3440 5410 3548 5463 sine
3559 5410 3699 5488 pauef-

2186 5512 2248 5561 ιο
2276 5512 2624 5574 nasceretur,
2656 5509 2714 5561 et
2741 5484 2863 5559 sine
2882 5505 3096 5577 peccati
3114 5484 3412 5561 maculant:
3428 5500 3521 5553 hoc
3541 5484 3697 5548 mundo
