3992 6166
518 236 620 298 831
937 243 1317 303 HAYMONIS
1352 248 1845 311 HALBERSTAT.
1886 252 2109 311 EPISC.
2153 255 2312 311 OPP.
2354 257 2538 313 PARS
2575 258 2621 313 Ι.
2662 290 2726 303 -
2764 257 3139 315 COMMENT.
3176 260 3350 316 BIBL.
3617 262 3697 319 83‘2

524 369 633 418 tem
653 364 797 419 idem
812 368 924 435 ipse
933 384 1005 434 es,
1029 374 1079 422 et
1093 374 1237 425 anni
1265 376 1351 427 tui
1364 390 1475 430 non
1500 377 1768 445 deﬁcient.
1792 379 1931 434 Ecce
1956 379 2116 435 diffe-
2131 382 2181 441 A
2200 381 2568 453 telligendum
2585 388 2672 438 est
2691 400 2825 454 ergo
2844 384 2992 455 quod
3008 383 3352 454 omnipotens
3366 383 3498 437 Deus
3512 383 3594 453 qui
3609 384 3707 454 Spi-

522 453 708 507 rentia
724 454 876 509 inter
895 461 1212 513 creaturam
1239 465 1606 533 temporalem
1644 466 1850 522 factam
1875 474 1932 523 et
1957 486 2115 525 crea-
2196 470 2341 525 ritus
2370 478 2458 526 est
2494 472 3010 542 incircumscriptus
3037 473 3222 527 omnia
3247 472 3443 543 implet,
3472 478 3523 525 et
3542 471 3712 542 ubique

523 546 706 596 torem
749 544 808 597 in
854 561 956 598 sua
990 548 1304 604 aeternitate
1333 554 1625 623 aequaliter
1663 564 2002 612 manentem.
2050 560 2115 614 In
2199 563 2349 615 totus
2380 567 2491 620 est.
2523 563 2877 635 Quapropter
2896 563 3178 633 angelicus
3206 562 3440 632 spiritus,
3472 560 3555 631 qui
3578 561 3715 614 incir-

524 630 966 703 omnipotentem
1006 636 1212 691 etenim
1237 638 1416 694 Deum
1445 658 1559 697 non
1587 645 1738 699 cadit
1764 648 2115 717 praeteritum
2198 652 2574 722 cumscriptus
2604 630 2707 712 est,
2741 630 3077 724 quocunque
3121 630 3389 717 mittatur,
3417 630 3551 704 intra
3572 651 3715 705 Deum

525 720 615 774 vel
640 720 916 788 futurum,
965 739 1147 797 neque
1187 727 1378 798 aliqua
1406 731 1770 797 mutabilitas,
1799 735 1897 789 sed
1926 736 2119 791 omnia
2199 741 2394 807 currit,
2427 720 2718 813 Deumque
2743 720 2967 812 semper
2981 720 3305 812 praesentem
3328 740 3501 805 habet,
3524 739 3719 811 ideoque

522 814 656 864 sunt
675 811 728 869 ei
747 812 1064 882 prmsentia,
1086 831 1418 890 semperque
1434 825 1520 874 est
1548 821 1945 879 immutabilis:
1970 826 2118 881 unde
2196 827 2305 899 ipsi
2328 829 2423 900 qui
2452 811 2887 902 mittuntur,ipsi
2907 811 3077 886 etiam
3098 837 3152 885 et
3170 830 3428 884 assistunt
3439 829 3585 892 ei,vel
3601 834 3720 883 certe

521 897 826 989 Psalmista
844 902 1216 989 aetewitatem
1228 911 1287 960 et
1304 907 1996 968 immutabilitatemVerbi
2010 915 2118 969 Dei
2197 897 2325 974 ideo
2338 897 2532 974 omnes
2544 920 2692 974 mitti
2702 897 2968 975 dicuntur
2982 920 3115 991 quia
3125 921 3267 975 sicut
3275 918 3529 990 Didymus
3539 917 3721 972 Graecus

521 988 714 1042 subtili
733 984 1186 1048 consideratione
1199 998 1928 1067 perpendens,substantivo
1950 1003 2118 1059 verbo
2201 1008 2258 1062 in
2289 1007 2432 1063 libro
2453 1009 2523 1063 de
2542 1009 2759 1080 Spiritu
2780 1014 2973 1077 sanctp
2990 984 3099 1064 ait:
3125 1011 3201 1065 Ex
3222 984 3468 1063 omnibus
3485 1005 3725 1061 ordinibus

516 1078 810 1150 praesentis
841 1082 1110 1152 temporis
1129 1099 1266 1138 usus
1293 1087 1637 1158 est,loquens
1657 1090 1727 1144 de
1755 1091 2114 1158 illo.C(elum,
2199 1098 2509 1152 caelestium
2537 1078 2876 1168 dignitatum
2906 1100 3228 1162 mittuntur,
3272 1098 3411 1152 sicut
3436 1094 3722 1163 Gabrielem.

521 1165 726 1236 inquit,
750 1171 808 1221 et
830 1171 984 1222 terra
998 1170 1389 1240 mutabuntur,
1419 1179 1480 1229 tu
1510 1181 1700 1230 autem
1729 1178 1880 1233 idem
1909 1180 2029 1251 ipse
2058 1198 2118 1235 es
2200 1187 2531 1242 Michaelem
2560 1165 2928 1259 archangelos
2957 1188 3197 1258 legimus
3211 1187 3404 1242 missos
3421 1187 3474 1240 in
3497 1184 3727 1239 volumine

516 1254 685 1309 modo
707 1255 805 1326 qui
828 1273 955 1311 eras
976 1262 1107 1313 ante
1130 1261 1320 1314 omnia
1349 1264 1570 1330 saecula,
1599 1270 1655 1319 et
1680 1268 1814 1321 anni
1835 1269 1934 1333 tui,
1955 1269 2013 1324 id
2034 1277 2119 1325 est
2199 1254 2818 1348 Danielis,Raphaelem
2837 1254 3060 1349 quoque
3075 1278 3147 1332 ad
3159 1276 3386 1332 Tobiam
3410 1294 3423 1344 ;
3443 1290 3576 1329 unus
3594 1272 3728 1327 etiam

517 1342 806 1437 aeternitas
853 1348 955 1437 tua
980 1344 1108 1437 jnon
1150 1347 1397 1406 deﬁciet.
1434 1352 1561 1422 Ipse
1603 1370 1736 1425 ergo
1768 1357 1864 1426 qui
1893 1374 2119 1429 semper
2200 1364 2410 1434 legitur
2438 1366 2507 1420 de
2535 1342 2809 1437 seraphin
2840 1342 3042 1422 missus
3074 1368 3146 1422 ad
3175 1342 3624 1436 Isaiam,vquando
3639 1363 3728 1416 cal-

521 1429 693 1486 habet
713 1447 854 1497 esse,
886 1433 1021 1487 dicit
1050 1435 1118 1488 de
1138 1438 1439 1509 semetipso
1473 1441 1543 1494 ad
1564 1442 1795 1514 Moysen
1818 1464 1829 1499 :
1861 1447 1971 1515 Ego
1991 1464 2116 1501 sum
2199 1429 2325 1508 culo
2346 1454 2535 1525 tetigit
2546 1472 2607 1509 os
2627 1429 2691 1509 et
2696 1455 2849 1510 labia
2867 1457 3009 1526 ejus;
3024 1462 3081 1511 et
3100 1457 3249 1511 sicut
3263 1429 3564 1526 frequenter
3576 1451 3722 1522 angeli

521 1520 623 1585 qui
649 1521 932 1574 sum.ch
955 1522 1096 1576 dices
1125 1526 1258 1590 ﬁliis
1277 1528 1449 1582 Israel
1479 1547 1494 1581 :
1524 1531 1630 1596 Qui
1657 1538 1732 1585 est
1756 1537 1912 1588 misit
1942 1552 2026 1590 me
2044 1539 2119 1592 ad
2197 1520 2556 1613 legunturvad
2585 1550 2807 1599 sanctos
2837 1520 3012 1599 missi.
3038 1520 3387 1601 Generaliter
3404 1549 3592 1607 autem,
3615 1520 3728 1596 sicut

523 1622 615 1705 f’f"
642 1608 836 1674 (Επθάο
865 1610 968 1677 ¹¹¹)·
994 1610 1347 1685 Quapropter
1373 1618 1555 1673 omnis
1593 1627 1850 1677 creatura
1867 1625 2116 1681 rationa-
2198 1608 2454 1688 dcictores
2481 1633 2691 1696 dicunt,
2726 1634 3027 1705 unicuique
3056 1635 3306 1689 ﬁdelium
3328 1633 3397 1688 ab
3424 1638 3541 1687 ortu
3561 1630 3725 1685 nativi-

518 1693 669 1762 bilis,
700 1713 822 1794 quas
842 1715 950 1794 per
976 1716 1037 1754 se
1057 1702 1345 1759 mutabilis
1374 1712 1460 1760 est
1496 1724 1561 1762 ac
1581 1713 1923 1782 temporalis.
1958 1732 2114 1770 sum-
2131 1725 2177 1785 B
2195 1722 2442 1783 tatis,ve1
2462 1738 2494 1776 a
2513 1693 2768 1794 tempore
2786 1693 3142 1794 baptismatis
3167 1723 3337 1777 datur
3359 1739 3392 1776 a
3410 1723 3516 1777 Deo
3543 1720 3727 1791 angelus

523 1799 756 1883 mopere
784 1786 1043 1843 laborare
1064 1790 1250 1858 debet,
1268 1801 1546 1865 quatenus
1575 1799 1628 1853 ei
1650 1803 1825 1871 possit
1851 1805 2117 1876 conjungi
2197 1811 2269 1865 ad
2290 1811 2376 1865 sui
2407 1786 2715 1866 custodiam
2743 1818 2800 1867 et
2825 1786 2920 1883 qui
2940 1812 2991 1867 ei
3019 1812 3256 1868 suadeat
3279 1813 3422 1866 bona
3435 1786 3728 1881 agerellnde

521 1877 580 1927 et
599 1873 905 1936 adhaerere,
937 1878 1033 1948 qui
1061 1896 1285 1952 semper
1310 1884 1460 1939 idem
1488 1894 1698 1943 manet.
2195 1900 2498 1971 Apostolus
2533 1900 2625 1954 hic
2654 1900 2790 1955 dicit
2823 1919 2836 1955 :
2861 1901 3019 1956 Missi
3046 1906 3198 1967 sunt,
3228 1902 3499 1972 inquiens,
3526 1900 3579 1954 in
3603 1898 3729 1953 mini-

589 1963 675 2062 A-d
684 1972 1045 2062 quem-autem
1064 1973 1390 2062 angelorum
1403 1976 1545 2029 dicit
1565 1980 1875 2047 aliquando
1892 2001 1909 2036 :
1927 1983 2058 2038 Sede
2077 2001 2113 2037 a
2198 1963 2435 2044 stelium
2456 1989 2653 2044 salutis
2668 1995 2900 2062 propter
2923 1992 3128 2046 electos
3165 1963 3263 2062 qui
3288 1963 3641 2045 haereditatem
3658 2004 3730 2059 pa-

519 2050 730 2104 dea'tris
746 2056 882 2107 meis
911 2058 1264 2127 quoadusque
1276 2076 1484 2129 ponam
1501 2068 1758 2121 inimicos
1779 2074 1898 2124 tuos
1909 2072 2113 2126 scabet-
2194 2079 2317 2132 triae
2329 2079 2571 2132 celestis
2597 2080 3058 2151 suntpercepturi
3090 2098 3102 2133 :
3127 2081 3192 2135 In
3213 2081 3320 2134 hoc
3338 2096 3465 2150 ergo
3477 2077 3730 2133 locozsicu-

444 2195 451 2207 η
662 2141 866 2208 pedum
898 2148 1124 2240 tuorum
1147 2152 1172 2200 ?
1195 2148 1499 2221 Postquam
1536 2160 1723 2209 autem
1755 2159 2111 2228 majestatem
2195 2169 2239 2224 ti
2267 2168 2531 2234 diximus,
2553 2141 3466 2240 omnes.mittuntur,ejusdemque
3492 2166 3729 2237 dignitatis

521 2226 721 2283 divinae
748 2231 1079 2287 aeternitatis
1101 2238 1414 2293 ostenditin
1434 2242 1575 2297 Filio
1585 2261 1727 2311 esse,
1751 2247 1957 2303 iterum
1980 2267 2113 2305 con-
2196 2263 2329 2312 sunt
2359 2258 2456 2328 qui
2483 2257 2808 2320 mittuntur,
2835 2259 2993 2328 cujus
3014 2263 3072 2312 et
3090 2259 3188 2329 qui
3206 2258 3491 2322 assistunt.
3518 2256 3594 2309 νεὶ
3613 2259 3729 2308 certe

518 2318 687 2417 vertit
699 2318 896 2417 beatus
907 2322 1207 2393 Apostolus
1226 2344 1541 2385 sermonem
1564 2334 1635 2387 ad
1645 2335 2113 2405 gloriﬁcationem
2196 2346 2329 2417 quia
2352 2318 2548 2401 (imnes
2577 2318 2827 2417 ejusdem
2846 2318 3148 2401 voluntatis
3178 2351 3330 2412 sunt,
3362 2351 3417 2400 et
3433 2318 3554 2399 dum
3573 2343 3643 2396 illi
3658 2340 3731 2412 qui

519 2406 642 2477 ejus
669 2408 1026 2506 humilitatis,
1054 2413 1246 2487 dicens
1276 2435 1288 2469 :
1320 2419 1404 2472 Ad
1424 2436 1584 2488 quem
1612 2427 1941 2491 angelorum
1969 2429 2113 2482 dixit
2194 2406 2419 2506 semper
2438 2406 3091 2500 assistunt,consentiunt
3103 2452 3232 2489 cum
3256 2406 3335 2489 eis
3355 2406 3729 2506 quimittuntur,

520 2498 827 2595 aliquando
849 2499 1016 2555 :Sede
1044 2519 1080 2555 a
1099 2505 1846 2568 dextrismeisPsubaudisad
1869 2516 2108 2571 nullum.
2196 2498 2608 2595 quodammodo
2655 2498 2724 2578 in
2765 2523 2878 2578 illis
2916 2540 3113 2579 omnes
3159 2498 3451 2592 assistunt,
3479 2534 3731 2589 omnesque

516 2585 672 2640 Nulli
693 2588 842 2642 enim
868 2590 1355 2662 archangelorum,
1377 2598 1516 2651 nulli
1536 2600 1984 2659 dominationum
2012 2615 2114 2660 aut
2195 2585 2501 2667 mittuntur
2527 2654 2541 2679 ,
2573 2617 2630 2667 et
2648 2618 2734 2667 est
2757 2629 2956 2667 sensus
2975 2628 2986 2662 :
3005 2612 3151 2678 Quid
3173 2613 3382 2667 mirum
3398 2611 3440 2665 si
3460 2609 3606 2664 unico
3622 2605 3731 2661 Filio

516 2674 791 2730 virtutum
811 2677 924 2731 sive
957 2679 1371 2753 principatuum
1394 2686 1538 2744 hanc
1560 2690 1799 2758 gloriam
1838 2696 2115 2749 concessit
2196 2702 2299 2756 Dei
2327 2701 2699 2757 ministerium
2728 2719 2892 2756 suum
2924 2701 3185 2757 exhibent
3212 2701 3421 2772 angeli,
3449 2715 3563 2754 cum
3597 2696 3731 2750 etiam

521 2763 673 2819 Deus
702 2766 889 2834 Pater,
923 2774 989 2823 ut
1008 2771 1060 2825 ei
1082 2771 1295 2830 diceret
1325 2794 1336 2828 :
1370 2780 1555 2832 Sedea
1584 2782 1795 2836 dextris
1825 2788 1979 2850 meis,
2008 2787 2115 2841 hoc
2195 2794 2401 2844 nostrae
2440 2789 2639 2845 salutis
2669 2790 2957 2844 ministros
2986 2807 3082 2844 eos
3110 2795 3333 2844 constet
3361 2804 3476 2843 esse
3512 2780 3733 2840 effectos?

522 2859 635 2950 est!
651 2855 847 2912 habita
889 2864 948 2950 et
972 2861 1197 2932 quiesce
1233 2881 1455 2921 mecum
1492 2869 1553 2923 in
1583 2871 1933 2940 plenitudine
1975 2891 2115 2930 meae
2196 2880 2551 2950 Quapropter
2570 2878 3021 2934 neminiillorum
3037 2875 3729 2935 dixit:Sedeadea:trismeis.

520 2944 1295 3059 majestatisJ-Iictorijautem
1332 2956 1474 3059 Pilio
1504 2962 1561 3011 et
1583 2959 1755 3058 totius
1775 2963 1985 3059 ‘mundi
2012 2981 2115 3035 per
2127 2999 2172 3059 Ο
2322 2944 2338 2950 ’
2425 2944 2444 2950 ’
2644 3057 2656 3059 4
2811 2961 3046 3023 CAPUT
3083 2969 3157 3023 II.

517 3030 1047 3093 incarnationissuae
1071 3040 1548 3111 dispensationem
1562 3030 2172 3124 triumphatori,p—ostu
2264 3059 2557 3126 Propterea
2599 3057 2985 3111 abundantius
3035 3062 3240 3125 oportet
3291 3058 3559 3111 observare
3580 3067 3661 3106 nos
3687 3064 3734 3102 ea

515 3122 946 3179 resurrectionis
987 3126 1226 3196 gloriam
1275 3132 1702 3204 quadragesimo
1727 3138 1819 3192 die
1845 3122 2059 3195 dicit‘ei
2092 3158 2107 3195 :
2194 3162 2312 3215 qua:
2338 3122 2679 3210 audivimus,
2709 3161 2775 3211 ne
2804 3147 2946 3212 forte
2973 3144 3734 3215 superefﬂuamusfropterw,

515 3206 810 3305 Laborasti
836 3210 894 3265 in
913 3214 1193 3283 passione,
1227 3218 1496 3274 laborasti
1517 3223 1575 3276 in
1604 3225 1991 3297 redemptione
2017 3246 2112 3299 ge-
2191 3206 2395 3305 inquit,
2418 3234 2552 3305 quia
2583 3206 2758 3289 Filius
2776 3206 2881 3287 Dei
2909 3206 3269 3289 excellentior
3291 3238 3380 3288 est
3408 3206 3641 3287 omnibus
3665 3242 3739 3281 an-

515 3296 669 3350 neris
693 3297 1178 3372 humani,quiesce
1198 3309 1511 3363 mecum-in
1538 3296 2110 3389 gloria,quoadusque
2190 3296 2353 3394 gelis,
2385 3296 2481 3393 qui
2532 3323 2694 3378 nobis
2741 3323 3102 3389 Evangelium
3131 3339 3302 3377 suum
3321 3321 3492 3385 dedit,
3521 3318 3598 3372 vel
3619 3319 3738 3371 certe

507 3398 718 3451 ponam
739 3389 1346 3459 inimicostuos,utsint
1360 3399 2108 3469 scabettumpedumtuomm
2192 3389 2328 3482 quia
2365 3389 2595 3482 angelos
2640 3411 2804 3468 nobis
2848 3410 3153 3474 ministrat.
3186 3411 3286 3482 qui
3325 3411 3441 3465 Deo
3462 3418 3740 3478 semperm-

519 3474 625 3573 (133"
650 3477 776 3573 (ξαλ
798 3476 1173 3551 Qandusque
1184 3484 1270 3538 V91
1289 3484 1486 3551 donec,
1516 3504 1629 3542 non
1645 3489 1925 3560 signiﬁcat
1936 3496 2109 3550 ﬁnem
2191 3474 2471 3555 nuntiant
2480 3516 2652 3573 opera
2666 3500 3018 3565 nostra,licet
3035 3500 3155 3571 ipse
3168 3474 3381 3570 ubique
3401 3474 3737 3563 sit,abundan-

516 3560 756 3660 alicujus
789 3569 1057 3639 temporis
1083 3569 1192 3625 isto
1229 3572 1284 3627 in
1333 3575 1474 3642 loco,
1524 3579 1623 3632 sed
1661 3596 1762 3650 pro
1803 3582 2024 3639 inﬁnito
2053 3591 2112 3639 et
2190 3588 2303 3642 tius
2330 3594 2501 3660 atque
2516 3560 2749 3660 ‘plenius
2778 3560 3001 3660 oportet
3023 3560 3124 3643 nbs
3141 3560 3442 3643 observare
3460 3560 3524 3641 ea
3549 3599 3655 3656 qua:
3666 3595 3741 3635 au-

512 3652 856 3748 Eampiterno
893 3658 1139 3727 positum
1165 3666 1267 3723 est,
1300 3664 1461 3734 quasi
1491 3666 1701 3722 diceret
1728 3669 1852 3724 aliis
1891 3672 2104 3727 verbis:
2191 3652 2432 3732 divimus
2464 3694 2499 3731 a
2528 3652 2751 3732 Dhristo
2773 3652 2832 3731 in
2857 3677 3176 3748 Evangelio,
3201 3682 3261 3731 et
3280 3677 3352 3731 ab
3383 3652 3629 3747 apostolis
3645 3670 3740 3739 ejus

514 3740 608 3837 Τα-
621 3757 848 3813 semper
872 3744 1066 3837 habita
1116 3748 1177 3802 in
1230 3751 1583 3821 plenitudine
1604 3757 1919 3826 majestatis
1947 3777 2105 3829 meae,
2192 3782 2361 3837 quam
2393 3767 2452 3819 in
2472 3767 2596 3836 lege
2616 3740 3084 3837 solebamus,quae
3105 3782 3205 3837 per
3218 3740 3445 3820 servum
3468 3757 3742 3817 dataest.Et

515 3828 649 3925 quia
674 3846 782 3925 ego
802 3831 1101 3903 subjiciam
1130 3840 1430 3894 aeternitati
1462 3848 1573 3899 tua;
1600 3844 1995 3903 inimicostuos
2014 3828 2109 3905 Ju§
2190 3828 2365 3925 quare
2391 3828 2810 3909 abundantius?
2832 3870 2897 3908 ne
2929 3828 3069 3922 forte
3092 3828 3573 3923 superefﬂuamus,
3597 3848 3648 3903 id
3677 3849 3743 3899 est

514 3916 682 3983 deos,
710 3919 961 3991 aliosque
1011 3924 1350 3983 incredulos.
1396 3931 1574 3986 Pedes
1619 3936 1828 3989 etenim
1860 3938 2104 4003 Domini,
2189 3916 2260 3996 ne
2290 3943 2433 3996 forte
2462 3959 2762 4013 pereamus
2812 3947 2870 3997 et
2905 3959 2939 3996 a
2983 3942 3165 3997 salute
3215 3942 3559 4000 excidamus,
3595 3936 3742 3989 velne

510 4004 876 4063 stabilitatem
906 4015 1237 4070 aeternitatis
1256 4016 1379 4088 ejus
1408 4019 1723 4092 designant,
1737 4023 1834 4078 ubi
1855 4026 1951 4080 ille
1978 4032 2107 4082 tan-
2188 4031 2333 4086 ﬂorte
2352 4004 2748 4087 evanescamus
2766 4036 3127 4086 transeuntes
3145 4032 3203 4086 in
3226 4030 3593 4102 perditionem
3618 4038 3744 4080 more

514 4110 685 4165 quam
707 4097 769 4151 in
797 4100 1047 4171 vestigiis
1085 4104 1265 4159 ﬁrmis
1289 4106 1497 4162 virtute
1537 4111 1958 4182 omnipotentiae
1996 4133 2111 4171 sum
2193 4120 2440 4176 ﬂuminis
2460 4120 2811 4175 decurrentis
2838 4121 2897 4174 in
2924 4120 3243 4186 mare,dum
3262 4136 3466 4175 sensus
3486 4114 3648 4172 nostri
3665 4126 3744 4183 per

513 4184 786 4241 consistit.
805 4187 1110 4244 Possumus
1131 4197 1189 4245 et
1211 4209 1313 4263 per
1324 4195 1493 4264 pedes
1520 4214 1631 4251 non
1650 4199 1957 4270 incongrue
1986 4220 2112 4276 my-
2193 4209 2385 4263 inania
2404 4225 2638 4280 quaeque
2666 4208 3009 4265 discurrunt.
3042 4210 3239 4279 Jungit
3264 4214 3463 4264 autem
3492 4215 3747 4279 personam

516 4270 752 4369 stes-ium
783 4272 1187 4331 incarnationis
1217 4280 1340 4349 ejus
1360 4282 1629 4352 accipere.
1662 4285 1768 4341 His
1799 4296 1988 4345 autem
2019 4309 2173 4369 pe-n
2194 4314 2352 4351 suam
2384 4297 2496 4351 illis
2520 4314 2678 4352 more
2704 4315 2806 4353 suo
2836 4314 3029 4367 agens.
3063 4299 3133 4352 Et
3160 4315 3340 4369 quare
3369 4287 3747 4351 abundantius?

516 4356 701 4457 dibus,
730 4361 1060 4457 aeternitatis
1082 4365 1338 4422 videlicet
1362 4349 1640 4441 illius,seu
1670 4375 1799 4431 fidei
1826 4393 1891 4431 ac
1911 4349 2109 4449 poten-
2124 4349 2174 4408 D
2421 4349 2674 4451 causam;
3526 4380 3745 4453 explicat.

630 4445 1036 4543 incarnationis
1052 4455 1202 4543 pejus,
1227 4457 1447 4513 duobus
1493 4463 1676 4517 modis
1704 4444 1953 4535 quotidie
1975 4468 2110 4523 sub-
2191 4474 2471 4529 dicens:Si
2482 4477 2631 4528 enim
2644 4444 2744 4542 qui
2749 4490 2849 4543 per
2863 4444 3083 4543 angelbs
3103 4476 3283 4529 dictus
3298 4481 3376 4530 est
3394 4444 3747 4538 sermo,-fadu3

508 4533 788 4611 jiciuntur
811 4537 1026 4594 inimici
1046 4542 1218 4610 illius,
1236 4545 1369 4600 dum
1388 4548 1641 4606 videlicet
1665 4553 1925 4609 vitiorum
1938 4562 2107 4628 atque
2188 4568 2264 4617 est
2280 4566 2554 4631 ﬁrmus,et
2574 4567 2756 4617 omnis
2778 4566 3165 4631 praevaricatio
3183 4569 3230 4617 et
3253 4562 3617 4618 inobedientia
3633 4570 3749 4610 acac-

512 4622 865 4720 infidelitatis
911 4632 1311 4690 contrarietate
1339 4636 1627 4709 derelicta,
1659 4648 1857 4712 sponte
1882 4660 1943 4698 se
1971 4622 2107 4699 sub-
2186 4622 2509 4719 pit'justam
2536 4622 2799 4705 mercedis
2828 4653 3270 4717 retributionem,
3294 4651 3559 4720 quomodo
3575 4662 3660 4700 nos
3684 4642 3748 4708 ef-

507 4713 716 4783 jiciunt
741 4715 824 4770 illi
849 4717 920 4771 ad
937 4719 1196 4790 salutem,
1210 4730 1276 4778 ut
1293 4724 1397 4779 sub
1425 4727 1522 4781 illo
1542 4733 1827 4793 tueantur,
1842 4732 1928 4786 vel
1956 4721 2107 4790 certe
2186 4713 2470 4806 iugiemus
2489 4741 2540 4792 si
2551 4743 2769 4793 tantam
2780 4741 3181 4807 neglexerimus
3193 4713 3435 4794 salutem
3454 4738 3671 4793 ?Sermo
3683 4731 3750 4785 le-

512 4803 650 4897 dum
698 4805 953 4862 nolentes
980 4807 1040 4862 in
1086 4826 1216 4865 eum
1251 4815 1497 4881 credere,
1532 4819 1708 4872 coacti
1737 4819 2110 4891 subjiciuntur
2186 4803 2275 4896 gis
2300 4830 2357 4880 et
2382 4826 2789 4896 prophetarum
2818 4803 2917 4897 per
2944 4828 3173 4897 angelos
3193 4827 3382 4882 dictus
3411 4831 3497 4882 est
3514 4825 3581 4879 ad
3592 4828 3750 4894 patres

513 4889 618 4952 illi.
651 4898 710 4948 et
727 4894 1018 4950 calcantur
1045 4899 1297 4957 dominio
1320 4906 1616 4973 potestatis
1635 4907 1773 4976 ejus.
1792 4889 2060 4979 sequitur
2089 4929 2101 4964 :
2187 4889 2411 4968 nostros
2443 4933 2454 4967 :
2490 4889 2623 4984 quia
2651 4932 2753 4986 per
2774 4889 3082 4985 subjecta}:
3104 4921 3424 4970 creaturam
3451 4889 3656 4969 locutus
3681 4910 3751 4963 est

585 4980 781 5036 Nonne
807 4999 992 5039 omnes
1011 4994 1143 5041 sunt
1170 4991 1650 5047 administratorii
1673 4999 2109 5062 spiritus,inmi-
2187 5002 2367 5073 Moysi
2405 5008 2462 5056 et
2481 4980 2788 5074 prophetis,
2810 4980 2971 5074 justa
2986 5005 3135 5075 quod
3163 5003 3363 5060 beatus
3391 4996 3747 5075 Stephanusin

511 5069 812 5124 nisterium
841 5075 1001 5127 missi
1008 5082 1235 5143 propter
1257 5095 1341 5132 eos
1361 5083 1462 5148 qui
1479 5081 1850 5137 hereditatem
1873 5088 2105 5153 capiunt
2186 5069 2545 5145 contentione
2583 5069 2688 5145 sua
2715 5069 3060 5157 manifestat,
3096 5092 3287 5146 dicens
3311 5092 3383 5146 de
3413 5069 3597 5162 Moyse
3624 5105 3635 5139 :
3664 5082 3748 5138 Hic

510 5159 738 5211 salutis?
754 5158 813 5213 Si
825 5176 1019 5216 omnes
1028 5164 1258 5231 spiritus
1270 5168 1576 5223 caelestium
1597 5170 1863 5225 virtutum
1876 5173 2106 5229 mittun—
2187 5183 2274 5232 est
2291 5180 2511 5247 Moyses
2536 5179 2632 5250 qui
2659 5180 2768 5234 fuit
2786 5197 2912 5235 cum
2940 5181 3160 5251 angelo,
3184 5181 3278 5252 qui
3290 5158 3619 5251 loquebatur
3634 5174 3677 5229 ei
3700 5172 3746 5224 in

509 5248 605 5300 tur
615 5246 685 5300 ad
698 5248 937 5304 salutem
949 5252 1316 5319 credentium,
1326 5257 1459 5327 quid
1472 5263 1558 5312 est
1570 5259 1712 5329 quod
1733 5260 1931 5316 Daniel
1945 5262 2096 5318 dicit:
2182 5272 2373 5321 monte
2390 5246 2572 5322 iSina.‘
2581 5268 2896 5340 Factusque
2916 5275 3002 5324 est
3016 5246 3300 5335 lirmusdd
3328 5246 3416 5323 est
3435 5282 3593 5321 verus
3620 5262 3744 5317 idem

508 5336 694 5390 Mitlia
714 5340 968 5393 millium
985 5344 1383 5397 ministrabant
1397 5350 1465 5407 ei,
1491 5352 1541 5399 et
1564 5348 1735 5402 decies
1756 5353 1959 5404 millies
1974 5367 2101 5405 ccn-
2182 5371 2370 5410 sermo
2392 5372 2493 5426 per
2520 5336 2997 5428 angelumdictus,
3028 5358 3291 5429 quoniam
3313 5357 3461 5411 sicut
3477 5354 3553 5409 ibi
3573 5348 3745 5424 pradi-

508 5428 827 5480 tenamittia
838 5429 1228 5484 assistebantei
1247 5432 1394 5501 (Cap.
1410 5433 1496 5504 x)?
1516 5435 1806 5499 Quomodo
1818 5439 1969 5493 enim
1986 5457 2103 5494 om-
2183 5446 2335 5497 ctum
2366 5449 2469 5506 est,
2498 5444 2578 5498 ita
2597 5446 2786 5499 omnia
2817 5450 3142 5510 evenerunt,
3157 5445 3270 5500 sive
3293 5445 3443 5499 bona
3460 5444 3572 5497 sive
3598 5436 3741 5499 mala,

507 5527 608 5569 nes
620 5513 997 5587 mittuntur,si
1009 5516 1191 5573 decies
1201 5525 1438 5577 centena
1453 5524 1634 5579 millia
1643 5525 1695 5580 ei
1706 5527 2003 5585 assistunt?
2014 5528 2102 5584 In-
2182 5532 2477 5603 omnisque
2495 5534 2880 5609 praevaricatio
2904 5535 3018 5589 sive
3040 5532 3409 5607 transgressio
3438 5532 3742 5602 Ιθεὶειεῒςυθ
