3884 6154
208 296 293 353 833
818 290 1200 348 EXPOSITIO
1238 291 1318 347 IN
1354 291 1509 347 EPP.
1552 291 1610 345 S.
1651 289 1891 345 PAULI.
1932 319 1999 334 -—
2037 290 2120 347 IN
2157 292 2380 349 EPIST.
2421 293 2517 348 AD
2555 293 2771 352 HEBR.
3325 302 3435 362 834

203 414 546 474 inobedientia
562 420 758 470 contra
775 414 935 471 illum
958 433 1277 472 sermonem
1298 396 1521 489 patrata
1548 416 1827 488 accepitA
1842 432 1974 471 vero
1999 416 2308 488 subiungit,
2342 418 2586 490 Spiritus
2614 421 2796 476 sancti
2823 422 3331 495 distributionibus,
3354 426 3436 483 af-

198 511 381 578 justam
424 503 806 559 retributionis
856 506 1192 572 mercedem,
1226 506 1502 576 judicium
1544 506 1757 561 scilicet
1837 506 2130 560 ﬂuentiam
2150 507 2956 582 signiﬁcatgratiarum,quam
2978 529 3090 567 non
3113 513 3436 572 habuerunt

197 602 391 652 aeterna
415 593 807 654 damnationis,
835 595 977 648 sicut
997 595 1108 649 illis
1124 596 1481 666 contigit,qui
1505 611 1755 649 murmu-
1836 601 2023 663 patres
2062 595 2283 649 Veteris
2311 596 2677 663 Testamenti,
2701 616 2824 669 qua
2844 601 2953 655 fuit
2981 602 3114 656 data
3134 609 3433 676 postquam

195 684 346 738 rando
390 681 704 736 obedientes
758 682 1110 737 exstiterunt.
1171 685 1492 738 Notandum
1559 691 1747 737 alitem
1830 682 2271 749 gloriﬁcatusest
2287 684 2557 738 Dominus
2579 686 2742 740 Jesus
2768 692 2914 742 teste
2943 690 3311 760 evangelista,
3338 691 3436 762 qui

193 773 306 843 quia
328 786 446 824 cum
464 786 678 824 merces
698 770 758 824 in
785 770 987 825 bonam
1007 779 1225 841 partem
1250 773 1492 826 maxime
1514 773 1749 843 accipia-
1831 770 1966 823 dicit
1988 788 1999 822 :
2035 773 2295 824 Nondum
2312 778 2430 825 erat
2445 773 2696 843 Spiritus
2710 776 3036 846 datus,quia
3055 781 3307 834 nondum
3318 782 3439 848 fue-

190 869 288 931 mr,
300 861 382 915 hic
407 876 504 931 pro
528 861 677 914 malo
698 860 884 931 posuit,
910 862 1213 931 Apostolus
1243 878 1397 916 more
1425 862 1609 925 solito,
1634 877 1746 916 non
1828 864 1917 911 rat
1933 861 2087 912 Jesus
2100 863 2441 927 glori/tomus
2461 864 2768 932 (Joan.vn).
2797 865 2924 920 Ista
2938 866 3434 923 suntdistributio-

189 965 363 1006 curans
381 949 446 1003 de
460 948 899 1020 proprietatibus
912 950 1336 1011 verborum,sed
1360 940 1746 1005 indifferenter
1827 963 1927 1000 nes
1943 964 2041 1000 seu
2062 946 2361 1002 divisiones
2376 966 2515 1020 quas
2526 952 2828 1021 Apostolus
2848 953 2960 1008 alio
2972 954 3033 1008 in
3054 954 3175 1010 loco
3185 972 3429 1013 comme-

188 1054 337 1093 unum
382 1052 479 1108 pro
506 1038 684 1092 altero
712 1054 948 1109 ponens,
1002 1039 1149 1093 sicut
1188 1039 1282 1093 hic
1320 1039 1635 1094 mercedem
1686 1039 1746 1095 in
1827 1035 2229 1098 morat,dicens
2259 1038 2407 1091 :Atii
2428 1040 2607 1092 datur
2616 1040 3007 1109 perSpiritum
3022 1048 3431 1116 sermosapien-

188 1128 332 1190 malo,
378 1131 431 1180 et
457 1125 590 1180 alibi
645 1126 1026 1198 captivitatem
1074 1127 1135 1181 in
1177 1127 1346 1193 bono,
1369 1127 1465 1182 ubi
1509 1127 1645 1181 dicit
1671 1129 1749 1194 (ll
1832 1125 1938 1187 tias,
1972 1126 2079 1177 alii
2106 1141 2282 1179 sermo
2301 1129 2538 1181 scientia?
2560 1128 2743 1195 (1001‘.
2766 1134 2881 1197 XII).
2913 1136 3044 1197 etc.,
3078 1149 3202 1203 qua
3235 1134 3295 1188 in
3335 1151 3427 1190 se-

1830 1211 2133 1281 quentibus
2156 1220 2471 1281 enumerat,
2489 1231 2669 1286 usque
2689 1216 2824 1271 dum
2843 1218 3152 1291 subjungit:
3174 1224 3295 1277 Haec
3314 1240 3429 1279 om-

1831 1303 1929 1354 nia
1950 1306 2213 1368 operatur
2227 1318 2376 1357 unus
2392 1308 2555 1371 atque
2586 1305 2732 1360 idem
2748 1305 3016 1374 Spiritus,
3044 1311 3293 1365 dividens
3311 1315 3427 1367 sin-

1824 1393 1973 1457 gulis
2003 1396 2171 1457 prout
2192 1395 2313 1444 vult
2332 1393 2542 1463 (Ibid);
2571 1393 2721 1447 unde
2750 1399 2808 1448 et
2837 1394 2927 1448 hic
2944 1396 3098 1464 dicit,
3120 1401 3424 1455 secundum

1825 1494 1988 1532 suam
2040 1482 2396 1533 voluntatem.
2445 1480 2657 1537 Divina
2715 1482 2867 1537 enim
2922 1485 3200 1540 voluntati
3255 1494 3426 1560 atque

1825 1566 2057 1622 consilio
2086 1573 2287 1621 cuncta
2307 1568 2528 1636 tribuit,
2551 1586 2621 1624 ne
2641 1570 2766 1641 quis
2784 1571 2845 1626 in
2874 1572 2990 1627 suis
3020 1572 3238 1629 meritis
3257 1576 3427 1631 conti-

188 1219 289 1273 σοι’.
304 1217 354 1285 x)
377 1232 388 1266 :
414 1215 481 1267 In
510 1218 904 1283 captivitatem,
926 1215 1163 1286 redigite
1185 1232 1402 1270 omnem
1428 1232 1656 1270 sensum
1676 1215 1748 1269 ad

186 1302 524 1358 obediendum
550 1304 791 1358 Christo.
810 1304 967 1358 Facit
985 1320 1119 1374 ergo
1134 1304 1437 1375 Apostolus
1459 1320 1747 1376 compara-

182 1393 362 1447 tionem
391 1407 425 1444 a
446 1407 706 1446 sermone
734 1391 872 1462 legis
895 1392 993 1462 qui
1030 1408 1131 1463 per
1148 1392 1411 1462 angelum
1440 1391 1642 1457 dictus,
1673 1392 1743 1446 ad

179 1483 392 1554 gratiam
419 1482 705 1553 Evangelii
758 1499 859 1553 per
886 1483 1091 1537 Filium
1135 1484 1348 1551 datam,
1381 1488 1438 1537 et
1461 1484 1598 1538 dicit
1631 1502 1642 1536 :
1686 1483 1746 1539 Si

180 1570 307 1626 enim
332 1587 514 1625 sermo
536 1571 675 1641 legis
706 1587 807 1642 per
835 1572 1098 1642 angelum
1126 1572 1328 1638 dictus,
1361 1589 1525 1626 verus
1563 1578 1648 1626 est
1684 1572 1743 1626 in

178 1660 408 1716 omnibus
431 1676 558 1731 qum
586 1660 847 1731 promisit
883 1660 1062 1727 bonis,
1094 1661 1180 1715 vel
1209 1677 1334 1732 quin
1371 1661 1619 1716 minatus
1656 1666 1743 1716 est
1823 1654 1997 1709 deret.
2022 1657 2149 1726 ipse
2178 1656 2421 1726 Spiritus
2453 1662 2678 1713 sanctus
2717 1660 2873 1714 novit
2897 1661 3034 1732 quid
3062 1662 3264 1736 cuique
3295 1680 3424 1735 pro-

176 1750 552 1820 malis,quanto
574 1750 755 1819 magis
771 1749 880 1804 erit
898 1750 1097 1804 ﬁrmus
1118 1766 1304 1804 sermo
1326 1750 1611 1821 Evangelii
1638 1750 1740 1804 da-
1760 1768 1804 1826 Β
1821 1743 1913 1808 Sit,
1946 1744 2030 1797 vel
2060 1744 2192 1814 quid
2220 1745 2423 1816 cuique
2452 1746 2526 1800 sit
2555 1748 2935 1804 commodum.

176 1846 255 1894 tus
267 1855 360 1910 per
377 1837 704 1892 Filium?Et
722 1838 770 1892 si
789 1838 871 1892 illi
883 1838 981 1909 qui
1002 1838 1388 1893 inobedientes
1403 1840 1740 1893 exstiterunt
1893 1833 2016 1887 Non
2044 1836 2193 1887 enim
2215 1838 2425 1901 angelis
2444 1837 2671 1903 subjecit
2698 1838 2841 1891 Deus
2869 1838 3053 1893 orbem
3081 1844 3241 1893 terra:
3263 1841 3421 1907 futu-

175 1927 704 1998 legi,damnationem
726 1928 923 1982 atemi
939 1927 1138 1997 judicii
1149 1944 1261 1982 non
1284 1934 1592 1999 potuerunt
1609 1944 1740 1982 eva-
1822 1922 2159 1988 rum.dequo
2181 1923 2572 1990 loquimur.Ad
2589 1940 2656 1977 ea
2677 1940 2800 1994 quae
2816 1925 3076 1996 superius
3088 1926 3228 1980 dixit
3240 1927 3420 1984 Deum

175 2017 306 2083 dere,
335 2017 600 2084 quomodo
618 2032 717 2069 nos
735 2018 1060 2083 effugiemus
1075 2017 1386 2070 vindictam
1410 2018 1523 2082 Dei,
1545 2020 1595 2070 si
1621 2022 1741 2072 tan-
1822 2009 2047 2063 Patrem
2075 2008 2280 2063 dixisse
2301 2010 2441 2064 Filio
2471 2029 2483 2061 :
2510 2012 2640 2067 Sede
2664 2029 2700 2066 a
2729 2014 2937 2067 dextris
2966 2016 3100 2068 meis
3123 2016 3291 2071 donec
3317 2032 3424 2086 ρο·-

1823 2114 1957 2151 nam
1989 2101 2243 2152 inimicos
2271 2104 2390 2154 tuos
2417 2101 2718 2155 seabetlum
2751 2102 2957 2170 pedum
2989 2106 3219 2158 tuorum
3249 2104 3416 2176 (Psal.

1824 2185 1952 2256 cxx),
1975 2186 2218 2256 pertinet
2245 2188 2349 2242 hoc
2378 2189 2526 2258 quod
2552 2189 2718 2243 modo
2764 2189 2916 2245 dicit.
2968 2191 3176 2247 Orbem
3226 2199 3419 2249 autem

1823 2276 2075 2330 futurum
2092 2277 2340 2347 appellat
2362 2277 2619 2332 homines
2629 2276 2949 2334 babitantes
2962 2280 3022 2336 in
3045 2281 3276 2346 orbe,de
3292 2282 3421 2354 qui-

1822 2364 1928 2418 bus
1956 2370 2092 2419 tunc
2115 2366 2385 2436 temporis
2405 2366 2658 2421 futurum
2680 2372 2805 2422 erat
2824 2372 2888 2423 ut
2911 2368 2973 2422 in
2992 2370 3283 2427 Christum
3302 2387 3420 2426 creo

1822 2453 2040 2520 derent,
2074 2455 2159 2508 vel
2190 2454 2259 2509 de
2284 2472 2521 2525 quorum
2543 2457 2727 2511 salute
2756 2457 3082 2528 pradictum
3112 2464 3199 2515 est
3225 2476 3261 2515 a
3285 2475 3420 2532 pro-

1823 2542 2007 2612 pbetis
2033 2543 2182 2612 quod
2210 2543 2405 2597 futura
2421 2550 2586 2598 esset.
2606 2545 2752 2609 Non,
2780 2544 2988 2616 inquit,
3019 2548 3238 2616 angelis
3281 2547 3418 2603 sub-

1817 2630 1955 2699 jecit
1975 2632 2121 2685 Deus
2138 2632 2306 2685 Pater
2323 2631 2514 2687 orbem
2539 2632 2884 2687 crediturum
2897 2633 2966 2688 de
2978 2650 3089 2705 quo
3110 2636 3414 2706 loquimur,

171 2722 503 2793 Evangelium
536 2728 728 2779 autem
758 2723 1040 2795 promittit
1074 2725 1298 2791 calum,
1340 2725 1531 2780 dicens
1563 2743 1574 2777 :
1628 2727 1740 2779 Ρω-
1823 2719 2058 2773 dicendo
2085 2736 2150 2773 ex
2180 2736 2419 2790 persona
2469 2720 2569 2775 Dei
2598 2721 2783 2775 Patris
2826 2722 2899 2775 ad
2927 2722 3152 2790 Filium,
3201 2740 3413 2793 ponam

172 2816 439 2867 nitentium
465 2816 637 2881 agite,
661 2815 1127 2882 appropinquabit
1156 2816 1308 2867 enim
1331 2830 1568 2882 regnum
1592 2818 1739 2869 calo-

1823 2808 2081 2861 inimicos
2112 2813 2231 2862 tuos
2258 2809 2559 2863 scabettum
2606 2810 2812 2877 pedum
2844 2814 3092 2875 tuorum,
3122 2811 3222 2866 sed
3273 2811 3415 2867 Filio

170 2915 281 2954 rum
302 2902 625 2971 (Manium).
650 2901 753 2955 Illa
768 2900 1070 2971 praestabat
1090 2900 1391 2955 vindictam
1411 2902 1481 2954 de
1500 2901 1741 2955 terrenis
1823 2912 1925 2950 suo
1947 2897 2179 2950 tradidit
2202 2897 2380 2962 illum,
2400 2897 2491 2950 cui
2513 2897 2632 2967 ipse
2660 2897 2798 2951 dicit
2827 2898 2887 2951 in
2914 2898 3132 2968 psalmo
3154 2912 3166 2947 :
3189 2901 3417 2956 Postula

170 2988 412 3053 hostibus,
432 2989 593 3045 istud
606 2994 838 3060 prastat
858 2989 927 3043 de
950 2988 1316 3060 spiritalibus;
1336 2989 1433 3043 illa
1446 2990 1740 3060 promitte-
1757 3040 1797 3060 η
1821 3002 1856 3039 a
1882 3002 1981 3047 me,
2015 2990 2065 3039 et
2092 2986 2230 3039 dabo
2261 2986 2361 3039 tibi
2377 2990 2559 3053 gentes
2581 2985 2954 3040 hareditatem
2976 2991 3132 3041 tuam
3148 2988 3414 3059 (PsatJI).

170 3076 250 3132 bat
266 3078 427 3133 vitam
448 3080 766 3148 longavam
791 3078 1159 3149 temporalem
1185 3096 1200 3134 :
1232 3079 1594 3148 Evangelium
1607 3072 1799 3133 σου-υ
1822 3073 1982 3127 Unde
2012 3077 2070 3127 et
2097 3072 2219 3143 ipse
2246 3072 2421 3127 Filius
2449 3074 2847 3144 congratulans
2878 3072 2983 3128 sibi
3002 3075 3276 3131 traditum
3321 3092 3418 3131 or-

169 3165 472 3221 ceditvitam
496 3167 626 3221 sine
645 3166 758 3221 ﬁne
777 3166 1550 3235 mansuram,Qua;,subaudis
1564 3168 1737 3232 salus,
1822 3161 1951 3216 bem
1978 3161 2344 3229 crediturum,
2378 3162 2516 3216 dicit
2546 3180 2557 3215 :
2583 3163 2693 3230 Ego
2710 3168 2900 3217 autem
2928 3167 3261 3219 constitutus
3288 3182 3417 3221 sum

166 3270 273 3308 eum
294 3259 579 3324 accepisset
611 3258 844 3309 initium
871 3259 1139 3310 enarrari
1174 3271 1277 3323 per
1321 3257 1640 3310 Dominum.
1673 3258 1742 3309 ab
1823 3269 1918 3307 rex
1942 3255 2012 3307 ab
2038 3271 2096 3308 eo
2129 3256 2232 3324 (Ps.
2267 3256 2346 3320 ιι),
2379 3254 2436 3308 id
2464 3260 2552 3309 est
2577 3270 2609 3308 a
2638 3255 2753 3309 Deo
2784 3255 2968 3309 Patre.

166 3345 230 3395 eis
251 3346 341 3412 qui
355 3346 688 3411 audierunt,
722 3347 785 3398 in
812 3346 965 3397 nobis
989 3346 1317 3411 conﬁrmata
1346 3350 1441 3398 est.
1464 3344 1626 3399 Salus
1655 3360 1740 3398 er-
1898 3344 2140 3396 Testatus
2178 3348 2253 3395 est
2280 3347 2467 3396 autem
2518 3346 2584 3396 in
2618 3345 2858 3412 quodam
2887 3347 2999 3399 loco
3027 3347 3153 3413 quis
3181 3347 3365 3401 dicens
3396 3364 3413 3399 :

155 3446 215 3499 go
240 3448 353 3502 qua
380 3432 438 3486 in
466 3432 779 3501 Evangelia
811 3432 1154 3498 continetur,
1190 3448 1224 3485 a
1252 3432 1491 3487 Domino
1525 3432 1739 3503 accepit
1820 3431 1965 3495 Quia
1989 3432 2219 3485 nomina
2242 3432 2641 3503 prophetarum
2670 3431 2867 3487 reticet
2902 3431 2962 3486 in
2993 3434 3100 3487 hac
3144 3434 3411 3506 Epistola,

154 3518 353 3575 initium
374 3520 973 3592 enarrandi,quiaipse
986 3521 1230 3591 primum
1245 3522 1735 3576 annuntiaviteam
1821 3538 2058 3592 quorum
2105 3521 2427 3575 testimonia
2472 3521 2648 3591 ponit,
2699 3537 2812 3575 non
2843 3538 3011 3576 causa
3041 3522 3282 3590 invidia,
3312 3529 3415 3580 aut

152 3622 239 3677 per
263 3610 521 3681 seipsum,
564 3609 756 3663 dicens
788 3627 799 3661 ε
833 3612 1217 3663 Pamitentiam
1243 3614 1408 3677 agite,
1441 3614 1736 3679 appropin-
1816 3609 2208 3663 abscondentis
2237 3611 2439 3664 all‘ectu
2468 3610 2574 3663 hoc
2601 3610 2741 3679 agit,
2765 3610 2863 3664 sed
2893 3610 3177 3665 narrantis
3196 3615 3324 3664 voto
3352 3614 3413 3664 et

154 3699 320 3763 quabit
355 3702 505 3754 enim
526 3713 769 3765 regnum
799 3701 1052 3752 ccelorum
1082 3714 1096 3759 ;
1128 3703 1208 3767 et,
1235 3699 1343 3765 Qui
1372 3700 1664 3752 crediderit
1682 3704 1734 3752 et
1816 3697 2162 3752 ostendentis
2184 3698 2412 3763 intuitu,
2445 3697 2710 3751 Hebraeos
2731 3698 2966 3751 multam
2996 3697 3203 3752 habere
3228 3698 3405 3752 scien-

156 3785 434 3853 baptizatus
447 3789 649 3857 fuerit,
673 3790 858 3841 salvus
876 3790 981 3839 erit
1004 3787 1199 3852 (Marc.
1225 3793 1354 3855 va).
1372 3786 1584 3840 Deinde
1601 3803 1729 3841 vero
1814 3785 1954 3839 tiam
1971 3785 2288 3840 divinarum
2309 3785 2955 3856 Scripturarum,quibus
2973 3785 3088 3841 ista
3101 3785 3400 3853 scribebat,

153 3876 457 3930 conﬁrmata
475 3881 588 3943 est,
619 3876 727 3930 hoc
745 3880 831 3929 est
857 3873 1073 3929 credita
1096 3879 1181 3929 est
1208 3873 1279 3928 ab
1306 3874 1387 3929 eis
1416 3875 1512 3945 qui
1540 3875 1730 3930 audie-
1812 3874 1871 3928 in
1890 3878 2114 3928 tantum
2142 3880 2207 3928 ut
2224 3890 2328 3928 nec
2347 3890 2487 3944 opus
2505 3873 2740 3929 haberet
2753 3890 2956 3929 nomen
2976 3891 3187 3945 ponere
3206 3875 3406 3930 dicen-

176 2111 271 2159 tam
297 2107 697 2173 neglexerimus
716 2107 974 2171 salutem,
1007 2105 1177 2159 ﬁdem
1208 2105 1422 2159 scilicet
1449 2104 1741 2176 Evangelii

173 2194 426 2264 vitamque
449 2198 722 2248 aternam
751 2198 869 2247 tam
894 2209 1178 2264 magnam,
1202 2198 1398 2263 utpote
1419 2210 1520 2264 per
1537 2193 1740 2251 Filium

173 2282 311 2336 nobis
335 2283 731 2337 annuntiatam
781 2287 950 2352 atque
998 2282 1383 2354 promissam?
1440 2281 1738 2347 Subaudis,

171 2371 304 2425 nullo
338 2372 521 2425 modo.
566 2372 670 2426 His
704 2371 888 2426 verbis
927 2371 1255 2425 manifestat
1289 2372 1591 2442 Apostolus
1628 2386 1741 2425 non

169 2459 317 2514 fuisse
359 2464 578 2514 tantam
608 2460 848 2514 salutem
876 2460 935 2513 in
965 2460 1109 2530 lege,
1127 2465 1337 2530 quanta
1368 2465 1453 2514 est
1474 2460 1534 2514 in
1566 2461 1742 2514 Evan-

173 2548 317 2617 gelio.
348 2548 457 2602 Lex
485 2547 641 2602 enim
657 2547 1022 2619 promittebat
1039 2554 1272 2612 terram,
1304 2548 1495 2602 dicens
1526 2566 1536 2601 :
1571 2549 1629 2603 Si
1644 2565 1741 2603 vo-

171 2636 361 2690 lueritis
404 2641 463 2690 et
489 2635 789 2690 audieritis
826 2652 940 2703 me,
978 2635 1127 2691 bona
1164 2643 1329 2691 terra
1383 2636 1690 2691 comedetis
1723 2652 1737 2691 :

155 3966 269 4015 runt
292 3978 432 4031 eam,
464 3964 538 4018 ab
592 3962 864 4033 apostolis
904 3961 1162 4017 videlicet
1190 3963 1287 4034 qui
1334 3979 1463 4017 cum
1489 3962 1728 4017 Domino

152 4047 374 4119 fuerunt,
406 4058 465 4107 et
491 4050 912 4107 successoribus
950 4067 1146 4105 eorum
1185 4069 1197 4105 :
1229 4051 1315 4105 vel
1339 4056 1491 4105 certe
1521 4052 1729 4105 confir-

155 4144 305 4206 mata,
333 4141 388 4195 id
417 4147 506 4196 est
533 4140 885 4196 consolidata
908 4144 996 4194 est
1024 4144 1083 4194 et
1110 4139 1356 4211 perfecta
1382 4140 1443 4194 in
1467 4139 1626 4195 nobis
1653 4139 1725 4195 ab

1809 3961 1902 4016 tis.
1934 3962 2053 4016 Hoc
2079 3979 2214 4033 ergo
2256 3962 2642 4017 testimonium
2695 3978 2762 4017 ex
2818 3963 3093 4018 Psalterio
3142 3963 3407 4019 Davidico

1809 4056 2119 4122 sumptum,
2149 4056 2236 4105 est
2263 4050 2506 4122 qualiter
2534 4050 2785 4121 loquitur
2811 4051 2882 4106 ad
2914 4052 3096 4106 Deum
3138 4052 3367 4106 Patrem
3394 4072 3409 4107 :

1810 4141 1953 4207 Quid
1979 4146 2056 4194 est
2086 4141 2244 4195 homo
2270 4146 2294 4193 ν
2322 4140 2631 4210 Suppresse
2657 4144 2716 4194 et
2734 4156 2860 4194 cum
2882 4140 3150 4211 despectu
3166 4156 3420 4211 pronun-

153 4226 222 4279 eis
249 4229 338 4299 qui
364 4230 434 4284 ab
460 4230 588 4301 ipso
618 4228 858 4283 Domino
887 4234 1258 4299 perceperunt
1278 4228 1563 4299 eam,quia
1576 4228 1730 4283 salus
1810 4227 2066 4283 tiandum
2085 4233 2173 4283 est
2199 4228 2371 4295 istud,
2390 4228 2525 4299 quid
2546 4232 2635 4282 est
2652 4228 2824 4283 homo
2845 4227 3158 4283 'Isubaudis
3177 4228 3417 4299 fragilis,

155 4329 259 4384 qua
281 4334 379 4388 per
406 4319 688 4390 Spiritum
709 4323 965 4372 sanctum
984 4316 1145 4371 nobis
1164 4317 1298 4372 data
1315 4322 1417 4381 est,
1436 4322 1731 4387 permanet
1812 4317 2086 4383 mortalis,
2109 4318 2355 4372 cuducus
2374 4322 2433 4372 et
2454 4333 2665 4388 sequax
2683 4317 2837 4383 Ada,
2870 4317 2968 4389 qui
2996 4316 3056 4371 in
3086 4316 3260 4372 veteri
3281 4333 3416 4389 pec-

154 4401 203 4456 in
226 4409 512 4462 atemum.
538 4408 725 4462 Causa
753 4405 1091 4460 humilitatis
1120 4421 1283 4460 suam
1321 4405 1510 4476 jungit
1545 4392 1796 4477 perso-D
1818 4412 1943 4462 cato
1965 4406 2226 4476 originali
2244 4407 2528 4478 pronitate
2553 4411 2640 4461 est
2657 4405 2927 4461 devictus.
2948 4407 3099 4474 Quod
3123 4422 3335 4462 memor
3362 4422 3416 4463 es

161 4507 276 4548 nam
306 4512 431 4551 cum
454 4497 559 4565 eis,
574 4496 766 4551 dicens
798 4513 810 4549 :
841 4495 907 4550 In
928 4494 1087 4550 nobis
1105 4494 1437 4550 conﬁrmata
1456 4499 1544 4549 est
1555 4494 1627 4549 ab
1656 4494 1738 4550 eis
1819 4500 1964 4566 ejus?
1979 4495 2247 4551 subaudis
2265 4496 2346 4549 ita
2355 4500 2420 4550 ut
2432 4495 2827 4551 misericordia
2841 4500 2954 4550 tua
2966 4495 3116 4549 dona
3133 4494 3414 4565 largiaris,

162 4582 243 4651 qui
260 4585 579 4640 audierunt.
614 4585 705 4639 Ad
734 4585 851 4639 hac
868 4589 1090 4656 poterat
1115 4583 1320 4655 aliquis
1345 4584 1529 4638 dicere
1553 4602 1564 4637 :
1593 4584 1739 4648 Quo.
1818 4590 1920 4640 tua
1944 4590 2032 4640 est
2056 4585 2261 4656 gratia,
2282 4601 2395 4639 non
2422 4584 2572 4639 illius
2596 4584 2880 4639 meritum.
2914 4583 3172 4638 Hominis
3200 4598 3420 4638 memor

161 4673 308 4727 modo
334 4676 668 4730 conﬁrmata
703 4679 789 4728 est
819 4672 889 4727 ab
921 4673 1046 4727 eis?
1086 4673 1190 4727 Cui
1230 4672 1325 4727 ille
1352 4691 1363 4723 :
1399 4673 1739 4728 Contestante
1820 4679 1908 4729 est
1930 4673 2453 4745 Dominus,quando
2469 4673 2521 4729 ei
2543 4678 2773 4745 peccata
2790 4671 3027 4726 dimittit
3041 4671 3293 4740 gratuita
3317 4669 3421 4724 mi-

163 4758 252 4813 Deo
278 4765 449 4831 signis
467 4756 524 4817 et
533 4764 808 4833 portentis
836 4763 1074 4815 etvariis
1088 4762 1408 4827 virtutibus,
1428 4766 1477 4815 et
1490 4760 1739 4829 Spiritus
1821 4762 2142 4829 sericordia,
2176 4769 2230 4817 et
2255 4762 2649 4817 misericordia
2678 4778 2792 4816 sua
2838 4760 2987 4813 dona
3021 4758 3282 4829 largitur.
3317 4759 3413 4814 Se-

162 4853 323 4904 sancti
345 4852 839 4906 distributionibus
865 4851 1167 4903 secundum
1195 4865 1357 4903 suam
1378 4853 1736 4904 voluntatem.
1823 4851 2035 4922 quitur,
2065 4854 2176 4906 Aut
2210 4853 2382 4905 Filius
2411 4852 2672 4914 hominis,
2690 4846 2957 4903 subaudis
2977 4845 3113 4917 quid
3140 4846 3265 4900 est?
3294 4846 3417 4902 Hoc

166 4933 486 4994 Conﬁrmata
519 4944 628 5005 est,
651 4938 856 5009 inquit,
887 4938 947 4992 in
975 4936 1155 5001 nobis,
1174 4938 1370 4993 eadem
1398 4938 1550 4992 salus
1569 4937 1640 4992 ab
1660 4937 1741 4993 eis
1824 4939 2051 5011 quidem
2064 4940 2320 4994 doctores
2338 4937 2676 4992 referuntad
2694 4936 3001 5000 Christum,
3030 4934 3127 5006 qui
3154 4934 3215 4989 in
3245 4935 3427 4991 Evan-

164 5025 249 5093 qui
265 5028 946 5095 audierunt,contestante
966 5027 1102 5092 Deo,
1119 5027 1177 5081 id
1201 5033 1289 5081 est
1306 5027 1475 5082 simul
1494 5028 1745 5083 testimo-
1822 5028 1970 5099 gelio
1996 5028 2301 5099 sapissime
2329 5027 2507 5082 ﬁlium
2537 5025 2798 5092 hominis,
2829 5024 2887 5078 id
2912 5028 3000 5078 est.
3017 5024 3198 5079 ﬁlium
3225 5022 3421 5080 Maria

165 5112 303 5168 nium
329 5116 665 5187 perhibente
690 5132 885 5171 eorum
914 5115 1182 5171 doctrina
1208 5133 1273 5171 ac
1308 5116 1691 5188 pradicationi
1724 5134 1737 5171 :
1824 5133 1885 5172 se
1910 5122 2084 5183 vocat,
2132 5133 2197 5171 ac
2247 5122 2543 5187 propterea
2576 5114 2679 5168 sub
2712 5113 3156 5183 interrogatione
3198 5128 3428 5168 sursum

166 5215 267 5256 non
291 5221 437 5269 voce,
469 5205 573 5260 sed
599 5205 826 5270 virtute,
850 5204 948 5258 sed
976 5203 1315 5259 exhibitione
1343 5204 1744 5260 miraculorum
1831 5204 2102 5275 erigenda
2130 5211 2216 5259 est
2249 5220 2364 5269 vox,
2384 5210 2440 5258 et
2460 5207 2547 5257 est
2566 5217 2766 5256 sensus
2791 5219 2803 5255 :
2838 5201 2985 5266 Quid
2999 5202 3315 5273 promeruit
3333 5201 3428 5257 ille

168 5296 219 5344 et
237 5294 500 5349 varietate
529 5295 875 5365 linguarum,
906 5293 1037 5364 quia
1068 5294 1115 5347 si
1136 5294 1359 5349 dicebat
1380 5294 1586 5365 aliquis
1608 5311 1745 5366 apo-
1826 5293 1996 5347 homo
2020 5292 2341 5363 assumptus
2360 5308 2395 5345 a
2412 5289 2685 5357 Verbo,ut
2699 5289 2873 5344 Filius
2894 5288 2996 5343 Dei
3014 5288 3221 5344 ﬁeret?
3242 5289 3427 5354 Quod-

167 5381 420 5436 stolorum
448 5388 677 5438 mortuo
704 5388 806 5437 aut
827 5383 1085 5441 inﬁrmo:
1119 5384 1317 5453 Surge,
1340 5388 1461 5437 esto
1479 5384 1634 5437 vivus
1654 5388 1754 5439 aut
1836 5398 1945 5453 que
1971 5381 2518 5452 sequitur,quoniam
2544 5381 2739 5433 visitas
2767 5395 2913 5446 eum,
2933 5379 3005 5433 ad
3028 5395 3207 5450 genus
3233 5378 3429 5433 huma-

170 5482 344 5536 sanus,
367 5471 565 5526 statim
601 5471 868 5543 surgebat
894 5470 1210 5526 incolumis.
1245 5470 1418 5541 Signa
1455 5478 1663 5536 autem,
1694 5478 1751 5526 et
1831 5488 1967 5525 num
1996 5469 2256 5535 refertur,
2275 5469 2345 5523 de
2363 5485 2473 5540 quo
2491 5468 2659 5540 paulo
2681 5466 2940 5540 superius
2961 5467 3067 5523 sub
3087 5466 3312 5522 nomine
3324 5466 3429 5520 ho-

170 5558 430 5630 prodigia,
463 5565 524 5616 et
543 5560 782 5617 virtutes
812 5576 914 5632 pro
941 5576 1056 5615 uno
1084 5560 1177 5617 hic
1203 5558 1746 5632 accipiuntur.Quod
1828 5559 1996 5616 minis
2036 5558 2249 5615 dictum
2278 5564 2383 5626 est,
2434 5558 2572 5630 quid
2607 5563 2694 5614 est
2717 5558 2924 5627 homo;
2956 5560 3014 5613 et
3053 5562 3141 5612 est
3183 5569 3380 5611 sensus
3413 5569 3426 5606 :
