3992 6166
563 258 672 325 835
982 253 1365 320 HAYMONIS
1401 256 1890 318 HALBERSTAT.
1932 254 2136 313 EPISC

2198 252 2359 314 OPP.
2399 252 2589 315 PARS
2623 259 2668 314 Ι.
2707 286 2777 305 -ο
2816 256 3182 319 ΟΟΜΚΕΝΤ.
3225 259 3394 316 BIBL.
3658 263 3747 327 836

565 392 845 461 Quoniam
873 391 1255 461 visitasgenus
1284 393 1596 446 humanum
1621 405 1720 460 per
1747 385 1951 442 Filium
1975 392 2160 449 tuum,
2179 387 2229 444 Α
2247 385 2462 449 adoret,
2498 392 2556 440 et
2585 387 2690 441 hoc
2706 391 2794 442 est
2817 386 2967 456 quod
2996 385 3115 456 ipse
3134 391 3255 456 post
3284 389 3758 459 resurrectioullglo-

567 488 625 539 et
633 485 905 555 perpetuo
927 480 1153 549 largiris
1170 480 1583 543 beneﬂcia,non
1599 484 1686 532 est
1706 477 1972 531 meritum
1992 474 2165 536 illius,
2252 475 2397 527 riam
2411 491 2691 545 apparens
2710 474 3000 544 discipulis
3014 474 3130 529 suis
3149 474 3281 529 dixit
3302 474 3379 531 eis
3401 492 3412 525 :
3434 478 3628 535 Dataest
3646 479 3758 532 mihi

570 573 670 629 sed
697 576 797 625 tua
821 569 1027 639 gratia,
1052 568 1288 639 ideoque
1306 567 1719 637 subsistit,quia
1750 571 1853 618 ate
1880 564 2159 618 visitatur.
2244 566 2428 615 omnis
2444 569 2680 630 potestas
2711 567 2773 616 in
2799 565 2923 618 creto
2942 569 2989 616 et
3015 565 3079 616 in
3101 567 3246 615 terra
3278 564 3479 627 (Matth.
3510 570 3685 625 xxvml.
3710 569 3759 625 In

568 658 829 715 Visitatio
858 658 928 711 ad
955 657 1231 711 medicum
1264 664 1321 711 et
1346 663 1615 727 aegrotum
1635 654 1898 726 pertinet.
1926 653 2070 706 Nam
2089 650 2164 703 vi-
2245 667 2305 704 eo
2324 654 2475 706 enim
2502 654 2646 719 quod
2670 654 2860 706 omnia
2877 654 2928 705 ei
2946 650 3762 720 subjecit,m'hitdimisitmmsub-

575 748 854 807 sitationis
885 745 1129 800 ofﬁcium
1159 746 1365 800 dicitur
1393 746 1642 800 medicus
1669 744 1918 812 implere,
1941 740 2164 810 quando
2237 743 2443 807 jectum
2461 743 2554 794 ei..
2580 740 2645 794 In
2675 755 2760 802 eo,
2790 739 2844 793 id
2860 739 3018 793 estin
3036 739 3137 799 hoc
3159 737 3306 793 dono
3320 738 3403 793 vel
3428 739 3705 809 tacto.un
3726 742 3763 794 ei

570 839 642 893 ad
669 838 959 892 infirmum
991 835 1310 905 quempiam
1354 834 1690 904 ingreditur.
1741 832 1807 884 Et
1852 846 2029 899 genus
2059 830 2165 882 hu-
2245 829 2437 883 omnia
2467 828 2720 898 subjecit.
2755 845 2857 882 nec
2888 828 3131 883 coelestia
3162 828 3372 883 videtur
3397 830 3662 900 excepisse,
3688 848 3762 886 nec

572 942 825 989 manum,
860 923 1007 994 quod
1052 922 1340 977 inﬁmum
1400 931 1457 977 et
1484 921 1812 992 languidum
1844 925 1983 981 erat,
2015 918 2167 971 Deus
2246 918 2560 982 terrestria,
2588 924 2654 973 ut
2690 918 2902 974 diceret
2931 923 3132 987 prater
3158 917 3456 987 angelicam
3485 924 3759 979 creaturam:

566 1017 737 1073 Pater
765 1023 901 1067 tunc
941 1011 1447 1083 visitavit,quando
1469 1012 1624 1065 misit
1644 1010 1844 1062 Filium
1877 1010 2165 1073 suum,qui
2246 1006 2345 1060 sed
2373 1007 2453 1060 ita
2472 1007 2761 1070 conclusit,
2805 1006 2996 1063 dicens
3030 1030 3042 1065 :
3072 1005 3274 1061 Omnia
3300 1005 3524 1075 subjecit
3547 1007 3607 1061 ei.
3632 1009 3759 1067 Nunc

578 1106 808 1162 Verbum
830 1120 957 1159 caro
972 1100 1185 1165 [actum
1206 1106 1285 1154 est
1301 1108 1347 1154 et
1363 1102 1631 1154 habitavit
1653 1101 1715 1151 in
1739 1099 1889 1151 nobis
1913 1098 2069 1153 (Joan
2096 1100 2157 1164 ι),
2245 1100 2433 1149 autem
2459 1097 2691 1151 modum
2717 1097 2893 1152 cidem
2904 1112 2969 1150 us
3001 1097 3192 1151 omnia
3215 1096 3447 1162 subjecta
3472 1099 3536 1155 ei.
3561 1095 3685 1158 Quid
3701 1103 3764 1155 est

570 1196 640 1251 de
673 1211 785 1266 qua
816 1193 1136 1248 visitatione
1159 1192 1295 1245 dicit
1316 1190 1485 1244 etiam
1509 1186 1802 1241 Zacharias
1829 1190 1987 1255 pater
2014 1183 2163 1237 beati
2246 1184 2398 1254 quod
2428 1184 2637 1238 Beatus
2662 1183 2966 1253 Apostolus
2987 1182 3254 1252 loquitur,
3271 1198 3397 1239 nam
3422 1198 3539 1239 cum
3564 1183 3760 1247 dixisset,

568 1283 799 1340 Joannis
820 1278 1387 1352 BaptistaaNisitavit
1407 1293 1508 1330 nos
1524 1276 1727 1330 Oriens
1741 1291 1805 1327 ex
1817 1274 1930 1326 alto
1951 1274 2159 1339 (Luci):
2245 1272 2436 1325 omnia
2466 1271 2721 1341 subjecta
2747 1288 2871 1325 esse
2909 1271 3151 1335 Christo,
3185 1271 3373 1331 statim
3403 1270 3681 1335 subintulit,
3705 1271 3763 1329 (li-

574 1372 803 1443 quidam
826 1371 1085 1423 doctores
1112 1369 1218 1420 hoc
1239 1366 1385 1436 quod
1401 1365 1560 1418 dicit:
1583 1365 1725 1430 Quid
1744 1368 1817 1415 est
1841 1363 1998 1415 homo
2018 1361 2162 1427 quod
2244 1377 2376 1415 cens
2406 1379 2417 1413 :
2443 1362 2605 1415 Nunc
2631 1366 2819 1418 autem
2840 1361 3081 1416 necdum
3105 1360 3356 1417 videmus
3373 1360 3549 1420 omnia
3568 1361 3765 1430 subjecta

569 1476 783 1516 memor
810 1477 862 1514 es
886 1463 1022 1528 ejus,
1046 1463 1147 1510 aut
1176 1458 1350 1510 Filius
1382 1455 1641 1516 hominis,
1674 1454 1940 1519 quoniam
1970 1453 2159 1503 visitas
2245 1449 2334 1502 ei?
2375 1449 2423 1502 si
2462 1448 2658 1505 omnia
2685 1454 2819 1507 sunt
2856 1448 2906 1503 ei
2937 1448 3212 1517 subjecta,
3244 1448 3509 1518 quomodo
3550 1465 3647 1509 non
3667 1454 3765 1505 sunt

569 1565 697 1604 eum
728 1554 751 1601 Ρ
778 1552 959 1602 totum
995 1546 1250 1601 referunt
1272 1544 1339 1597 ad
1369 1558 1549 1613 genus
1578 1542 1909 1603 humanum,
1942 1538 2045 1591 hoc
2075 1554 2161 1590 ve—
2243 1536 2956 1607 subjecta'tlntelligeudum
2972 1537 3315 1605 estergohoc
3328 1537 3765 1608 modoutsuperius

569 1654 637 1692 ro
652 1638 799 1709 quod
827 1636 1103 1707 sequitur,
1121 1633 1372 1687 referunt
1393 1630 1743 1685 concorditer
1761 1629 1830 1681 ad
1849 1627 2156 1681 Christum.
2180 1697 2225 1709 ﬁ
2243 1625 2340 1680 ubi
2371 1626 2513 1683 dixit
2532 1645 2544 1681 :
2563 1627 2717 1683 Nihil
2742 1626 2959 1683 dimisit
2986 1642 3099 1680 non
3118 1624 3427 1695 subjectum
3442 1626 3510 1691 ei,
3530 1632 3588 1685 ut
3608 1625 3765 1685 intelli-

639 1697 1042 1780 Iliinuistieum
1060 1697 1227 1792 paulo
1251 1725 1441 1774 minus
1466 1721 1533 1773 ab
1554 1717 1901 1785 anget-is.Per
1922 1720 2160 1769 mortem
2180 1697 2445 1784 Bgamus
2484 1715 2857 1773 universalem
2912 1713 3319 1785 subjectionem
3360 1721 3416 1769 et
3440 1714 3761 1779 voluntariam,

567 1813 817 1891 corporis
845 1818 902 1867 et
921 1810 1220 1884 opprobria
1242 1807 1539 1880 passionis,
1565 1806 1839 1861 minorem
1862 1803 1992 1856 fecit
2010 1803 2161 1856 Deus
2240 1803 2452 1858 scilicet
2476 1820 2577 1873 per
2595 1803 2786 1868 ﬁdem,
2811 1810 2869 1857 et
2887 1803 3400 1874 necessariamqua
3418 1803 3613 1874 cogitur
3627 1803 3766 1861 omnis

566 1890 738 1955 Pater
765 1900 970 1955 Filium
1002 1915 1166 1953 suum
1197 1897 1433 1968 angelis,
1450 1896 1547 1966 qui
1568 1892 1874 1948 secundum
1904 1890 2161 1945 divinita-
2240 1896 2499 1948 creatura
2519 1891 2772 1962 subjecta
2788 1908 2910 1949 esse
2930 1908 3034 1953 suo
3062 1892 3337 1949 Creatori.
3362 1893 3461 1949 Hic
3478 1909 3593 1951 vero
3612 1892 3691 1949 ubi
3709 1892 3768 1947 di-

564 1994 681 2044 tem
710 1988 942 2060 mqualis
972 1987 1022 2042 ei
1050 1992 1174 2041 erat
1201 1986 1261 2040 in
1287 1982 1695 2055 omnipotentis
1723 1981 1971 2043 deitatis,
2026 1979 2159 2049 quia
2244 1981 2392 2037 citur
2417 2000 2428 2035 :
2455 1980 2707 2037 Necdum
2731 1980 2985 2037 videmus
3012 1981 3203 2036 omnia
3225 1980 3472 2051 subjecta
3488 1981 3552 2046 ei,
3574 1985 3767 2043 tantum-

566 2078 751 2148 angeli
763 2078 1111 2131 immortales
1123 2072 1566 2145 etimpassibiles
1580 2069 2160 2125 existuntMinoratus
2241 2069 2407 2125 modo
2434 2069 2503 2125 de
2531 2070 2851 2127 voluntaria
2870 2068 3216 2139 subjectione
3247 2070 3491 2141 accipere
3515 2067 3765 2127 debemus:

567 2169 653 2219 est
672 2171 859 2219 autem
881 2181 994 2219 non
1020 2163 1371 2226 necessitate,
1395 2160 1493 2214 sed
1514 2168 1820 2229 spontanee
1850 2157 2157 2219 voluntate,
2244 2155 2339 2226 qui
2376 2172 2477 2225 per
2509 2155 2678 2210 ﬁdem
2707 2161 2930 2213 constat
2961 2172 3071 2227 quo
3102 2157 3158 2213 in
3189 2173 3324 2215 eum.
3354 2157 3564 2215 credere
3596 2156 3764 2213 nolunt.

566 2253 713 2308 sicut
735 2254 883 2309 idem
913 2253 1213 2324 Apostolus
1234 2250 1373 2303 alias
1403 2249 1483 2302 ait
1516 2267 1526 2300 :
1577 2249 1684 2314 Qui
1729 2261 1853 2299 cum
1882 2248 1945 2297 in
1976 2246 2162 2311 for-ma
2244 2244 2390 2307 Quia
2414 2244 2563 2299 enim
2586 2252 2721 2303 tunc
2745 2244 3017 2315 temporis
3046 2246 3272 2316 quando
3302 2245 3584 2317 Apostolus
3606 2244 3767 2300 istalo-

566 2342 667 2397 Dei
692 2348 841 2408 esset,
873 2358 986 2395 non
1011 2342 1277 2408 rapinam
1298 2339 1608 2390 arbitratus
1625 2340 1698 2387 est
1718 2349 1823 2386 esse
1838 2335 2161 2400 sezequatem
2244 2333 2538 2403 quebatur,
2583 2334 2869 2403 Evangelii
2890 2334 3129 2393 necdum
3178 2335 3495 2404 praedicatio
3521 2350 3609 2404 per
3632 2337 3769 2391 totum

565 2431 691 2492 Deo,
721 2433 812 2484 sed
836 2433 1185 2497 semetipsum
1207 2425 1541 2490 minantum
1569 2425 1813 2489 formam
1838 2424 1984 2474 servi
2008 2423 2157 2473 acci-
2244 2422 2517 2479 mundum
2547 2422 2836 2492 divulgata
2864 2428 3009 2489 erat,
3030 2423 3385 2494 uecdumque
3411 2439 3588 2479 omnes
3612 2420 3770 2492 prede-

560 2521 1045 2587 piens,factusque
1061 2522 1135 2572 est
1158 2519 1405 2571 obediens
1428 2517 1590 2568 Patri
1622 2529 1791 2581 usque
1818 2512 2159 2575 admortem,
2244 2510 2438 2565 stinati
2462 2510 2535 2565 ad
2563 2511 2734 2567 vitam
2777 2510 3101 2576 credebant,
3141 2518 3296 2569 recte
3342 2512 3476 2565 dixit
3516 2525 3528 2559 :
3575 2509 3767 2565 Necdum

565 2610 798 2660 mm'tem
816 2610 1002 2661 autem
1028 2608 1208 2660 crucis
1237 2605 1467 2673 (Philip.
1514 2615 1594 2673 ιι).
1626 2601 1703 2655 Ex
1732 2616 1797 2653 ea
1825 2599 1975 2652 enim
2005 2602 2163 2668 parte
2245 2605 2375 2655 sunt
2413 2600 2462 2655 ei
2506 2600 2697 2655 omnia
2725 2599 3000 2670 subjecta,
3048 2607 3105 2659 et
3144 2617 3260 2661 non
3314 2601 3489 2661 solum
3531 2606 3660 2666 tunc,
3699 2595 3769 2653 sed

567 2711 681 2766 qua
701 2695 844 2749 mori
865 2695 1050 2765 potuit
1071 2694 1306 2749 Creator
1334 2688 1877 2761 angelorum.minor
1891 2687 2070 2740 factus
2079 2691 2165 2739 est
2246 2688 2418 2745 etiam
2437 2689 2621 2744 adhuc
2651 2705 2847 2745 omnes
2872 2690 3259 2759 praedestinati
3286 2707 3398 2747 non
3417 2689 3642 2745 credunt.

579 2784 811 2855 angelis.
848 2783 1000 2837 Bene
1014 2787 1201 2836 autem
1216 2780 1356 2834 dixit
1376 2780 1543 2850 paulo
1560 2778 1747 2831 minus
1775 2783 1832 2831 et
1855 2776 1903 2829 si
1926 2774 2163 2828 mortale
2315 2777 2455 2831 Eum
2486 2782 2675 2830 autem
2704 2781 2803 2844 qui
2831 2779 3110 2831 modicum
3135 2795 3309 2845 quam
3323 2781 3503 2846 angeli
3522 2778 3769 2832 inmoratus

563 2888 767 2943 corpus
777 2870 1100 2940 assumpsit;
1111 2868 1518 2939 peccatitamen
1531 2866 1808 2920 maculam
1821 2879 1931 2917 non
1947 2860 2160 2926 habuit,
2244 2866 2591 2927 est,videmus
2602 2868 2787 2919 Jesum
2806 2871 3030 2934 propter
3043 2869 3361 2934 passionem
3380 2869 3562 2921 mortis
3577 2867 3723 2933 gloria
3735 2866 3770 2914 ct

564 2963 747 3029 gloria
775 2964 826 3013 et
842 2961 1045 3012 honore
1063 2960 1342 3012 coronasti
1354 2972 1475 3009 eum
1488 2954 1807 3010 .Psalmista
1822 2951 2072 3022 loquitur
2089 2949 2160 3003 ad
2180 3006 2220 3029 Π
2246 2953 2448 3007 honore
2459 2958 2807 3009 coronatum.
2832 2954 2935 3011 Hic
2956 2960 3150 3023 aperte
3171 2955 3623 3024 manifestatquia
3634 2949 3769 3022 gloria

564 3006 745 3103 UDeum
763 3049 989 3101 Patrem
1011 3047 1080 3100 de
1094 3046 1415 3100 humilitate
1436 3051 1493 3097 et
1513 3042 1851 3097 exultatione
1889 3006 2013 3095 ίτῆὶί
2032 3038 2153 3101 Dei,
2178 3006 2221 3065 Ο
2242 3046 2293 3095 et
2309 3006 2487 3099 honor
2499 3006 2985 3112 Christiejasv

566 3136 777 3192 dicens:
794 3138 1072 3199 Minuisti,
1092 3134 1509 3203 inquit,Fitium
1523 3138 1684 3185 tuum
1694 3132 1867 3198 paulo
1880 3132 2070 3182 minus
2091 3129 2159 3180 ab
2240 3136 2397 3185 ratus
2416 3135 2503 3185 est
2523 3130 2594 3185 ab
2614 3131 2830 3199 angelis
2850 3132 3140 3189 moriendo
3156 3149 3261 3203 pro
3273 3126 3769 3189 nostrasalute.Unde

569 3225 803 3289 angelis,
851 3222 984 3275 dum
1032 3236 1161 3273 eum
1192 3219 1484 3272 mortalem
1515 3216 1739 3283 creasti,
1770 3217 1869 3270 sed
1904 3216 2037 3285 quia
2065 3213 2157 3269 ille
2239 3225 2296 3271 et
2314 3219 2614 3288 Apostolus
2644 3219 2779 3273 alibi
2821 3236 2948 3274 cum
2978 3220 3233 3287 dixisset,
3265 3224 3444 3288 factus
3470 3221 3680 3274 obediens
3703 3222 3769 3269 est

568 3310 833 3364 obediens
848 3308 949 3363 tibi
961 3307 1174 3361 exstitit
1192 3322 1369 3376 usque
1389 3306 1459 3358 ad
1483 3311 1739 3361 mortem.
1772 3304 1951 3373 gloria
1982 3308 2039 3355 et
2064 3303 2158 3354 hO-
2237 3307 2390 3360 Patri
2414 3324 2578 3374 usque
2605 3309 2678 3361 ad
2702 3314 2948 3367 mortem,
2975 3315 3206 3363 mortem
3226 3316 3413 3364 autem
3437 3304 3764 3372 crueis,statim

569 3414 706 3453 nore
727 3397 1006 3452 coronasti
1025 3395 1316 3450 eum.Tale
1330 3401 1415 3448 est
1436 3394 1572 3446 illud
1595 3392 1741 3462 quod
1767 3398 1807 3445 A
1818 3391 2157 3461 postolusdi-
2238 3395 2568 3450 subsecutus
2591 3402 2692 3460 est,
2719 3395 2912 3450 dicens
2942 3415 2953 3453 ς
2983 3399 3210 3464 Propter
3235 3400 3383 3465 quod
3400 3403 3447 3455 et
3470 3399 3595 3454 Deus
3612 3395 3768 3449 θεαιω.

563 3486 708 3542 citin
727 3487 839 3540 alio
854 3485 1397 3553 locozPropterquod
1415 3488 1462 3535 et
1482 3484 1622 3535 Deus
1637 3483 1895 3534 emanavit
1918 3482 2157 3540 zllum,et
2237 3486 2314 3537 rit
2346 3487 2541 3545 illum,
2575 3490 2623 3539 et
2672 3485 2818 3539 dedit
2862 3488 2953 3538 illi
2985 3501 3177 3539 nomen
3212 3488 3360 3555 quod
3387 3492 3459 3541 est
3482 3500 3627 3553 super
3650 3495 3768 3535 omne

560 3578 789 3631 donavit
817 3577 907 3629 illi
940 3574 1302 3642 nomenquod
1317 3578 1398 3628 est
1417 3584 1581 3638 super
1608 3585 1764 3623 omne
1792 3574 2079 3625 nomen.ut
2092 3572 2155 3623 in
2238 3588 2451 3625 nomen.
2478 3577 2583 3629 etc.
2601 3572 2690 3627 Sic
2706 3573 2875 3626 etiam
2903 3573 3022 3641 ipse
3042 3572 3321 3628 Dominus
3340 3571 3647 3645 provocabat
3669 3583 3769 3639 apo-

563 3669 789 3720 nomine
816 3667 942 3719 Jesu
974 3679 1131 3717 omne
1159 3678 1303 3728 genu
1333 3663 1607 3729 ﬂectatur,
1628 3658 1944 3717 caelestium,
1981 3662 2153 3711 terre-
2236 3661 2409 3714 stolos
2439 3660 2632 3715 dicens
2663 3678 2673 3713 :
2705 3667 2769 3714 ut
2785 3660 3132 3731 gloriﬁcetur
3160 3662 3341 3718 Filius
3358 3662 3603 3719 hominis.
3623 3657 3710 3714 Sed
3731 3654 3766 3707 si

558 3755 785 3818 striam,
810 3758 859 3805 et
887 3754 1247 3818 infernarum
1274 3749 1466 3817 (lbid.)
1495 3746 1686 3801 Gloria
1712 3761 1845 3815 ergo
1867 3745 2153 3801 coronavit
2235 3748 2328 3803 ille
2358 3749 2455 3819 qui
2485 3749 2756 3807 Dominus
2783 3755 2872 3805 est
2897 3766 2963 3806 ea
3007 3767 3130 3821 quae
3159 3768 3263 3821 pro
3302 3751 3473 3807 servis
3517 3763 3683 3821 passus
3706 3748 3768 3799 est

558 3840 736 3893 lilium
755 3840 903 3894 Deus
924 3840 1093 3897 Pater
1110 3839 1171 3892 in
1189 3837 1622 3899 resurrectione.
1644 3836 1857 3889 honore
1876 3838 2066 3891 autem
2092 3833 2151 3889 in
2231 3836 2471 3905 gloriam
2499 3845 2678 3902 vocat,
2708 3839 2886 3893 multo
2916 3839 3094 3909 magis
3122 3844 3187 3893 tu
3216 3840 3390 3899 homo
3418 3856 3535 3911 qua:
3569 3853 3653 3908 pro
3693 3833 3768 3887 Do-

561 3927 889 3983 ascensione
904 3928 1129 3999 quando
1160 3926 1595 3997 quadragesimo
1614 3923 1704 3978 die
1725 3921 2151 3979 resurrectionis
2233 3925 2388 3980 mino
2413 3926 2750 3997 pateris,tibi
2773 3927 2845 3983 ad
2863 3928 3105 3997 gloriam
3125 3928 3525 3999 sempiternam
3543 3924 3765 3997 perticam

561 4033 679 4072 suae
704 4016 969 4072 exaltavit
987 4017 1149 4070 illum
1166 4031 1337 4086 super
1352 4030 1576 4068 omnem
1591 4017 1930 4069 creaturam.
1947 4011 2141 4068 Aliter:
2233 4030 2345 4073 non
2373 4014 2636 4073 dubitare
2655 4015 2847 4073 debes.
2870 4016 3034 4081 Eum,
3053 4016 3456 4087 inquigjesum
3477 4008 3691 4070 videmus
3704 4024 3771 4064 oo-

557 4105 751 4163 Gloria
777 4110 1078 4164 comnotus
1093 4109 1181 4158 est
1206 4103 1264 4156 in
1292 4101 1655 4156 multitudine
1682 4099 2052 4157 credentium,
2077 4099 2152 4152 vi-
2235 4109 2495 4159 renatum
2518 4120 2631 4159 non
2647 4105 2821 4163 oculis
2832 4105 3135 4175 corporeis,
3155 4106 3258 4165 sed
3276 4106 3452 4163 oculis
3466 4099 3768 4159 mentisdnm

557 4190 762 4249 delicat
787 4211 915 4247 cum
940 4196 1067 4263 post
1089 4190 1516 4246 resurrectionis
1553 4188 1925 4259 triumphum,
1958 4187 2153 4245 credu-
2234 4192 2823 4263 sedetiupleuitudine
2837 4199 3089 4269 paternae
3108 4195 3511 4264 majestatis,ut
3530 4193 3688 4261 gratia
3700 4186 3771 4242 Dei

555 4280 775 4336 litatem
802 4281 977 4334 totius
1006 4279 1203 4339 mundi
1230 4278 1289 4332 in
1318 4279 1424 4337 hoc
1450 4278 1599 4348 quod
1620 4278 1790 4334 homo
1812 4283 1899 4335 est
1917 4276 2148 4347 accepit,
2228 4296 2335 4348 pro
2356 4284 2612 4337 omnibus
2640 4287 2885 4350 gustaret
2908 4290 3159 4338 mortem.
3184 4284 3385 4343 Gratia
3407 4283 3505 4339 Dei
3524 4278 3679 4339 Patris
3701 4290 3771 4343 8t)-

556 4368 773 4422 honore
811 4379 1004 4423 autem
1052 4368 1111 4421 in
1140 4366 1487 4421 confessione
1524 4372 1774 4436 paternae
1814 4365 2149 4436 majestatis,
2169 4357 2478 4439 Dpellatur
2489 4368 2686 4435 Filius,
2712 4371 2944 4441 ecquod
2972 4370 3136 4425 nobis
3163 4388 3198 4424 a
3227 4372 3347 4427 Deo
3376 4372 3538 4431 Patre
3559 4365 3707 4439 gratis
3720 4360 3772 4417 sit

559 4454 669 4511 hoc
696 4461 783 4510 est
812 4455 873 4510 in
893 4472 959 4509 eo
988 4455 1137 4526 quod
1166 4455 1227 4508 in
1268 4454 1617 4526 plenitudine
1663 4460 1914 4526 paterna
1959 4453 2152 4523 gloriae
2234 4456 2423 4523 datus,
2452 4462 2511 4511 et
2547 4458 2697 4528 quod
2737 4458 2917 4528 gratis
2946 4476 3047 4530 pro
3078 4459 3238 4517 nobis
3270 4466 3511 4519 mortem
3539 4451 3769 4513 sustinuit-

557 4544 795 4612 habitat;
815 4550 864 4599 et
884 4546 1223 4599 constituisti
1237 4560 1363 4597 eum
1378 4560 1543 4612 super
1557 4560 1721 4612 opera
1734 4558 2011 4601 manuum
2026 4547 2151 4599 ινα-
2233 4544 2362 4605 Non
2385 4545 2537 4605 enim
2565 4545 2876 4605 debebatur
2904 4547 3061 4603 nobis
3090 4554 3285 4609 nostro
3314 4550 3533 4613 merito,
3561 4550 3620 4601 ut
3640 4539 3772 4603 Filius

555 4648 708 4688 mm.
726 4634 833 4688 Per
859 4634 965 4693 hoc
992 4633 1142 4704 quod
1171 4633 1339 4687 homo
1359 4632 1538 4688 factus
1558 4632 2007 4699 est,constitutus
2020 4636 2100 4685 est
2117 4646 2151 4683 a
2233 4634 2335 4689 Dei
2354 4651 2455 4704 pro
2492 4634 2653 4691 nobis
2674 4641 2932 4705 gustaret
2960 4642 3224 4702 mortem,
3252 4638 3355 4697 sed
3382 4633 3661 4697 iuetl‘abilis
3679 4642 3772 4700 gra-

554 4722 674 4777 Deo
697 4723 867 4781 Patre
885 4738 1057 4793 super
1074 4737 1244 4793 opera
1258 4721 1527 4791 jussionis
1545 4722 1691 4791 ejus,
1712 4736 1885 4790 supra
1903 4718 2151 4777 cmlestia
2232 4722 2314 4781 tia
2340 4724 2447 4781 hoc
2472 4724 2623 4781 fecit.
2662 4724 2824 4789 Quod
2853 4731 3046 4785 autem
3075 4726 3211 4782 dicit
3240 4743 3347 4798 pro
3383 4724 3627 4785 omnibus
3652 4719 3773 4777 ωυω

551 4811 828 4879 videlicet,
841 4812 1153 4877 tenestria,
1177 4809 1662 4879 etinfemalia,qui
1679 4808 1987 4867 secundum
2007 4808 2150 4863 divi-
2233 4816 2493 4880 gustasse
2515 4817 2776 4877 mortem,
2803 4813 3032 4883 quidam
3076 4814 3337 4871 doctores
3362 4815 3443 4870 ita
3469 4810 3694 4870 absolute
3712 4805 3773 4859 in-

552 4900 752 4954 uitatis
770 4899 1101 4970 potentiam,
1122 4898 1266 4952 sicut
1285 4914 1416 4952 cum
1442 4896 1558 4952 Deo
1582 4896 1755 4953 Patre
1782 4896 1973 4955 omnia
2002 4912 2151 4953 crea-
2232 4901 2499 4971 telligunt
2516 4907 2581 4959 ut
2599 4902 2821 4959 dicatur
2838 4920 2939 4974 pro
2959 4904 3221 4965 omnibus
3232 4921 3336 4975 pro
3345 4904 3542 4976 quibus
3557 4893 3770 4971 gustat“.

552 4992 729 5055 verat,
758 4988 836 5041 ita
856 5004 985 5042 cum
1012 4988 1102 5041 ills
1129 4986 1319 5041 omnia
1346 4984 1688 5056 possidebat.
1711 4984 1957 5043 Dicenda
1978 4984 2146 5049 enim,
2233 4988 2290 5043 id
2304 4995 2391 5047 est
2410 5006 2512 5059 pro
2534 4990 2726 5048 electis
2748 4990 2819 5049 ad
2842 4990 3016 5049 vitam
3033 4998 3301 5051 aeternam
3317 4983 3771 5066 praedestinatiikAt

556 5075 905 5129 Constituisto'
921 5092 1047 5129 eum
1068 5091 1232 5144 super
1259 5090 1422 5143 opera
1444 5089 1721 5129 oianuum
1754 5079 2004 5139 tuarum,
2035 5090 2151 5131 om-
2232 5093 2363 5131 vero
2416 5077 2645 5147 quidam
2692 5078 2773 5135 ita
2822 5080 3164 5148 generaliter
3187 5082 3487 5152 accipiunt,
3517 5083 3576 5135 ut
3600 5075 3771 5133 dicam!

550 5162 643 5216 nis
670 5168 925 5220 creatura
939 5169 1291 5218 monstratur
1315 5162 1571 5231 subjecta
1599 5178 1719 5218 esse
1733 5161 1976 5232 illi,quia
2004 5162 2149 5216 sicut
2233 5183 2334 5236 pro
2362 5166 2624 5225 omnibus
2678 5167 2937 5225 ﬁdelibus
2991 5174 3162 5239 atque
3208 5169 3526 5229 inﬁdelibus
3573 5168 3767 5225 mortem

550 5254 831 5322 potestate
874 5250 1045 5305 Verbi
1082 5252 1273 5306 omnia
1300 5257 1488 5305 creata
1516 5257 1671 5316 sunt,
1727 5250 1809 5309 ita
1856 5250 1951 5305 ille
1979 5251 2146 5307 homo
2226 5260 2509 5327 gustasse,
2530 5255 2809 5313 dicentes:
2844 5257 2970 5327 Ipse
2999 5258 3224 5328 quidem
3258 5274 3363 5330 pro
3391 5255 3636 5313 omnibus
3658 5260 3769 5304 mor-

550 5345 876 5412 assumptus
905 5356 940 5394 a
963 5340 1145 5395 Verbo
1174 5356 1302 5394 cum
1333 5339 1514 5394 Verbo
1553 5339 1801 5409 possidet
1824 5344 2044 5394 cuncta.
2228 5347 2360 5402 tuus
2391 5348 2499 5408 est,
2519 5343 2650 5401 licet
2679 5360 2874 5401 omnes
2910 5361 3021 5403 non
3052 5345 3432 5403 salventur.Et
3447 5344 3769 5400 siomnesnon

621 5430 827 5485 Omnia
852 5431 1132 5515 subjecisti
1160 5430 1261 5482 sub
1301 5429 1526 5496 pedibus
1583 5432 1724 5497 ejus,
1766 5428 1824 5488 id
1870 5434 1957 5487 est
1985 5433 2145 5487 mter-
2226 5430 2482 5498 credunt,
2519 5431 2615 5489 ille
2631 5436 2823 5491 tamen
2852 5434 3009 5503 quod
3025 5451 3189 5495 suum
3209 5439 3329 5495 erat
3354 5429 3655 5493 feciLUnde

547 5518 719 5575 litati
747 5510 911 5573 illius
925 5522 989 5575 et
1030 5516 1317 5589 potestati,
1354 5521 1425 5573 ut
1460 5516 1644 5577 omnis
1680 5522 1942 5578 creatura
1977 5517 2142 5579 illum
2224 5525 2322 5582 tus
2364 5520 2607 5592 Ρτθερα
2635 5519 2781 5583 hanc
2812 5522 2974 5594 Ponit
3006 5522 3441 5587 similitudinem
3467 5538 3481 5574 :
3524 5519 3618 5581 Est
3637 5509 3768 5587 θυίιί·
