3992 6166
244 280 351 345 837

243 504 575 572 populosam
597 504 691 557 ubi
715 505 879 557 multi
899 504 1109 557 inﬁrmi
1132 504 1426 569 habentur,
1449 512 1722 578 temperat
1749 523 1848 577 p0-

241 591 457 644 tionem
485 597 679 645 contra
705 592 898 644 omnia
927 608 1136 660 genera
1176 593 1595 657 inﬁrmitatum,
1639 601 1695 648 et
1724 611 1852 647 con-

244 683 406 732 vocat
443 695 656 743 omnes,
717 679 904 732 dicens
942 696 953 730 :
996 679 1215 737 Venite.
1257 697 1451 733 omnes
1511 682 1698 751 populi
1756 683 1850 752 qui

242 766 410 820 variis
441 767 868 821 inﬁrmitatibus
895 766 1187 832 laboratis,
1223 774 1278 820 et
1321 767 1492 822 bibite
1523 787 1586 823 ex
1616 771 1721 823 hac
1750 788 1850 840 po-

242 854 418 920 tione,
435 872 604 925 quam
621 872 790 910 causa
799 856 997 909 salutis
1013 862 1206 910 vestra!
1223 874 1470 927 praipara
1479 859 1528 910 vl
1559 871 1569 904 :
1605 860 1851 928 spondeo

247 943 406 996 vobis
433 960 563 997 cum
593 944 986 1005 obtestatione,
1019 945 1166 1014 quod
1206 945 1253 997 si
1293 946 1417 1015 quis
1448 945 1652 999 biberit
1680 964 1743 1000 ex
1782 964 1850 1000 ea

242 1033 524 1086 medelam
570 1033 761 1088 statim
808 1040 1202 1103 consequetur.
1244 1034 1350 1097 Qui
1393 1035 1627 1088 credunt
1664 1036 1846 1089 verbis

241 1121 418 1186 illius,
437 1121 938 1188 accedunt-,bibunt
958 1128 1016 1176 et
1034 1128 1334 1176 sanantur:
1354 1123 1447 1193 qui
1462 1140 1592 1176 vero
1604 1127 1848 1178 renuunt

241 1208 457 1275 bibere,
475 1227 586 1263 non
609 1216 900 1276 sanantur,
916 1211 1016 1266 sed
1034 1210 1088 1264 in
1115 1227 1216 1264 sua
1237 1211 1564 1265 inﬁrmitate
1583 1213 1844 1266 contabe-

241 1305 426 1352 scunt.
447 1298 732 1362 Quantum
755 1316 888 1368 ergo
905 1301 973 1352 ad
994 1300 1193 1353 medici
1216 1300 1562 1354 devotionem
1581 1303 1843 1371 pertinet,

238 1403 343 1458 pro
358 1389 613 1441 omnium
629 1388 856 1441 illorum
873 1389 1053 1462 salute
1067 1389 1345 1458 potionem
1361 1390 1849 1459 temperavit,licet

238 1475 367 1529 aliis
395 1492 508 1529 non
537 1477 732 1547 prosit,
765 1477 876 1530 nisi
907 1477 994 1530 his
1025 1477 1121 1546 qui
1169 1494 1232 1530 ex
1276 1494 1342 1530 ea
1372 1477 1652 1532 biberunt.
1686 1479 1760 1532 ita
1793 1485 1848 1532 et

242 1564 522 1628 Christus,
548 1570 823 1635 quantum
856 1566 915 1618 in
939 1582 999 1618 se
1023 1566 1151 1626 fuit,
1184 1583 1282 1635 pro
1309 1566 1567 1620 omnibus
1590 1575 1845 1620 mortuus

239 1658 346 1715 est.
393 1670 717 1723 quanquam
755 1670 871 1708 non
900 1654 1076 1724 prosit
1114 1655 1236 1723 ejus
1281 1655 1466 1724 passio
1495 1655 1602 1708 nisi
1634 1657 1843 1709 solum-

900 285 1280 345 RXPOSITIO
1324 292 1401 346 IN
1443 285 1594 348 EPP.
1641 293 1702 349 S.
1741 287 1976 346 PAULI.
2015 319 2077 334 --
2118 285 2196 345 iN
2235 285 2459 347 EPIST.
2499 285 2600 347 AD
2637 283 2849 348 HEBR.

244 413 338 467 bet
359 416 703 469 medicorum
726 416 1102 486 peritissimus
1118 417 1212 486 qui
1235 418 1465 472 veniens
1486 418 1542 471 in
1565 419 1847 472 clvitatem
1869 418 1912 476 A
1933 417 2020 470 dis
2041 417 2174 486 quia
2199 423 2255 470 et
2274 419 2393 488 ipse
2417 424 2471 472 et
2493 435 2594 472 nos
2615 435 2680 471 ex
2697 434 2809 470 uno
2831 417 2947 471 Deo
2971 417 3142 470 Patre
3168 434 3382 484 sumus,
3406 420 3537 473 licet
3604 484 3616 490 _

3429 285 3532 353 838

1932 504 2188 564 discrete.
2239 523 2350 559 non
2397 509 2766 573 confunditur
2812 508 3020 573 fratres
3064 523 3255 566 vocare
3292 524 3394 568 eos,
3437 509 3535 578 qui

1933 600 2065 646 sunt
2105 594 2204 647 ﬁlii
2244 596 2712 664 adOptivi,dioens
2745 614 2760 648 :
2801 596 3083 650 Nuntiabo
3133 611 3332 650 nomen
3373 601 3535 650 tuum

1932 684 2206 750 fratribus
2228 687 2379 737 meis.
2415 685 2554 737 Cum
2585 683 2739 748 dicit,
2766 700 2878 738 non
2905 684 3186 737 erubescit
3209 685 3415 738 fratres
3439 701 3534 738 eos

1933 786 2148 832 vocare,
2176 772 2423 825 ostendit
2452 789 2556 825 nos
2578 788 2699 825 esse
2727 773 2982 824 eamdem
3008 771 3416 827 fraternitatem
3439 789 3535 827 no-

1935 865 2065 912 strae
2093 860 2452 922 humilitatis,
2496 861 2593 913 sed
2631 860 2689 913 in
2711 861 3092 914 misericordia
3111 862 3234 930 ejus
3255 862 3451 925 multa,
3480 867 3538 916 et

1930 948 2249 1001 humilitate
2274 948 2518 1001 maxima
2548 949 2645 1018 qui
2676 965 2778 1002 nos
2810 950 3011 1002 fratres
3041 949 3214 1018 elegit
3241 950 3347 1003 sibi
3380 968 3391 1002 :
3429 951 3533 1010 hoc

1933 1052 2152 1106 quoque
2176 1037 2501 1106 prophetico
2523 1036 2770 1090 afﬁrmat
2798 1037 3128 1097 testimonio
3147 1053 3218 1091 ne
3248 1039 3406 1108 quasi
3437 1055 3538 1094 no-

1932 1141 2058 1177 vum
2091 1131 2403 1194 putaretur,
2436 1131 2493 1178 et
2534 1141 2644 1178 non
2677 1126 2852 1178 multo
2883 1132 3015 1179 ante
3046 1126 3395 1196 praedictum.
3430 1129 3532 1182 Ait

1929 1213 2078 1265 enim
2111 1232 2122 1265 :
2155 1215 2436 1266 Nuntiabo
2468 1230 2666 1266 nomen
2699 1220 2860 1266 tuum
2909 1216 3184 1279 fratribus
3211 1219 3364 1276 meis.
3398 1217 3532 1270 Post

1931 1317 2145 1356 sacram
2177 1302 2494 1370 passionem
2526 1308 2582 1355 et
2623 1302 2997 1354 venerandam
3039 1303 3526 1370 resurrectionem,

1931 1390 2209 1459 promittit
2241 1407 2299 1443 se
2329 1390 2567 1459 gloriam
2595 1389 2903 1446 divinitatis
2937 1395 3203 1458 paternas,
3239 1396 3297 1443 et
3323 1407 3531 1448 nomen

1931 1479 2052 1546 ejus
2084 1494 2192 1548 quo
2237 1484 2399 1548 pater
2443 1479 2734 1531 dicebatur
2764 1483 2880 1530 toto
2912 1476 3046 1530 orbe
3087 1477 3527 1547 divulgaturum.

1925 1567 2216 1622 Nuntiabo
2240 1566 2392 1628 dicit,
2421 1567 2477 1620 id
2508 1572 2595 1620 est
2624 1567 2842 1620 narrari
2875 1566 3077 1618 faciam
3100 1582 3135 1618 a
3159 1567 3534 1635 prmdicatori-

1927 1654 2029 1708 bus
2060 1656 2198 1708 meis
2228 1656 2363 1708 mihi
2392 1673 2426 1708 a
2455 1661 2510 1708 te
2540 1655 2704 1708 datis.
2733 1655 2878 1708 Nam
2908 1669 3212 1723 resurgens
3237 1671 3272 1707 a
3296 1656 3535 1710 mortuis

239 1742 410 1796 modo
429 1742 516 1796 his
535 1743 631 1812 qui
645 1743 705 1797 in
720 1759 848 1797 eum
870 1742 1095 1797 credere
1106 1743 1422 1797 voluerunt.
1442 1744 1732 1814 Simulque
1750 1761 1844 1797 no-
1861 1725 1905 1783 Β
1925 1744 2060 1797 dicit
2081 1743 2408 1797 mulieribus
2434 1762 2444 1796 :
2473 1747 2547 1797 Ite
2568 1747 2827 1796 nuntiate
2845 1746 3122 1810 fratribus
3140 1747 3292 1809 meis,
3308 1746 3529 1813 (Matth.

239 1831 482 1884 tandum
513 1831 644 1900 quia
674 1848 785 1885 non
825 1831 966 1885 dixit
992 1832 1312 1901 Apostolus,
1345 1831 1626 1900 subjacuit
1654 1832 1841 1904 morti,

242 1919 343 1972 sed
374 1919 597 1991 proprie
620 1918 866 1988 gustavit
901 1925 1158 1983 mortem,
1191 1936 1291 1989 per
1314 1921 1463 1988 quod
1493 1920 1841 1972 velocitatem

242 2007 672 2067 resurrectionis
688 2008 860 2063 voluit
873 2005 1356 2062 os‘tendereBrevi
1370 2008 1577 2062 etenim
1592 2014 1844 2078 tempore

240 2112 276 2152 ει
311 2099 499 2152 morte
529 2095 712 2165 potuit
742 2097 939 2161 teneri,
974 2102 1037 2151 ut
1079 2113 1145 2151 ea
1172 2096 1408 2160 devicta,
1440 2097 1730 2150 confestim
1765 2098 1844 2150 vi-

239 2195 366 2243 etor
396 2195 737 2258 resurgeret.

308 2279 532 2332 Docebat
553 2281 702 2332 enim
719 2294 844 2331 eum
865 2285 1085 2347 propter
1104 2295 1260 2345 quem
1285 2283 1546 2343 omnia,et
1565 2295 1663 2347 per
1681 2297 1840 2347 quem

239 2368 454 2424 omnia,
481 2368 580 2433 qui
594 2369 794 2419 multos
808 2369 949 2432 ﬁlios
971 2370 1033 2418 in
1053 2369 1292 2433 gloriam
1313 2368 1638 2425 acktzmerat.
1659 2373 1840 2421 alecto-

237 2468 362 2507 νοω
389 2456 589 2507 salutis
610 2470 802 2508 eorum
822 2459 1204 2509 consummari
1218 2471 1316 2522 per
1333 2461 1658 2522 passionem.
1677 2458 1841 2510 Dece-

237 2541 358 2600 bat,
375 2541 579 2611 inquit,
595 2558 721 2596 eum
740 2549 1048 2606 auctorem,
1063 2543 1274 2596 scilicet
1293 2543 1491 2596 salutis
1512 2561 1725 2604 eorum,
1743 2561 1842 2614 per

237 2631 564 2701 passionem
585 2632 982 2692 consummari,
1005 2632 1060 2685 id
1083 2638 1168 2685 est
1191 2633 1458 2701 perﬁcere
1486 2633 1735 2686 omnium
1757 2651 1841 2686 sa-

235 2718 420 2773 lutem
451 2736 550 2788 per
578 2719 894 2788 passionem
923 2721 1150 2784 Christi,
1181 2720 1276 2789 qui
1306 2725 1391 2773 est
1419 2726 1616 2773 auctor
1645 2721 1843 2774 salutis

237 2807 496 2861 omnium
527 2809 895 2872 credentium,
929 2815 986 2862 et
1030 2809 1126 2878 qui
1167 2813 1297 2862 ante
1328 2809 1643 2878 passionem
1683 2826 1840 2863 suam

236 2896 453 2952 multos
497 2897 643 2951 ﬁlios
672 2897 959 2967 adoptivos
993 2897 1304 2956 adduxerat
1333 2898 1387 2950 in
1417 2898 1656 2966 gloriam
1690 2898 1838 2963 ﬁdei,

236 2985 362 3055 spei
383 2991 441 3039 et
461 2985 774 3054 charitatis,
801 2987 896 3057 qui
918 2992 1128 3040 certam
1153 3003 1308 3056 spem
1338 2986 1617 3040 habebant
1636 2988 1843 3056 gaudia

1926 1831 2152 1900 xxvm);
2189 1836 2245 1884 et
2274 1832 2344 1884 ad
2371 1830 2608 1885 Mariam
2633 1850 2643 1883 :
2690 1833 2824 1884 Vade
2850 1833 2924 1883 ad
2950 1833 3156 1897 fratres
3178 1847 3320 1886 meos
3339 1832 3525 1900 (Joan.

1927 1923 2000 1984 Χ),
2036 1925 2086 1970 ct
2111 1921 2198 1972 dic
2218 1922 2312 1971 eis.
2337 1920 2562 1972 Fratres
2583 1924 2771 1972 autem
2795 1919 3062 1978 dicuntur
3088 1924 3147 1973 et
3175 1919 3268 1989 qui
3291 1919 3533 1990 diligunt

1929 2015 1985 2060 et
2006 2007 2099 2077 qui
2123 2007 2463 2076 diliguntur;
2496 2007 2653 2060 addit
2673 2023 2802 2060 vero
2828 2025 2839 2058 :
2875 2010 2936 2061 In
2962 2009 3138 2060 martia
3159 2011 3385 2062 ecclesia
3410 2013 3532 2063 lau-

1925 2098 2061 2149 dabo
2084 2102 2147 2148 te.
2183 2097 2248 2149 In
2271 2096 2454 2150 medio
2478 2096 2756 2160 Ecclesiae,
2782 2096 2885 2148 hoc
2913 2100 2999 2148 est
3029 2096 3086 2154 in
3107 2101 3254 2152 metu
3278 2095 3530 2150 ﬁdelium

1925 2185 2172 2239 laudavit
2190 2186 2370 2239 Deum
2393 2185 2616 2237 Patrem
2635 2184 2809 2237 Filius
2832 2183 3055 2253 quando
3069 2184 3340 2253 apostolis
3350 2200 3529 2237 rever-

1924 2275 2002 2328 sis
2023 2291 2055 2327 a
2083 2273 2476 2344 praedicatione
2494 2273 2634 2326 dixit
2659 2292 2670 2324 :
2702 2274 2970 2338 Conﬁteor
2992 2273 3111 2335 tibi,
3134 2274 3317 2336 Pater,
3349 2274 3534 2326 Domi-

1926 2380 1990 2416 ne
2020 2365 2137 2416 rmli
2156 2368 2205 2413 et
2225 2367 2401 2424 terra»,
2426 2361 2478 2414 id
2505 2366 2591 2414 est
2613 2361 2781 2414 laudo
2806 2366 2862 2413 et
2880 2360 3130 2430 gloriﬁco
3151 2369 3226 2424 te,
3251 2361 3383 2430 quia
3405 2364 3530 2415 abs-

1923 2453 2159 2505 condisti
2178 2452 2286 2503 hac
2306 2466 2340 2502 a
2360 2451 2699 2517 sapientibus
2722 2454 2769 2502 et
2789 2451 3180 2516 prudentibus,
3208 2455 3258 2502 et
3279 2452 3531 2502 revelasti

1923 2558 1983 2593 ea
2012 2541 2266 2607 parvulis
2301 2539 2447 2602 (Luc.
2483 2539 2560 2602 x).
2592 2539 2716 2606 Ipse
2747 2553 2971 2606 quoque
3000 2536 3253 2606 quotidie
3269 2537 3327 2589 in
3345 2537 3529 2591 medio

1924 2627 2178 2681 Ecclesiae
2209 2627 2404 2679 laudat
2432 2625 2611 2678 Deum
2640 2626 2886 2687 Patrem,
2917 2625 3050 2678 dum
3096 2625 3289 2678 ﬁdeles
3320 2626 3529 2696 quique

1925 2718 2046 2786 ejus
2090 2715 2349 2784 passione
2386 2719 2443 2767 et
2486 2713 2896 2767 resurrectione
2943 2713 3240 2783 redempti,
3292 2713 3527 2783 ejusque

1925 2805 2259 2874 baptismate
2289 2802 2486 2864 abluti,
2511 2802 2821 2856 indefessas
2850 2801 3046 2854 laudes
3074 2803 3190 2854 Deo
3208 2801 3362 2854 Patri
3387 2801 3528 2856 refe-

1925 2899 2056 2947 runt
2081 2892 2264 2955 corde,
2285 2908 2382 2944 ore
2403 2897 2458 2944 et
2480 2907 2671 2960 opere:
2695 2891 2784 2943 his
2813 2890 2961 2942 enim
2989 2889 3172 2943 tribus
3198 2889 3380 2943 modis
3404 2891 3524 2943 lau-

1924 2982 2143 3036 dandus
2167 2984 2254 3034 est
2283 2980 2450 3032 Deus.
2476 2981 2539 3032 Et
2562 2982 2803 3032 iterum:
2836 2979 2943 3045 Ego
2971 2995 3061 3032 ero
3088 2980 3259 3045 ﬁdens
3282 2981 3347 3031 in
3374 2995 3522 3046 eum,

235 3074 443 3144 patrita
467 3075 708 3130 caelestis
727 3082 782 3128 et
801 3075 994 3128 aeterni
1017 3075 1175 3144 regni
1197 3075 1576 3128 haereditatcm
1601 3093 1663 3128 se
1685 3093 1843 3144 posse
1862 3078 1903 3137 Ο
1931 3073 2031 3125 hoc
2059 3075 2144 3123 est
2173 3069 2234 3122 in
2263 3069 2440 3121 Deum
2471 3067 2714 3122 Patrem.
2748 3067 2862 3119 Vox
2894 3073 2980 3120 est
3007 3065 3131 3120 Filii
3162 3065 3262 3119 Dei
3298 3065 3368 3119 de
3408 3067 3525 3121 Deo

237 3163 564 3231 percipere;
587 3164 670 3216 vel
691 3169 839 3216 certe
862 3179 962 3233 per
981 3163 1297 3233 passionem
1322 3163 1554 3236 decebat
1573 3181 1700 3217 eum
1724 3181 1846 3234 per-

237 3248 414 3302 ﬁcere
427 3250 618 3304 omnia
638 3267 762 3319 quae
778 3250 846 3304 de
865 3249 960 3303 illo
978 3250 1241 3320 praedicta
1260 3257 1436 3304 erant.
1453 3251 1611 3304 Unde
1629 3252 1749 3322 ipse
1772 3252 1848 3304 di-

235 3334 324 3391 xit
341 3337 602 3406 pendens
627 3337 684 3390 in
703 3353 866 3392 cruce
887 3355 897 3390 :
926 3339 1384 3392 Consummatur):
1410 3347 1484 3390 est
1507 3340 1682 3398 (Joan.
1702 3338 1839 3404 xxx).

234 3423 502 3495 Propter,
516 3443 681 3495 quem
695 3426 883 3484 omnia
906 3426 962 3479 id
977 3432 1061 3480 est
1074 3443 1172 3496 per
1186 3431 1422 3480 mortem
1438 3427 1558 3495 ejus
1573 3433 1845 3480 restaura-

235 3519 301 3572 ta
319 3519 455 3570 sunt
465 3515 654 3571 omnia
667 3516 916 3576 cmlestia
938 3521 994 3570 et
1005 3514 1298 3569 terrestria
1323 3527 1333 3561 :
1358 3515 1525 3568 homo
1538 3515 1748 3569 scilicet
1760 3532 1846 3570 re-

233 3603 510 3674 demptus
533 3609 590 3659 et
618 3621 889 3659 numerus
917 3604 1247 3674 angelorum
1277 3604 1713 3673 redintegratus.
1739 3605 1846 3656 Per

235 3708 416 3764 quem
427 3693 912 3759 emnia,subaudis
925 3693 1074 3747 facta
1087 3697 1239 3764 sunt,
1259 3693 1420 3761 juxta
1437 3692 1584 3761 quod
1603 3692 1846 3745 Joannes

235 3757 405 3843 dicit,
441 3757 631 3835 omnia
656 3798 756 3850 per
780 3786 963 3850 ipsum
987 3757 1299 3848 facta°suni
1329 3757 1509 3846 (Joan.
1539 3778 1846 3847 I).Videsne

237 3875 520 3940 quantum
547 3875 632 3924 est
659 3870 716 3924 in
748 3870 936 3929 medio
978 3869 1179 3932 nostri,
1211 3868 1484 3937 nobisque
1515 3866 1847 3935 coniunctus

236 3964 329 4014 est
361 3957 389 4011 1’
445 3959 572 4028 Ipse
609 3958 781 4014 Filius
820 3966 876 4013 et
915 3974 1015 4013 nos
1055 3957 1176 4021 ﬁlii,
1217 3957 1312 4018 ille
1353 3955 1610 4026 proprius
1651 3961 1709 4008 et
1745 3971 1846 4008 nos

234 4047 488 4116 adoptivi
525 4066 535 4100 :
583 4047 679 4100 sed
726 4047 820 4099 ille
872 4047 1050 4099 salvat
1092 4051 1149 4099 et
1193 4061 1295 4098 nos
1345 4045 1644 4099 salvamur.
1678 4043 1847 4098 Vides

234 4135 522 4205 quomodo
548 4151 650 4188 nos
682 4135 970 4204 conjungit
999 4141 1057 4190 et
1084 4133 1398 4191 discernit?
1433 4133 1577 4186 Nam
1604 4149 1732 4185 cum
1761 4130 1846 4184 di-

234 4225 337 4286 cit,
371 4226 572 4275 multos
601 4225 741 4288 ﬁlios
771 4225 1007 4276 addumit
1031 4225 1092 4276 in
1119 4225 1377 4289 gloriam,
1405 4221 1494 4274 hic
1525 4220 1842 4290 conjunxit:

240 4328 376 4370 cum
416 4327 550 4366 vero
579 4311 754 4378 addit,
796 4317 1084 4368 auctorem
1119 4311 1319 4367 salutis
1358 4326 1570 4375 eorum,
1603 4310 1694 4369 hic
1731 4309 1845 4364 dis-

239 4401 445 4458 cernit.

315 4491 430 4557 Qui
457 4493 608 4544 enim
636 4492 941 4555 sanctiﬁcat
970 4494 1018 4542 et
1049 4491 1146 4557 qui
1175 4490 1618 4553 sanctificantur,
1648 4504 1712 4542 ea
1741 4504 1852 4542 uno

243 4594 456 4632 omnes.
492 4578 629 4641 Quis
659 4583 745 4631 est
773 4577 868 4647 qui
896 4576 1244 4632 sanctiﬁcat?
1274 4575 1530 4631 Christus
1558 4592 1657 4645 per
1685 4575 1851 4632 ﬁdem

241 4665 530 4737 passionis
567 4683 682 4720 suae
712 4671 768 4721 et
796 4682 896 4735 per
925 4666 1136 4720 donum
1184 4660 1556 4734 baptismatis:
1584 4664 1692 4727 Qui
1721 4668 1851 4718 sunt

243 4756 343 4825 qui
395 4755 863 4809 sanctiﬁcantur?
903 4755 1114 4808 Omnes
1158 4753 1449 4811 credentes
1496 4753 1592 4822 qui
1643 4752 1851 4808 sancti-

242 4845 492 4898 ﬁcantur
533 4843 644 4897 ﬁde
672 4842 949 4913 passionis
984 4842 1192 4897 Christi
1241 4848 1298 4897 et
1343 4841 1528 4911 gratia
1564 4840 1848 4910 baptismi.

242 4933 356 4989 Sed
384 4931 485 5001 qui
519 4931 831 4985 sanctiﬁcat
877 4930 1152 4993 Christus,
1189 4935 1247 4985 et
1273 4947 1376 4984 nos
1406 4931 1502 5002 qui
1532 4929 1851 4984 sanctiﬁca-

243 5039 396 5081 mur.
437 5037 503 5075 ex
528 5037 640 5075 uno
670 5021 786 5074 Deo
819 5019 983 5073 Patre
1011 5035 1208 5073 omnes
1235 5035 1452 5080 sumus.
1499 5019 1627 5089 quia
1657 5018 1726 5075 ab
1757 5017 1850 5070 illo

243 5110 442 5165 omnia
477 5108 752 5178 originem
795 5114 1149 5179 acceperunt.
1182 5109 1338 5162 Unus
1378 5112 1465 5166 est
1503 5107 1652 5162 enim
1683 5107 1848 5171 Deus,

244 5215 348 5268 per
386 5214 556 5266 quem
596 5203 653 5252 et
689 5214 722 5251 a
761 5214 871 5266 quo
924 5197 1130 5250 omnia.
1180 5197 1288 5250 Sed
1327 5196 1490 5250 aliter
1527 5195 1639 5261 ille,
1693 5195 1855 5251 aliter

244 5302 372 5340 nos.
415 5285 520 5339 llle
550 5285 708 5354 quasi
755 5285 1015 5354 proprius
1057 5285 1232 5340 Filius
1269 5289 1454 5354 potest
1484 5283 1852 5347 sanctiﬁcare,

241 5389 350 5432 nos
380 5389 512 5427 vero
531 5373 691 5442 quasi
731 5373 1038 5442 adoptativi
1067 5372 1136 5426 ab
1165 5373 1258 5426 illo
1286 5373 1718 5427 sanctiﬁcamur.
1762 5372 1856 5426 At-

241 5469 444 5516 tamen
492 5477 668 5515 unum
706 5461 982 5517 habemus
1019 5461 1246 5516 Patrem
1288 5461 1346 5514 in
1397 5460 1568 5525 ccelis,
1606 5459 1698 5512 ille
1727 5474 1856 5527 pro-

242 5549 456 5622 prium,
478 5565 584 5606 nos
603 5549 946 5621 adoptivum.
959 5553 1190 5619 Propter
1203 5566 1372 5619 quam
1391 5564 1638 5610 causam,
1657 5545 1860 5602 subau-

1926 3157 2094 3212 Patre
2114 3174 2177 3210 ex
2201 3163 2358 3226 parte
2379 3155 2748 3209 humanitatis
2767 3155 3064 3223 loquentis.
3082 3155 3225 3207 Nam
3248 3154 3416 3209 homo
3437 3170 3528 3212 su-

1927 3251 2149 3314 sceptus
2177 3263 2210 3299 a
2237 3244 2422 3304 verbo,
2447 3249 2625 3297 totam
2657 3242 3048 3296 conﬁdentiam
3073 3258 3234 3296 suam
3259 3242 3318 3295 in
3345 3243 3527 3296 Deum

1927 3335 2154 3390 Patrem
2178 3335 2416 3404 positam
2437 3332 2698 3395 habebat,
2714 3333 2862 3385 unde
2882 3331 3134 3385 dicebat:
3157 3334 3336 3396 Pater,
3361 3334 3529 3385 clari-

1927 3425 2027 3489 fica
2076 3425 2280 3475 Filium.
2321 3428 2480 3475 tuum
2515 3423 2694 3486 (Joan.
2729 3430 2842 3480 xu").
2880 3419 2951 3474 Et
2981 3437 3078 3489 pro
3121 3419 3378 3474 ﬁdelibus
3409 3419 3528 3474 suis

1928 3511 2247 3581 supplicans
2293 3510 2479 3564 aiebat
2511 3527 2522 3561 :
2557 3511 2738 3571 Pater,
2769 3511 2889 3561 volo
2934 3513 2995 3561 ut
3044 3510 3141 3561 ubi
3181 3523 3272 3574 ego
3300 3524 3447 3573 sum,
3479 3513 3531 3561 et

1928 3603 2021 3653 isti
2051 3603 2162 3653 sint
2199 3615 2410 3653 mecum
2443 3599 2621 3668 (Joan.
2656 3599 2812 3662 xvn).
2845 3596 2996 3658 Quos
3025 3595 3194 3650 etiam
3226 3594 3528 3649 exhortans

1928 3693 1993 3758 ut
2017 3687 2414 3742 conﬁdentiam
2443 3684 2734 3747 haberent,
2767 3683 2908 3737 dixit
2937 3702 2952 3737 :
2981 3685 3262 3748 Conﬁdite.
3298 3699 3390 3749 ego
3422 3684 3531 3736 vici

1930 3778 2203 3829 mundum
2240 3777 2417 3840 (Joan.
2446 3780 2580 3843 xw).

1999 3865 2064 3918 Et
2095 3867 2298 3918 iterum
2330 3883 2344 3916 :
2378 3864 2504 3918 Ecce
2532 3878 2624 3927 ego
2653 3867 2700 3916 et
2717 3862 2882 3928 pueri
2911 3861 3019 3912 mei
3047 3874 3182 3925 quos
3207 3859 3356 3916 dedit
3388 3859 3530 3915 mihi

1929 3954 2087 4007 Deus.
2139 3953 2268 4006 Haec
2297 3951 2408 4005 duo
2439 3949 2762 4007 testimonia
2791 3953 3017 4017 sumpta
3045 3953 3180 4004 sunt
3207 3964 3274 4004 ex
3302 3946 3529 4004 oraculo

1931 4041 2090 4096 Isaiae
2119 4040 2406 4110 prophetae
2450 4037 2733 4107 loquentis
2757 4037 2816 4092 in
2846 4050 3086 4105 persona
3116 4034 3246 4092 Filii
3272 4035 3396 4093 Dei.
3424 4034 3527 4093 Isti

1931 4135 2121 4185 autem
2159 4133 2292 4183 sunt
2320 4127 2500 4198 pueri,
2536 4125 2716 4182 sancti
2746 4123 3002 4182 videlicet
3037 4121 3295 4199 apostoli,
3329 4121 3532 4192 quibus

1933 4218 2209 4274 Dominus
2231 4216 2338 4271 ait:
2366 4218 2552 4281 Pueri,
2573 4214 2833 4280 nunquid
2852 4213 3304 4280 pulmentarium
3325 4211 3533 4268 habetis

1935 4311 2112 4373 (Joan.
2141 4306 2296 4371 xxx)?
2321 4305 2428 4368 Qui
2454 4303 2596 4359 bene
2627 4301 2790 4373 pueri
2815 4307 3087 4359 vocantur
3111 4304 3340 4370 propter
3368 4299 3536 4358 inno-

1863 4390 1912 4447 D
1934 4397 2177 4451 centiam
2209 4400 2267 4449 et
2308 4393 2706 4457 humilitatem,
2752 4390 2822 4448 de
2860 4388 3122 4460 qualibus
3166 4388 3288 4459 ipsa
3313 4389 3534 4449 Velim

1935 4485 2100 4541 dicit:
2123 4485 2301 4540 Sinite
2315 4485 2578 4550 parvulos
2600 4483 2784 4536 veni-re
2814 4481 2887 4536 ad
2916 4495 3022 4541 me,
3049 4481 3256 4538 talium
3281 4483 3356 4532 est
3383 4480 3534 4537 enim

1937 4589 2170 4641 regnum
2201 4575 2458 4626 cwlorum
2483 4570 2694 4637 (Matth.
2724 4567 2856 4633 xIx).

1971 4664 2113 4730 Quia
2128 4664 2238 4729 ipse
2249 4662 2419 4728 pueri
2434 4659 2985 4714 communicaverunt
2997 4656 3159 4710 carni
3169 4657 3218 4705 et
3231 4654 3526 4718 sanguini:

1932 4757 1979 4804 et
1997 4754 2106 4818 ipse
2121 4752 2384 4803 similiter
2399 4746 2759 4815 participasit
2780 4742 3000 4798 eisdem.
3016 4741 3133 4798 Hoc
3155 4740 3223 4796 de
3243 4739 3528 4808 apostolis,

1935 4838 2309 4908 omnibusque
2336 4835 2594 4890 ﬁdelibus
2625 4832 2838 4888 dictum
2864 4834 2971 4893 est,
2992 4827 3125 4897 quia
3161 4843 3261 4897 per
3284 4827 3388 4884 hoc
3417 4827 3533 4886 fra-

1934 4931 2054 4979 tres
2078 4925 2307 4980 fuerunt
2333 4921 2578 4983 Domini,
2609 4918 2741 4988 quia
2770 4931 2966 4974 verum,
2993 4931 3193 4985 corpus
3223 4920 3280 4973 et
3310 4915 3534 4986 sangui-

1934 5029 2065 5068 nem
2085 5012 2302 5076 habuit,
2325 5012 2470 5065 sicut
2489 5015 2544 5064 et
2567 5007 2648 5064 illi
2669 5005 3004 5060 habuerunt.
3024 5003 3144 5067 Quo
3168 5005 3291 5061 loco
3307 5005 3536 5064 confun-

1936 5101 2092 5156 ditur
2102 5100 2439 5156 Manichacus
2455 5112 2582 5153 cum
2599 5095 2734 5158 suis,
2750 5093 2848 5162 qui
2866 5109 2935 5148 au
2943 5109 3039 5147 sus
3055 5098 3140 5147 est
3155 5093 3339 5151 dicere
3352 5093 3534 5153 Deum

1937 5207 2131 5246 verum
2159 5205 2359 5258 corpus
2398 5202 2508 5240 non
2557 5183 2836 5245 habuisse,
2868 5197 2996 5235 cum
3033 5181 3332 5250 Apostolus
3360 5180 3529 5248 dicat,

1939 5281 2073 5350 quia
2101 5277 2436 5334 assumenda
2466 5288 2690 5328 carnem
2733 5269 3010 5340 particeps
3040 5271 3255 5327 exstitit
3282 5271 3531 5330 illorum.

1941 5369 2098 5421 Sicut
2121 5367 2269 5420 enim
2296 5364 2377 5420 illi
2405 5363 2584 5433 pueri,
2608 5367 2663 5415 et
2688 5377 2789 5414 nos
2809 5375 2978 5412 carne
3007 5364 3064 5412 et
3090 5360 3388 5429 sanguine,
3407 5376 3536 5414 con-

1941 5461 2157 5511 stamus
2183 5472 2194 5507 ;
2227 5453 2304 5507 sic
2335 5458 2392 5508 et
2419 5450 2673 5510 Christus
2704 5447 3059 5526 participavit
3103 5448 3260 5506 carni
3300 5452 3356 5504 et
3399 5463 3534 5503 san—

1940 5543 2124 5614 guini,
2149 5543 2318 5601 homo
2345 5541 2544 5610 factus,
2570 5546 2628 5601 et
2655 5539 2800 5600 sicut
2825 5535 3083 5598 Christus
3104 5533 3535 5597 communicavit
