3992 6166
542 272 645 329 839

951 271 1328 327 HAYMONIS
1368 268 1856 324 HALBERSTAT.
1898 268 2124 324 EPISC.
2167 268 2326 323 OPP.
2370 270 2554 324 PARS
2591 269 2638 327 Ι.
2678 298 2750 310 -
2787 271 3154 327 COMMENT.
3192 272 3363 328 BIBL.

3628 277 3714 336 8&0

541 403 746 455 nostrae
768 394 1094 452 substantia:
1110 414 1211 468 per
1230 412 1415 450 assum
1423 395 1672 466 ptionem
1693 394 1958 460 hominis,
1982 395 2060 448 sic
2080 399 2136 448 et
2151 397 2202 454 A
2218 395 2372 450 nullo
2392 395 2682 461 suadente,
2709 397 2806 450 sed
2834 395 3199 467 superbiendo
3217 399 3428 452 corruit.
3449 400 3600 454 Homo
3617 419 3722 472 quo-

543 508 644 545 nos
663 489 960 561 participes
972 491 1094 559 ejus
1108 505 1302 542 sumus
1322 504 1422 558 per
1432 487 1872 557 assumptionem
1891 487 2138 558 corporis

543 586 600 634 et
646 577 932 648 sanguinis
988 579 1124 647 ejus.
1179 579 1362 640 Quare
1411 581 1599 630 autem
1644 576 2140 630 communicaverit

545 668 800 723 Christus
825 666 977 720 carni
1009 673 1064 720 et
1088 665 1369 735 sanguini,
1394 665 1448 718 in
1479 664 1843 734 sequentibus
1870 665 2136 718 manifes-

545 762 650 821 tat,
677 756 900 810 dicens:
935 757 993 810 Ut
1017 772 1118 824 per
1136 760 1366 808 mortem
1387 756 1685 807 destrueret
1705 769 1833 806 eum
1861 757 1959 821 qui
1984 755 2140 806 habe-

547 849 634 899 bat
658 849 851 899 mortis
874 846 1193 912 imperium,
1215 845 1273 896 id
1291 848 1365 896 est
1386 843 1686 899 diabolum.
1711 847 1758 894 et
1782 844 2039 895 liberaret
2058 858 2139 896 eos

547 938 646 1003 qui
664 937 856 986 timore
870 935 1064 986 mortis
1075 948 1174 999 per
1187 937 1352 985 totam
1371 934 1545 984 vitam
1561 935 1719 983 erant
1737 933 1960 984 obnoxii
1973 933 2140 984 servi-

548 1021 1049 1091 tuti.Admirabile,
1062 1021 1327 1091 quiddam
1347 1021 1434 1073 hic
1450 1020 1801 1073 demonstrat
1817 1021 2133 1090 Apostolus,

545 1112 846 1166 ostendens
863 1110 1148 1164 diabolum
1177 1125 1278 1179 per
1300 1108 1405 1161 hoc
1425 1111 1703 1162 devictum
1724 1124 1758 1160 a
1779 1108 2017 1172 Christo,
2042 1124 2142 1178 per

547 1201 693 1272 quod
707 1205 1041 1270 potestatem
1055 1197 1349 1251 tenebatin
1363 1197 1769 1250 mundo.Arma
1783 1213 1904 1266 quae
1915 1197 2142 1250 fuerunt

546 1289 629 1342 illi
644 1289 924 1359 quondam
943 1287 1109 1340 fortia
1121 1287 1414 1339 adversum
1435 1285 1728 1348 mundum,
1747 1285 1851 1338 hoc
1865 1290 1950 1338 est
1968 1301 2138 1350 mors,

547 1393 648 1448 per
667 1394 734 1430 ea
749 1377 906 1430 illum
926 1375 1184 1428 Christus
1201 1373 1493 1444 percussit,
1513 1373 1658 1426 sicut
1673 1373 1845 1426 David
1863 1372 2142 1426 abstracto

547 1465 721 1519 David
753 1463 924 1518 Goliae
953 1463 1160 1534 gladio.
1192 1463 1248 1516 in
1280 1479 1345 1515 co
1374 1468 1542 1532 caput
1570 1462 1722 1515 illius
1747 1462 2060 1532 amputavit
2086 1463 2144 1516 in

2221 500 2349 554 que,
2383 483 2515 554 quia
2543 501 2744 554 corpus
2788 484 3051 553 habebat,
3094 486 3414 540 manducare
3441 487 3722 557 indigebat:

2220 572 2476 627 diabolus
2497 579 2708 638 autem,
2727 574 2860 644 quia
2879 574 3108 644 spiritus
3126 579 3225 639 est,
3243 579 3386 628 totus
3405 576 3729 632 inexcusabilis

2220 668 2323 715 est.
2349 661 2474 716 Fuit
2493 667 2548 714 et
2566 662 2735 715 tertia
2755 679 2942 725 causa,
2963 662 3214 716 videlicet
3231 663 3355 733 quia
3373 663 3523 718 horno
3539 666 3731 720 necdum

2220 756 2552 820 pervenerat
2571 750 2642 804 ad
2664 751 2848 804 locum
2871 749 2965 804 ubi
2986 751 3318 805 arternaliter
3333 768 3448 805 cum
3464 753 3564 806 Deo
3580 770 3734 823 regna-

2221 845 2383 893 turus
2425 845 2564 905 erat,
2599 840 2693 893 sed
2735 839 2794 893 in
2825 839 3082 910 paradiso
3111 845 3329 894 terreno
3357 840 3660 907 morabatur,
3683 843 3733 896 de

2223 945 2332 999 quo
2361 929 2783 983 transferendus
2812 933 2935 982 erat
2962 929 3022 982 in
3049 929 3246 982 caelum
3269 929 3523 998 completo
3548 945 3734 983 numero

2223 1017 2526 1071 electorum
2558 1035 2568 1070 :
2598 1017 2854 1071 diabolus
2883 1022 3072 1070 autem
3101 1016 3160 1070 in
3189 1017 3321 1071 coelo
3345 1018 3457 1087 jam
3483 1025 3590 1070 erat
3611 1018 3737 1071 collo-

2221 1112 2398 1168 catus,
2416 1112 2477 1159 ut
2500 1109 2811 1160 misericors
2831 1109 2982 1173 ﬁeret
3000 1111 3050 1159 et
3067 1107 3242 1172 ﬁdelis
3256 1108 3491 1173 pontifex
3507 1107 3571 1158 ad
3587 1107 3736 1170 Deum,

2224 1201 2287 1248 ut
2320 1198 2709 1263 repropitiaret
2736 1197 2933 1248 delicta
2963 1197 3175 1262 populi.
3211 1193 3502 1248 Misericors
3529 1193 3739 1248 dicitura

2226 1284 2429 1338 misero
2451 1284 2636 1348 corde,
2661 1284 2916 1337 videlicet
2937 1283 3069 1354 quia
3088 1283 3366 1337 miseriam
3391 1282 3741 1337 sustinetetco-

2223 1374 2443 1443 gnoscit
2466 1391 2564 1444 per
2585 1373 3033 1443 experimentum
3063 1371 3334 1448 misereri.
3355 1371 3538 1442 Itaque
3555 1387 3648 1424 non
3668 1371 3743 1425 fuit

2226 1462 2338 1516 alia
2364 1478 2532 1516 causa
2561 1462 2722 1516 illum
2744 1478 2845 1532 per
2862 1461 3052 1515 omnia
3079 1460 3346 1515 fratribus
3366 1460 3649 1525 assimilari,
3666 1460 3744 1514 nisi

549 1569 659 1624 quo
682 1553 963 1623 quondam
984 1552 1159 1605 victor
1177 1552 1272 1604 ille
1301 1550 1516 1604 solebat
1537 1550 1677 1604 ﬁeri.
1707 1551 1850 1613 Quia
1874 1567 2010 1620 ergo
2032 1551 2146 1605 dia~
2227 1556 2292 1605 ut
2319 1551 2760 1605 misericordiam
2780 1549 2941 1604 nobis
2959 1555 3250 1620 praestaret
3268 1567 3366 1604 nos
3390 1549 3687 1609 redimendo,
3705 1554 3743 1602 et

548 1641 728 1709 bolus,
762 1658 864 1712 per
899 1646 1136 1694 mortem
1168 1640 1411 1694 hominis
1441 1640 1499 1693 in
1532 1639 1740 1693 mundo
1769 1639 2143 1709 principatum
2168 1707 2203 1712 _
2229 1641 2409 1694 ﬁdelis
2439 1642 2600 1694 fieret
2639 1657 2911 1711 verusque
2941 1646 2998 1694 et
3025 1645 3224 1711 potens
3266 1639 3496 1710 pontifex
3522 1639 3585 1692 ad
3607 1639 3742 1692 Deum

548 1707 1002 1802 praesumpserat,
1021 1747 1120 1800 per
1131 1735 1368 1783 mortem
1383 1729 1590 1782 Christi
1613 1707 1980 1798 temporalem
2002 1729 2142 1783 vinci
2166 1707 2209 1764 Β
2229 1730 2452 1783 Patrem
2475 1707 2886 1800 interpellando
2907 1746 3008 1800 pro
3027 1707 3524 1799 nobis,nostrisque
3543 1727 3745 1799 prOpitia-

548 1819 806 1875 debebat.
836 1819 1190 1889 Quapropter
1231 1817 1585 1888 participavit
1616 1817 1870 1871 Christus
1907 1818 2062 1871 carni
2092 1825 2147 1872 et

548 1907 828 1978 sanguini,
859 1913 923 1961 ut
949 1907 1091 1961 mori
1122 1907 1400 1978 potuisset
1421 1906 1490 1959 ad
1519 1911 1763 1976 tempus,
1791 1905 1980 1976 sicque
2011 1905 2146 1960 dum

547 2002 806 2052 mortuus
852 2000 955 2061 est,
991 1995 1086 2066 qui
1126 2000 1415 2065 peccatum
1460 2010 1573 2047 non
1604 1994 1828 2054 fecerat,
1873 1993 2149 2047 destruxit

549 2083 833 2139 diabolum
860 2083 956 2154 qui
981 2088 1268 2154 peccatum
1289 2083 1576 2147 attulerat,
1603 2098 1704 2152 per
1731 2081 1878 2152 quod
1909 2097 2060 2134 mors
2088 2080 2146 2134 in

549 2171 740 2226 orbem
763 2176 1010 2226 venerat.
1030 2171 1155 2224 Sive
1180 2170 1350 2224 etiam
1371 2170 1428 2223 in
1451 2171 1556 2224 hoc
1572 2169 1848 2223 destruxit
1861 2168 2145 2223 diabolum

550 2267 607 2316 et
633 2265 890 2325 mortem,
929 2259 1024 2331 qui
1061 2275 1284 2330 semper
1310 2264 1567 2312 mortuus
1605 2264 1691 2312 est
1734 2263 1977 2329 peccato,
2010 2257 2144 2312 dum

549 2367 661 2404 non
682 2349 951 2422 peccavit.
975 2348 1272 2402 Destructo
1293 2352 1480 2401 autem
1505 2347 1739 2418 imperio
1765 2346 1994 2412 diaboli,
2017 2345 2148 2400 libe-

552 2438 696 2493 ravit
707 2439 916 2491 electos
935 2453 1086 2500 suos,
1115 2436 1209 2507 qui
1231 2437 1433 2490 timore
1446 2436 1644 2490 mortis
1657 2452 1756 2506 per
1778 2440 1952 2489 totam
1973 2435 2142 2488 vitam

549 2544 710 2583 suam
741 2526 992 2598 quandiu
1021 2525 1281 2579 vivebant
1319 2526 1377 2579 in
1417 2525 1522 2578 hoc
1565 2525 1788 2592 saeculo,
1815 2523 2053 2585 obnoxii,
2087 2523 2145 2577 id

549 2623 634 2672 est
657 2617 833 2671 debiti
855 2622 910 2670 et
931 2615 1144 2668 astricti
1165 2620 1326 2668 erant
1348 2614 1606 2668 servituti
1625 2612 1821 2667 mortis
1840 2618 1897 2666 et
1915 2611 2142 2666 diaboli.

547 2707 613 2761 In
650 2706 754 2759 hoc
801 2705 950 2758 enim
992 2703 1270 2757 timebant
1317 2709 1578 2767 mortem,
1613 2702 1744 2773 quia
1793 2702 1939 2756 servi
1984 2707 2147 2756 erant

547 2794 772 2864 mortis,
801 2793 933 2848 dum
965 2809 1160 2847 omnes
1185 2791 1352 2846 morti
1381 2790 1765 2861 subjacebant.

617 2885 904 2951 Nusquam
945 2886 1098 2936 enim
1141 2884 1360 2948 angelos
1404 2881 1786 2948 apprehendit,
1826 2881 1916 2933 sed
1963 2896 2144 2934 semen

2227 1823 2316 1872 ret
2343 1818 2603 1888 peccatis.
2633 1819 2761 1872 Haec
2789 1818 2938 1871 enim
2972 1817 3140 1888 hujus
3170 1816 3490 1870 miseranda
3515 1815 3743 1886 dispensa-

2227 1906 2397 1960 tionis
2439 1923 2609 1961 causa
2653 1907 2804 1960 fuit:
2847 1905 2987 1960 vidit
3031 1905 3236 1977 quippe
3289 1906 3575 1959 humanum
3611 1919 3745 1973 genus

2229 1995 2400 2050 humo
2421 1996 2722 2062 intentum,
2742 2000 3096 2065 peccatorum
3118 1995 3355 2048 vinculis
3376 1990 3747 2063 ligatum,etmi-

2229 2091 2412 2138 sertus
2433 2090 2519 2138 est
2539 2086 2660 2156 ejus
2686 2085 2831 2138 sicut
2850 2083 3028 2138 fidelis
3051 2084 3318 2155 pontifex,
3337 2083 3659 2138 reconcilians
3674 2097 3748 2134 nos

2227 2173 2342 2228 Deo
2371 2173 2544 2239 Patri,
2596 2179 2650 2227 et
2693 2173 3102 2227 reconciliando
3133 2189 3399 2243 purgans.
3442 2170 3745 2225 Ministerium

2227 2263 2434 2316 etenim
2466 2262 2770 2317 sacerdotis
2799 2267 2969 2333 atque
3005 2262 3286 2332 pontificis
3319 2270 3400 2315 est
3425 2261 3620 2314 ﬁdelem
3641 2275 3743 2321 esse,

2226 2356 2291 2404 ut
2304 2351 2480 2422 possit
2499 2367 2594 2404 eos
2607 2367 2846 2421 quorum
2867 2351 3128 2404 sacerdos
3141 2355 3231 2403 est
3251 2349 3479 2403 liberare
3497 2365 3529 2401 a
3543 2345 3746 2418 peccatis.

2230 2440 2480 2494 Pontifex
2500 2456 2721 2510 quoque
2740 2439 2946 2492 dicitur
2965 2455 3032 2492 eo
3053 2439 3200 2509 quod
3229 2445 3467 2510 pontem,
3489 2437 3540 2491 id
3555 2443 3626 2490 est
3640 2435 3748 2488 nam

2231 2530 2476 2598 praebeat
2512 2528 2629 2582 suis
2666 2527 2998 2598 sequacibus
3037 2544 3139 2582 suo
3177 2527 3325 2582 bono
3355 2525 3599 2595 exemplo,
3625 2523 3689 2576 ita
3709 2526 3749 2574 et

2230 2617 2504 2672 Dominus
2547 2623 2775 2688 pontem
2825 2617 2953 2670 fecit
3004 2615 3184 2680 nobis,
3218 2616 3279 2670 id
3316 2621 3400 2670 est
3431 2613 3610 2668 bonam
3639 2611 3749 2664 viam

2227 2705 2489 2773 ostendit,
2508 2722 2634 2760 cum
2650 2705 2888 2759 diceret:
2916 2707 3112 2759 Discite
3131 2721 3167 2757 a
3188 2721 3276 2758 me
3303 2707 3433 2772 quia
3451 2706 3586 2756 mitis
3598 2715 3697 2754 sum
3714 2701 3749 2750 et

2229 2795 2460 2849 humilis
2483 2796 2639 2849 corde
2663 2795 2877 2859 (Matth.
2908 2803 3010 2848 x1".
3030 2793 3269 2847 Pontem
3292 2793 3456 2846 etiam
3477 2789 3616 2845 nobis
3637 2786 3748 2851 fecit,

2228 2885 2451 2954 quando
2478 2883 2700 2954 aperuit
2745 2883 2906 2937 nobis
2937 2884 3174 2952 januam
3215 2883 3376 2952 regni
3414 2878 3642 2934 caelestis.
3673 2873 3750 2929 Ubi

546 2973 776 3026 Abrahw
803 2972 1182 3038 apprehendit.
1207 2970 1366 3033 Quod
1397 2970 1654 3040 superius
1682 2969 1917 3033 dixerat,
1941 2985 2144 3039 pueros
2165 3021 2204 3042 η
2226 2973 2392 3027 modo
2405 2973 2681 3038 consistit,
2711 2972 2888 3026 Deum
2906 2971 3501 3042 Patreminterpellans
3514 2983 3602 3040 pro
3613 2963 3749 3020 nobis.

545 3059 988 3114 communicasse
1019 3058 1172 3113 carni
1211 3064 1269 3112 et
1310 3057 1588 3128 sanguini,
1626 3063 1682 3111 et
1719 3057 1851 3128 quia
1887 3057 2142 3112 Christus

547 3147 964 3218 participaverit
983 3147 1082 3209 eis,
1106 3147 1430 3216 exsequitur
1448 3147 1687 3216 amplius
1715 3147 1864 3200 hunc
1891 3163 2138 3209 sensum,

546 3235 736 3289 volens
757 3235 1050 3288 ostendere
1069 3235 1217 3288 unde
1238 3235 1600 3305 participaret
1621 3234 1721 3302 eis,
1746 3241 1802 3288 et
1818 3235 1953 3288 dicit
1971 3254 1981 3287 :
2002 3235 2144 3289 Nus-

549 3339 740 3393 quam,
765 3323 822 3376 id
851 3328 938 3376 est
964 3323 1022 3376 in
1049 3323 1203 3376 nullo
1234 3323 1372 3388 loco,
1401 3339 1582 3393 neque
1612 3322 1669 3376 in
1699 3323 1856 3386 caelo,
1879 3340 2060 3394 neque
2085 3322 2142 3376 in

546 3417 702 3466 terra
729 3412 1037 3482 angelicam
1089 3416 1404 3466 creaturam
1450 3411 1770 3482 assumpsit,
1805 3413 1903 3465 sed
1944 3429 2144 3483 corpus

548 3501 859 3555 humanum
880 3501 949 3554 de
967 3501 1179 3554 semine
1194 3499 1429 3554 Abrahae
1451 3499 1773 3570 assumpsit.
1795 3499 2010 3564 Quibus
2029 3517 2145 3555 verb

549 3588 634 3644 bis
662 3589 809 3644 favet
852 3589 961 3644 illis
992 3589 1348 3655 blandiendo,
1393 3589 1538 3660 quod
1570 3605 1763 3643 semen
1793 3589 2015 3643 illo‘rum
2047 3607 2144 3643 as-

548 3680 870 3750 sumpserit.
901 3680 1046 3743 Quia
1071 3696 1203 3750 ergo
1225 3679 1393 3733 homo
1421 3678 1783 3732 redimendus
1811 3684 1934 3731 erat
1963 3684 2144 3732 morte

548 3769 676 3823 Filii
707 3769 826 3838 Dei,
859 3785 971 3824 non
999 3769 1252 3839 angelus,
1271 3768 1473 3822 idcirco
1503 3784 1615 3820 non
1638 3767 1945 3837 angelicam
1975 3772 2143 3821 natu-

547 3873 672 3910 ram
702 3857 1024 3928 assumpsit,
1060 3873 1182 3928 qua
1230 3861 1470 3912 mortem
1499 3872 1611 3909 non
1664 3860 1848 3926 potest
1877 3855 2014 3926 pati,
2049 3855 2145 3909 sed

548 3945 854 4000 humanam
879 3945 936 4000 in
967 3962 1078 4016 qua
1102 3945 1248 4000 mori
1272 3945 1564 4016 potuisset.
1597 3946 1713 3998 Nec
1741 3944 1954 4014 angelis
1984 3948 2145 3999 tanta

547 4041 633 4089 est
651 4033 896 4105 dignitas
915 4035 1138 4102 collata,
1159 4039 1224 4089 ut
1243 4034 1302 4088 in
1319 4049 1434 4089 una
1453 4049 1694 4104 persona
1714 4049 1908 4087 eorum
1927 4039 2143 4090 natura

547 4120 725 4177 Filius
745 4123 846 4177 Dei
867 4124 1329 4193 conjungeretur:
1353 4138 1522 4193 quam
1543 4121 1876 4191 dignitatem
1897 4126 1951 4174 et
1971 4122 2144 4176 hono-

546 4226 667 4264 rem
712 4211 972 4266 humana:
1021 4217 1237 4265 naturae
1284 4210 1473 4264 divina
1500 4209 1687 4278 gratia
1723 4208 2045 4276 contribuit,
2077 4214 2142 4265 ut

2297 3063 2364 3115 In
2392 3077 2449 3113 eo
2481 3063 2543 3113 in
2573 3076 2677 3128 quo
2700 3075 2897 3127 passus
2917 3065 2991 3112 est
3020 3063 3126 3126 ipse
3164 3065 3212 3111 et
3248 3063 3498 3124 tentatus,
3528 3060 3682 3124 potem
3697 3056 3750 3104 est

2225 3151 2300 3202 eis
2330 3151 2429 3217 qui
2469 3153 2758 3201 tentantur
2802 3149 3098 3200 aumiliari.
3129 3145 3195 3200 In
3242 3164 3328 3212 eo,
3375 3144 3560 3216 inquit,
3597 3141 3647 3195 in
3675 3139 3750 3192 bo-

2225 3238 2375 3290 mine
2400 3237 2460 3290 in
2489 3252 2601 3305 quo
2630 3239 2880 3290 tentatus
2917 3240 3003 3289 est
3047 3235 3166 3305 ipse
3212 3252 3250 3288 a
3298 3233 3527 3298 diabolo,
3566 3229 3647 3284 sed
3670 3241 3752 3281 non

2225 3331 2542 3396 superatus,
2575 3330 2632 3379 et
2676 3340 2874 3395 passus
2921 3341 2955 3377 a
3000 3323 3274 3377 ministris
3301 3323 3464 3388 illius,
3501 3325 3669 3391 potens
3692 3320 3754 3368 est

2225 3415 2440 3468 vinctos
2457 3413 2713 3479 liberare,
2733 3418 3090 3483 tentatosque
3110 3411 3383 3482 adjuvare
3403 3427 3470 3464 ne
3490 3409 3750 3462 vincantur:

2227 3504 2359 3574 quia
2400 3502 2738 3557 tentationes
2784 3506 3006 3555 nostras
3051 3506 3107 3554 et
3135 3502 3443 3572 passiones,
3483 3515 3584 3553 non
3615 3495 3754 3549 solum

2226 3592 2370 3646 sicut
2403 3593 2554 3646 Deus
2592 3590 2895 3661 cognoscit,
2920 3590 3020 3644 sed
3049 3589 3217 3644 etiam
3254 3591 3400 3645 sicut
3424 3589 3577 3646 homo
3594 3579 3757 3654 experi-

2225 3687 2415 3735 mento
2457 3679 2732 3752 probavit,
2775 3696 2839 3732 ac
2881 3684 3177 3764 propterea
3217 3696 3334 3733 non
3364 3679 3543 3764 solum,
3571 3689 3656 3764 per
3677 3671 3754 3723 hoc

2226 3770 2374 3840 quod
2403 3770 2552 3824 Deus
2596 3774 2681 3823 est
2721 3762 2916 3838 potest
2946 3767 3107 3821 nobis
3137 3767 3418 3830 auxiliari,
3462 3763 3552 3820 sed
3575 3762 3754 3830 insuper

2229 3875 2328 3930 per
2349 3859 2454 3912 hoc
2476 3857 2625 3928 quod
2652 3857 2820 3910 homo
2841 3860 2944 3922 est,
2965 3856 3230 3926 quoniam
3253 3856 3499 3928 ejusdem
3518 3845 3754 3924 potestatis

2225 3953 2312 4002 est
2339 3949 2505 4002 homo
2554 3951 2876 4016 assumptus
2914 3962 2949 3998 a
2996 3945 3182 4012 verbo,
3214 3947 3376 4016 cujus
3417 3948 3532 3997 erat
3571 3943 3620 3994 et
3641 3936 3753 3992 idem

2223 4036 2476 4091 verbum.

2834 4157 3067 4213 CAPUT
3105 4156 3209 4212 III.

546 4297 697 4352 Deus
717 4304 776 4352 et
804 4299 972 4352 homo
1005 4315 1120 4352 una
1138 4303 1288 4352 esset
1320 4313 1578 4369 persona.
1599 4297 1673 4391 Iit
1692 4313 1865 4366 quare
1889 4297 2030 4391 dixit
2049 4315 2143 4369 ap-
2158 4334 2204 4391 Β
2300 4303 2463 4368 Unde,
2487 4305 2694 4371 fratres
2717 4304 2914 4368 sancti,
2939 4304 3235 4356 vocationis
3254 4300 3472 4357 celestis
3493 4295 3754 4368 participes,

547 4386 864 4456 prehendit,
897 4387 1045 4456 quod
1082 4386 1328 4457 pertinet
1372 4386 1442 4439 ad
1497 4385 1824 4456 fugientem,
1869 4385 2000 4455 quia
2037 4404 2140 4441 nos

549 4475 710 4544 quasi
741 4475 1064 4530 recedentes
1092 4492 1128 4529 a
1153 4492 1232 4542 se,
1264 4481 1321 4530 et
1347 4476 1510 4544 longe
1541 4474 1820 4544 fugientes
1855 4475 2139 4530 insecutus

549 4563 942 4634 apprehendit.

623 4653 769 4708 Unde
791 4654 976 4706 debuit
999 4669 1100 4722 per
1127 4655 1316 4707 omnia
1346 4654 1621 4719 fratribus
1649 4655 1979 4706 assimilari.
2033 4653 2141 4706 Pro

548 4740 676 4806 hac,
699 4740 902 4810 inquit,
928 4741 1163 4804 ratione,
1197 4740 1331 4810 quia
1357 4756 1468 4793 non
1505 4740 1811 4810 assumpsit
1831 4741 2140 4810 angelicam

548 4834 831 4893 naturam,
859 4830 956 4883 sed
989 4829 1295 4883 humanam
1327 4829 1396 4882 de
1420 4829 1632 4882 semine
1661 4829 1918 4892 Abrahae,
1949 4829 2143 4883 debuit

548 4933 649 4987 per
667 4918 856 4971 omnia
877 4917 1176 4971 assimilari
1205 4916 1492 4971 fratribus.
1519 4917 1662 4980 Quid
1688 4924 1771 4971 est
1793 4935 1894 4988 per
1916 4919 2141 4972 omnia?

550 5005 606 5058 id
635 5011 721 5058 est
750 5012 914 5059 natus
943 5013 1044 5068 est,
1073 5007 1361 5068 educatus,
1384 5005 1572 5071 crevit,
1598 5006 1811 5070 esuriit,
1837 5023 2034 5076 passus
2058 5013 2143 5060 est

551 5107 616 5144 ac
635 5101 907 5158 mortuus,
933 5099 996 5147 ut
1016 5111 1116 5164 per
1136 5095 1323 5148 omnia
1343 5095 1450 5148 ista
1470 5094 1669 5148 similis
1689 5100 1836 5148 esset
1855 5094 2138 5160 fratribus,

553 5180 648 5250 qui
679 5181 1000 5250 hujusmodi
1030 5183 1336 5237 conditioni
1365 5183 1601 5252 subjecti
1640 5190 1775 5236 sunt
1801 5189 1856 5236 et
1887 5184 2137 5236 connexi.

553 5270 662 5323 Sed
679 5269 911 5322 fortasse
929 5271 1128 5340 quaerit
1143 5271 1364 5340 aliquis,
1382 5289 1554 5341 quare
1570 5273 1736 5325 homo
1757 5272 1830 5326 sit
1848 5279 2141 5342 reparatus

553 5359 737 5430 potius
753 5374 918 5428 quam
938 5360 1170 5428 angelus
1193 5360 1416 5428 lapsus?
1437 5361 1539 5414 Cui
1560 5361 2011 5431 requndendum
2035 5368 2137 5427 est,

551 5447 833 5501 hominem
851 5463 960 5500 non
977 5453 1193 5500 tantum
1206 5448 1524 5517 deliquisse,
1543 5455 1816 5519 quantum
1832 5449 2136 5503 diabolum.

551 5537 653 5592 Ille
683 5536 832 5591 enim
863 5535 1084 5590 diabolo
1129 5537 1399 5591 suadente
1432 5538 1693 5608 peccavit,
1728 5539 1985 5594 diabolus
2010 5555 2141 5594 vero

2221 4393 2554 4446 considerate
2581 4392 2882 4459 apostolum
2923 4395 2970 4442 et
2997 4393 3306 4458 pontiﬁcem
3339 4386 3661 4454 confessionis
3683 4395 3757 4432 no-

2220 4485 2346 4534 strae
2371 4481 2558 4534 Jesum
2588 4480 2688 4546 qui
2714 4480 2890 4545 ﬁdelis
2916 4482 2991 4530 est
3030 4479 3081 4530 ei
3106 4480 3205 4545 qui
3231 4479 3357 4544 fecit
3389 4479 3564 4537 illum,
3583 4472 3698 4524 sicut
3720 4468 3756 4517 et

2221 4570 2425 4636 Moyses
2454 4570 2516 4620 in
2543 4569 2700 4621 omni
2723 4568 2880 4619 domo
2906 4569 3043 4634 ejus.

2293 4657 2519 4710 Fratres
2548 4671 2641 4708 eos
2671 4660 2830 4708 vocat
2857 4660 2972 4707 tam
3001 4670 3168 4708 carne
3189 4669 3357 4724 quam
3381 4651 3586 4723 spiritu,
3609 4644 3687 4716 qui
3710 4655 3756 4694 ex

2224 4744 2420 4798 eodem
2444 4759 2653 4814 genere
2685 4749 2863 4808 erant,
2896 4742 3265 4811 eamdemque
3302 4742 3466 4794 fidem
3497 4734 3756 4793 habebant;

2223 4839 2445 4886 sanctos
2473 4831 2604 4902 quia
2625 4831 2956 4885 sanctificati
2981 4830 3201 4884 fuerant
3221 4830 3330 4884 fide
3359 4826 3615 4900 passionis
3633 4817 3758 4873 Chri-

2223 4920 2294 4974 sti
2313 4926 2370 4974 et
2387 4935 2534 4990 aqua
2553 4918 2925 4990 baptismatis,
2951 4920 3044 4988 qui
3073 4919 3371 4988 participes
3395 4924 3545 4971 erant
3565 4905 3758 4966 caalestis

2224 5009 2542 5075 vocationis,
2561 5008 2664 5062 hoc
2681 5013 2766 5062 est
2780 5009 2972 5078 patria:
2993 5008 3252 5072 cwlestis,
3273 5009 3340 5060 ad
3362 5022 3522 5077 quam
3539 4999 3759 5057 Dominus

2223 5114 2418 5151 omnes
2435 5102 2609 5161 vocat,
2623 5097 2839 5150 dicens:
2864 5099 3036 5150 Venite
3051 5098 3122 5149 ad
3142 5113 3224 5148 me
3236 5113 3418 5149 omnes
3435 5096 3531 5164 qui
3545 5085 3758 5144 laborati!

2223 5190 2269 5239 et
2302 5188 2519 5238 onerati
2545 5188 2691 5251 estis,
2724 5190 2770 5237 et
2802 5202 2891 5252 ego
2922 5187 3165 5251 reﬁciam
3187 5201 3274 5237 ros
3297 5184 3511 5252 (Matth.
3537 5181 3625 5244 xx).
3644 5176 3758 5228 Con-

2223 5274 2466 5327 siderate
2487 5273 2799 5344 apostolum
2819 5280 2874 5326 et
2894 5272 3210 5342 pontificem
3231 5272 3355 5325 ﬁdei
3381 5277 3572 5324 nostrae
3585 5267 3755 5319 Jesnm.

2223 5363 2525 5432 Apostolus
2547 5363 2753 5426 Graece,
2781 5361 3190 5415 Latinedicitur
3210 5360 3432 5414 missus.
3451 5360 3516 5412 Et
3534 5353 3758 5410 Dominus

2221 5452 2382 5504 Jesus
2411 5451 2696 5521 apostolus
2726 5456 2916 5504 noster
2946 5456 3048 5515 est,
3081 5450 3213 5521 quia
3240 5449 3416 5518 gratis
3439 5463 3471 5499 a
3496 5447 3600 5499 Deo
3626 5441 3757 5492 Patre

2222 5537 2382 5593 nobis
2395 5539 2602 5594 missus
2613 5544 2717 5606 est,
2733 5538 2879 5592 sicut
2896 5538 3015 5609 ipse
3031 5543 3285 5604 testatur,
3303 5537 3514 5591 dicens:
3535 5533 3642 5587 Non
3659 5538 3756 5580 sum
