3992 6166
162 358 259 417 841

837 349 1220 408 EXPOSITIO
1259 346 1340 403 IN
1381 346 1535 402 EPP.
1579 344 1634 400 S.
1679 341 1916 399 PAULI.
1961 370 2024 383 —
2065 343 2143 398 IN
2181 343 2404 400 EPIST.
2445 344 2541 400 AD
2581 345 2795 402 HEBR.

3327 347 3436 404 842

165 486 363 538 missus
376 484 491 536 nisi
506 482 580 536 ad
599 496 714 536 oves
734 477 986 551 perditas
1005 477 1198 529 domus
1223 475 1470 537 Israel,et
1491 474 1632 525 sicut
1647 472 1751 523 mi-
1769 469 1820 528 Α
1837 467 2002 523 solito
2029 467 2159 521 illis.
2186 469 2418 536 Domus,
2447 471 2651 542 inquit,
2697 471 2799 526 Dei
2829 487 3041 534 sumus,
3075 472 3123 526 si
3147 472 3431 543 ﬁduciam,

164 577 232 627 sit
266 588 350 624 me
370 571 544 625 Pater
572 575 618 624 et
639 585 730 638 ego
762 570 920 621 mitto
951 582 1040 619 vos
1069 563 1278 628 (Matth.
1300 577 1400 627 xv;
1423 563 1585 614 Joan.
1627 557 1748 628 xx).

164 661 324 718 Unde
353 666 409 714 et
427 659 578 714 idem
599 657 859 728 egregius
883 653 1216 727 praedicator
1234 651 1345 705 alio
1366 649 1424 704 in
1443 651 1562 704 loco
1582 648 1718 702 dicit
1741 663 1754 702 :

165 752 318 806 Misit
335 751 476 802 Deus
491 749 698 802 Filium
714 761 881 798 suum
902 746 1114 810 factum
1139 757 1203 794 ea:
1220 742 1455 792 muliere
1486 739 1622 806 (Gal.
1649 737 1749 804 iv).

167 837 421 893 Pontifex
441 841 628 890 autem
651 831 1014 889 confessionis
1037 835 1242 883 nostra:
1281 827 1524 897 est,quia
1544 825 1760 880 confes-

168 929 381 982 sionem
403 925 534 978 ﬁdei
552 929 759 978 nostrae
775 919 1073 992 praetendit
1089 923 1220 971 ante
1233 918 1412 970 Deum
1430 917 1652 969 Patrem
1667 914 1761 985 qui

168 1016 351 1071 ﬁdelis
381 1019 468 1068 est
498 1013 568 1077 ei,
597 1011 650 1064 id
673 1015 759 1064 est
783 1009 896 1064 Deo
921 1007 1077 1061 Patri
1114 1005 1210 1077 qui
1239 1005 1369 1061 fecit
1397 1005 1576 1064 illum,
1604 1004 1764 1073 juxta

169 1105 317 1178 quod
343 1103 478 1158 alibi
506 1099 873 1170 dicitur,quia
908 1096 1087 1150 factus
1119 1101 1204 1149 est
1239 1095 1289 1149 ei
1319 1112 1385 1148 ex
1419 1092 1634 1147 semine
1667 1093 1769 1146 Da-

169 1194 260 1248 vid
286 1190 594 1247 secundum
625 1203 876 1242 carnem.
899 1183 1224 1239 Notandum
1258 1188 1445 1236 autem
1473 1181 1542 1234 de
1573 1180 1769 1234 huma-

171 1282 368 1337 nitatis
407 1278 653 1335 essentia
683 1278 788 1331 hoc
817 1291 939 1329 esse
967 1273 1179 1327 dictum
1209 1272 1266 1326 in
1305 1288 1416 1342 qua
1441 1270 1560 1340 ipse
1592 1268 1770 1323 ﬁdelis

170 1372 278 1426 fuit
306 1371 422 1424 Deo
448 1367 624 1430 Patri,
657 1366 905 1420 obediens
935 1363 986 1416 ei
1033 1378 1199 1430 usque
1227 1362 1302 1413 ad
1344 1364 1576 1412 mortem
1605 1359 1768 1425 (Phil.

173 1465 252 1530 II).
274 1461 474 1514 Nonne
501 1455 682 1510 ﬁdelis
705 1458 830 1508 erat
845 1453 960 1506 Deo
982 1450 1157 1514 Patri,
1189 1448 1414 1520 quando
1442 1446 1630 1500 omnia
1652 1463 1774 1516 qua;

175 1547 401 1620 agebat,
436 1561 548 1599 non
578 1560 692 1598 sua:
719 1541 916 1612 gloriae
937 1537 1368 1611 reputabat,sed
1384 1535 1539 1590 Patri
1560 1535 1770 1589 dicens:

178 1639 345 1692 Pater
371 1638 431 1688 in
459 1649 543 1687 me
575 1645 806 1685 manens
832 1631 943 1700 ipse
972 1629 1109 1695 facit
1138 1642 1300 1694 opera
1325 1630 1348 1678 ?
1369 1625 1527 1680 Sicut
1548 1628 1606 1678 et
1625 1622 1778 1694 Moy-

1841 555 1898 609 id
1919 561 2004 610 est
2023 556 2190 611 ﬁdem
2220 563 2433 612 rectam
2463 565 2521 612 et
2545 560 2784 630 gloriam
2814 561 2932 631 spei
2973 567 3179 616 nostra;
3209 563 3434 618 ﬁrmam

1843 644 2242 700 retinuerimus
2268 663 2446 717 usque
2466 648 2536 701 ad
2564 649 2733 702 ﬁnem
2763 650 2962 704 mortis
2992 656 3217 718 nostrae,
3232 652 3318 706 vel
3345 669 3438 707 us-

1843 750 1952 804 que
1983 734 2053 786 ad
2108 734 2256 788 diem
2292 735 2512 805 judicii.
2547 737 2740 791 Gloria
2769 739 2888 808 spei
2933 746 3139 794 nostra;
3187 746 3292 804 est,
3326 756 3439 812 qua

1841 822 2155 892 gloriamur
2182 838 2284 878 nos
2323 824 2379 877 in
2427 841 2524 896 spe
2547 826 2667 896 jam
2699 842 2820 880 esse
2849 827 2994 882 ﬁlios
3022 828 3143 894 Dei,
3194 835 3252 883 et
3290 830 3440 901 quod

1846 911 2010 965 modo
2032 917 2290 966 tenemus
2310 912 2368 966 in
2390 931 2506 984 spe,
2542 914 2822 969 credimus
2858 933 2959 970 nos
2988 934 3344 987 possessuros
3379 918 3439 974 in

1848 1015 1928 1052 re.
1956 999 2108 1052 Bona
2126 1001 2273 1053 enim
2293 1017 2417 1070 qua;
2439 1001 2600 1056 nobis
2624 1004 2900 1072 promissa
2921 1011 3072 1070 sunt,
3114 1005 3172 1060 in
3194 1005 3299 1060 hac
3327 1022 3441 1077 pae-

1848 1086 1963 1140 nali
1992 1088 2103 1142 vita
2132 1087 2337 1142 habere
2357 1106 2712 1160 nequaquam
2737 1109 3052 1162 possumus,
3077 1095 3443 1165 quamobrem

1849 1175 2120 1230 habentes
2158 1176 2324 1230 ﬁdem
2356 1183 2581 1244 rectam,
2605 1195 2762 1250 spem
2793 1186 3026 1247 certam,
3058 1189 3444 1255 exspectemus

1855 1264 2133 1333 patienter
2153 1265 2381 1335 pmmia
2404 1265 2564 1321 nobis
2595 1283 2628 1320 a
2657 1268 2894 1323 Domino
2915 1271 3212 1340 promissa.
3245 1274 3448 1345 Sequi-

1853 1357 1984 1407 tur:
2009 1353 2369 1422 Quapropter,
2404 1356 2538 1408 dicit
2566 1355 2834 1424 Spiritus,
2852 1359 3013 1411 hodie
3044 1363 3095 1413 si
3124 1377 3302 1415 vocem
3332 1365 3450 1430 ejus

1854 1442 2170 1507 audieritis,
2203 1445 2371 1496 nolite
2395 1445 2669 1497 obdurare
2699 1446 2864 1499 corda
2895 1453 3095 1513 vestra,
3126 1455 3451 1520 etc.,usque

1857 1529 1928 1583 ad
1964 1532 2016 1583 si
2053 1531 2368 1584 introibant
2409 1533 2474 1584 in
2521 1536 2768 1601 requiem
2814 1551 3013 1589 meam.
3047 1536 3129 1592 De
3155 1553 3252 1610 spe
3283 1538 3454 1610 paulo

1857 1618 2117 1689 superius
2171 1617 2392 1672 locutus
2446 1619 2634 1674 fuerat
2677 1619 2872 1676 beatus
2925 1626 3248 1695 Apostolus,
3305 1628 3456 1698 quod

179 1742 292 1791 ses,
319 1721 525 1793 inquit,
557 1719 738 1774 ﬁdelis
760 1721 884 1772 erat
912 1717 971 1770 in
1002 1715 1152 1769 omni
1177 1715 1344 1768 domo
1376 1715 1516 1784 ejus.
1536 1712 1776 1766 Domum
1799 1713 2116 1793 _oporteat
2152 1723 2380 1778 sperare
2423 1724 2490 1762 ea
2518 1725 2641 1779 quae
2670 1709 2860 1764 futura
2897 1719 3048 1780 sunt,
3102 1719 3160 1768 et
3198 1715 3297 1770 dat
3324 1716 3456 1771 inde

179 1781 291 1868 Dei,
315 1781 419 1864 hic;
434 1781 701 1880 populum
727 1805 996 1860 debemus
1023 1803 1359 1873 intelligere,
1391 1781 1608 1873 plebem
1636 1799 1780 1855 scili-
1799 1781 1846 1841 Β
1864 1796 2255 1850 testimonium
2284 1797 2673 1868 propheticum
2701 1799 2806 1854 sub
2849 1803 3268 1872 comparatione
3317 1822 3460 1877 quo-

182 1907 274 1956 cet
295 1897 684 1957 Israeliticam,
717 1894 806 1948 cui
835 1893 1056 1964 Moyses
1087 1890 1419 1962 praepositus
1440 1895 1562 1942 erat
1588 1906 1622 1942 a
1648 1889 1783 1955 Deo,

183 1991 252 2045 de
284 2005 400 2060 qua
427 1987 592 2040 domo
619 1982 755 2037 dicit
772 1982 980 2036 Isaias:
1038 1981 1197 2034 Vinea
1226 1981 1454 2033 Domini
1482 1979 1676 2031 domus
1705 1978 1788 2030 Is-

189 2079 308 2132 rael
338 2079 434 2138 est,
460 2078 516 2126 et
535 2072 743 2125 iterum
766 2067 1112 2122 exhortando
1147 2084 1158 2118 :
1182 2067 1386 2120 Domus
1408 2065 1589 2129 Jacob,
1615 2066 1788 2117 venite

189 2169 240 2217 et
266 2163 620 2217 ambulemus
667 2161 727 2210 in
756 2159 966 2209 lumine
1007 2157 1100 2208 Dei
1126 2157 1215 2218 (Is.
1259 2168 1319 2214 ii,
1353 2156 1424 2222 v).
1466 2153 1530 2207 In
1557 2167 1668 2222 qua
1691 2150 1792 2204 do-

189 2267 284 2306 mo
317 2249 538 2319 Moyses
567 2245 750 2300 ﬁdelis
775 2243 900 2308 fuit,
925 2243 983 2296 id
1013 2247 1098 2296 est
1135 2241 1368 2296 devotus
1414 2246 1472 2294 et
1511 2239 1670 2293 bonae
1698 2255 1795 2292 vo-

197 2337 460 2401 luntatis,
490 2334 795 2390 defendens
821 2348 887 2386 ea
916 2348 1039 2402 quae
1075 2331 1178 2385 Dei
1216 2335 1398 2396 erant,
1430 2328 1646 2400 sibique
1685 2343 1798 2381 non

205 2441 495 2497 usurpans
517 2423 757 2494 gloriam
781 2421 903 2476 Dei.

266 2517 576 2584 Ampliaris
628 2513 780 2565 enim
823 2512 1012 2578 gloria
1065 2511 1165 2562 iste
1221 2524 1333 2578 prae
1380 2510 1558 2576 Moyse
1601 2508 1806 2575 dignus

1868 1885 2167 1939 dummodo
2197 1885 2280 1938 illi
2318 1885 2628 1956 perierunt,
2677 1889 2774 1959 qui
2802 1889 3246 1960 desperaverunt
3275 1894 3346 1950 de
3366 1911 3464 1966 po-

1867 1973 2048 2028 tentia
2075 1973 2195 2039 Dei,
2221 1979 2278 2028 et
2306 1974 2440 2044 quid
2470 1984 2905 2045 promeruerunt
2926 1979 3089 2049 pauci
3120 1980 3216 2052 qui
3245 1982 3349 2038 sub
3364 2001 3463 2055 spe

1872 2069 2026 2118 certa
2054 2063 2344 2134 promissis
2368 2063 2476 2119 Dei
2497 2065 2876 2121 crediderunt.
2903 2068 3047 2132 Quia
3067 2085 3202 2142 ergo
3231 2071 3467 2130 obscure

1874 2152 2073 2207 beatus
2093 2151 2392 2223 Apostolus
2421 2153 2642 2208 locutus
2669 2161 2772 2221 est,
2805 2172 3032 2214 necesse
3081 2165 3169 2214 est
3197 2163 3470 2234 replicare

1877 2240 2119 2296 hostiam
2167 2241 2388 2296 Veteris
2430 2242 2796 2308 Testamenti,
2856 2252 2921 2300 ut
2976 2249 3329 2305 manifestior
3372 2253 3474 2308 ﬁat

1881 2329 2081 2385 oratio.
2137 2327 2385 2384 Eductus
2438 2331 2680 2401 populus
2727 2333 3072 2390 Israeliticus
3108 2337 3178 2392 de
3215 2339 3478 2412 [Egyptia

1886 2419 2156 2474 servitute
2200 2418 2260 2472 in
2316 2419 2490 2489 signis
2541 2425 2600 2474 et
2655 2421 3009 2478 mirabilibus
3061 2424 3306 2494 Domini,
3350 2445 3480 2485 cum

1889 2507 2127 2561 multam
2162 2506 2308 2559 viam
2338 2506 2544 2561 deserti
2576 2508 3076 2578 perambulassent,
3119 2514 3265 2583 pasti
3290 2530 3323 2568 a
3366 2516 3481 2570 Do-

206 2605 433 2658 habitus
462 2606 557 2666 est,
580 2604 790 2668 quanto
839 2599 1168 2667 ampliorem
1220 2599 1482 2652 honorem
1530 2597 1686 2650 habet
1715 2596 1806 2650 do-
1889 2595 2042 2649 mino
2091 2611 2316 2659 manna,
2347 2611 2495 2664 aqua
2538 2595 2608 2649 de
2659 2603 2821 2666 petra
2868 2599 3064 2668 potati,
3097 2602 3330 2673 ejusque
3358 2621 3484 2675 pro-

207 2708 331 2746 mus
366 2691 466 2759 qui
491 2690 787 2756 fabricavit
820 2690 1001 2740 illam.
1031 2687 1149 2740 Hoc
1175 2685 1234 2740 in
1268 2686 1388 2740 loco
1419 2689 1518 2740 aut
1547 2685 1654 2738 erit
1700 2684 1810 2756 hy-
1890 2684 2134 2738 tectione
2163 2682 2352 2749 tutati,
2402 2683 2699 2738 consilium
2736 2685 2988 2742 inierunt
3016 2705 3212 2744 omnes
3258 2692 3486 2749 mittere

205 2780 436 2852 pallage
478 2777 536 2830 in
573 2793 761 2841 sensu,
816 2780 913 2829 aut
961 2775 1099 2828 satis
1130 2774 1446 2829 necessaria
1490 2772 1811 2828 subauditio
1894 2773 1964 2825 de
2019 2771 2256 2841 singulis
2310 2770 2567 2826 tribubus
2614 2773 2892 2845 principes
2930 2779 3329 2847 speculatores,
3389 2781 3488 2853 qui

209 2871 562 2940 supponetur
580 2865 687 2920 hoc
707 2864 1077 2918 modo.Tanto
1102 2863 1329 2934 majoris
1347 2862 1540 2933 gloriae
1557 2861 1815 2917 Christus
1897 2859 2166 2914 deberent
2193 2861 2471 2931 speculari
2495 2867 2665 2932 atque
2691 2863 3045 2919 considerare
3079 2871 3293 2922 terram
3322 2885 3357 2923 a
3387 2869 3492 2925 Do-

210 2974 329 3029 prie
355 2954 554 3026 Moyse
581 2954 784 3024 dignus
805 2952 1064 3006 inventus
1076 2957 1399 3022 est,quanto
1413 2953 1685 3022 majorem
1713 2951 1816 3004 ho-

1899 2948 2053 3002 mino
2082 2947 2187 3001 sibi
2217 2949 2578 3019 promissam.
2617 2949 2726 3014 Qui
2771 2959 3069 3022 pergentes
3107 2955 3494 3014 lustraverunt

212 3061 420 3102 norem
442 3043 634 3105 habet,
657 3040 922 3096 subaudis
951 3039 1222 3095 Dominus
1243 3041 1443 3095 domus
1472 3039 1566 3111 qui
1585 3039 1820 3093 fabrica-
1899 3044 2148 3103 terram;
2185 3036 2506 3107 reversique
2525 3044 2660 3092 sunt
2687 3045 2814 3109 post
2837 3041 3084 3109 spatium
3116 3044 3496 3116 quadraginta

215 3135 300 3189 vit
327 3132 588 3188 eamdem
614 3130 867 3195 domum,
899 3127 1012 3182 sive
1041 3133 1200 3182 tanto
1226 3128 1426 3198 majori
1457 3126 1639 3198 gloria
1667 3124 1880 3186 Chri-C
1905 3125 2123 3180 dierum
2167 3124 2238 3178 ad
2275 3124 2720 3189 multitudinem,
2742 3129 3068 3184 nuntiantes
3095 3136 3307 3186 terram
3345 3133 3501 3190 ferti-

217 3227 346 3278 stus
373 3237 492 3292 prae
520 3219 712 3290 Moyse
741 3217 946 3287 dignus
974 3217 1233 3271 inventus
1262 3223 1368 3281 est,
1395 3222 1604 3287 quanto
1645 3215 1824 3286 majo-

1906 3212 2204 3275 lissimam,
2238 3227 2688 3285 magnorumque
2717 3215 3001 3270 fructuum
3042 3221 3498 3291 procreatricem,

216 3328 340 3366 rem
377 3310 650 3363 honorem
681 3305 853 3360 habet
877 3304 1181 3359 fabricator
1208 3321 1242 3359 a
1272 3305 1458 3370 domo,
1489 3321 1660 3375 quam
1701 3303 1824 3374 ipse
1913 3301 2012 3356 sed
2043 3300 2250 3355 habere
2311 3300 2479 3356 urbes
2524 3302 2792 3374 munitas,
2845 3305 3100 3376 virosque
3151 3307 3505 3382 inexpugna-

219 3397 537 3454 tabricavit.
570 3395 888 3464 Redditque
918 3409 1141 3448 causam
1172 3409 1346 3464 quare
1385 3393 1613 3461 majoris
1633 3391 1823 3462 gloriae
1905 3389 2047 3444 biles
2075 3406 2196 3444 esse
2216 3389 2274 3444 in
2304 3405 2391 3454 ea,
2422 3396 2488 3445 ut
2517 3396 2649 3462 pote
2678 3391 2747 3446 de
2775 3393 2949 3464 stirpe
2974 3394 3262 3464 Enachim,
3291 3399 3396 3454 hoc
3420 3406 3509 3457 est

221 3488 295 3543 sit
313 3485 624 3542 fabricator
652 3484 854 3538 domus
883 3498 1051 3552 quam
1079 3481 1282 3535 domus
1309 3480 1379 3534 ab
1410 3498 1475 3535 eo
1523 3479 1817 3538 fabricata.

297 3577 499 3633 Omnis
531 3588 769 3640 namque
799 3571 997 3624 domus
1016 3571 1337 3636 fabricatur
1375 3571 1444 3623 ab
1482 3571 1686 3638 aliquo.
1725 3571 1831 3636 Qui

228 3672 426 3722 autem
455 3665 646 3716 omnia
673 3662 897 3723 creavit,
924 3660 1088 3725 Deus,
1109 3658 1379 3714 subaudis
1406 3665 1507 3713 est.
1533 3658 1636 3712 Hic
1652 3658 1828 3712 facto-

225 3771 351 3809 rem
376 3769 415 3807 a
442 3752 662 3805 factura
691 3747 979 3809 discernit,
995 3747 1292 3819 utriusque
1313 3748 1513 3802 domus
1542 3752 1830 3801 auctorem

228 3843 418 3898 Deum
447 3855 569 3893 esse
599 3836 839 3907 intelligi
858 3837 1070 3902 volens,
1085 3841 1142 3890 et
1165 3836 1356 3908 populi
1378 3836 1590 3890 scilicet
1611 3834 1835 3889 Israeli-

228 3931 350 3997 tici,
386 3933 448 3983 et
473 3925 721 3998 gentilis.

301 4020 371 4072 Et
406 4017 613 4082 Moyses
625 4014 845 4082 quidem
864 4014 1039 4081 fidelis
1064 4018 1202 4078 erat,
1253 4013 1359 4067 hoc
1380 4017 1486 4076 est,
1524 4013 1756 4066 devotus
1783 4018 1840 4065 et

227 4106 396 4161 bonae
413 4102 721 4158 voluntatis
741 4105 804 4156 in
818 4107 927 4155 tota
945 4104 1103 4156 domo
1119 4106 1255 4170 ejus,
1285 4107 1555 4169 tanquam
1584 4103 1838 4170 famulus

230 4195 296 4248 in
338 4193 726 4247 testimonium
747 4204 958 4251 eorum,
981 4188 1250 4244 subaudis
1271 4189 1585 4252 verborum,
1610 4206 1728 4257 qua
1747 4191 1834 4244 di-

233 4282 410 4334 cenda
439 4282 632 4340 erant;
663 4279 914 4333 Christus
934 4283 1119 4332 autem
1145 4284 1412 4346 tanquam
1427 4281 1580 4345 ﬁlius
1597 4281 1656 4330 in
1675 4279 1836 4332 domo

234 4383 340 4422 sua
371 4365 613 4427 habitat,
639 4365 906 4420 ordinans
921 4371 978 4419 et
996 4365 1296 4437 disponens
1319 4365 1470 4419 illam
1482 4366 1723 4429 .Quanta
1735 4366 1838 4419 dif-

233 4455 484 4510 ferentia
505 4459 594 4508 est
621 4453 771 4508 inter
797 4453 1070 4508 famulum
1089 4471 1254 4525 quem
1277 4453 1678 4524 paterfamilias
1707 4471 1843 4525 prae-

235 4545 401 4616 ponit
427 4542 624 4596 domui
649 4558 785 4609 suae,
818 4548 875 4596 et
894 4543 1072 4597 ﬁlium
1106 4559 1273 4613 quem
1309 4542 1652 4614 derelinquit
1675 4543 1846 4597 haere-

236 4633 389 4695 dem,
422 4636 588 4685 tanta
618 4629 888 4684 distantia
917 4636 1002 4684 est
1030 4630 1179 4684 inter
1198 4631 1424 4702 Moysen
1448 4638 1507 4684 et
1534 4631 1841 4685 Christum.

237 4721 469 4792 Moyses
481 4718 634 4772 enim
664 4718 847 4772 ﬁdelis
877 4723 932 4772 et
953 4719 1186 4772 devotus
1207 4719 1451 4774 famulus
1471 4719 1579 4773 fuit
1601 4719 1657 4773 in
1680 4719 1845 4774 domo

238 4809 345 4862 Dei
375 4806 804 4878 omnipotentis,
831 4807 937 4860 hoc
983 4812 1069 4860 est
1116 4806 1174 4860 in
1218 4806 1383 4877 plebe
1432 4807 1738 4862 Israelitica
1785 4808 1843 4861 in

239 4895 638 4951 testimonium
683 4911 879 4949 eorum
919 4893 1238 4960 verborum,
1269 4911 1391 4965 qua:
1430 4912 1531 4966 per
1565 4896 1725 4950 illum
1759 4895 1848 4949 di-

240 4984 424 5038 cenda
453 4990 620 5037 erant
647 4982 718 5037 ad
746 4983 1036 5053 populum,
1091 4983 1356 5054 quoniam
1393 4984 1553 5037 testis
1583 4989 1706 5037 erat
1730 5001 1850 5038 ver-

239 5071 450 5126 borum
474 5070 703 5126 Domini
732 5071 801 5124 ad
835 5071 1126 5142 p0pulum,
1172 5073 1491 5142 iterumque
1541 5072 1733 5142 pOpuli
1780 5073 1851 5126 ad

240 5157 429 5214 Deum
459 5176 473 5224 ;
503 5158 764 5212 Christus
788 5174 920 5212 vero
950 5158 1125 5213 libere
1153 5159 1379 5212 ordinat
1406 5159 1633 5213 domum
1668 5175 1848 5225 suam,

241 5246 356 5301 hoc
385 5252 476 5301 est
503 5247 811 5300 Ecclesiam
845 5262 1028 5311 suam,
1062 5252 1333 5317 tanquam
1384 5248 1532 5300 ﬁlius
1564 5248 1854 5301 haeredita-

244 5340 365 5389 tem
399 5340 718 5405 paternam.
751 5335 831 5389 De
859 5351 972 5405 qua
999 5335 1165 5389 domo
1195 5335 1490 5406 subjungit
1534 5337 1850 5405 Apostolus,

245 5422 449 5477 dicens
483 5438 496 5475 :
535 5423 661 5489 Qua
686 5423 883 5476 domus
905 5440 1101 5477 sumus
1135 5441 1252 5487 nos,
1288 5427 1338 5477 si
1373 5425 1636 5491 ﬁduciam
1670 5430 1718 5477 et
1746 5428 1860 5492 glo-

248 5514 412 5564 riam
439 5513 552 5578 spei
581 5527 750 5580 usque
774 5513 848 5565 ad
882 5515 1050 5578 ﬁnem
1079 5515 1306 5579 ﬁrmam
1333 5515 1690 5566 retineamus.
1725 5513 1862 5566 Hor-

249 5603 418 5652 tatur
444 5598 654 5652 iterum
699 5599 1002 5670 Apostolus
1047 5600 1312 5656 Hebrmos
1360 5602 1578 5656 fortiter
1606 5607 1758 5657 stare
1805 5602 1863 5657 in

1909 3480 2224 3550 gigantum.
2255 3478 2529 3534 Israelita;
2558 3497 2688 3534 vero
2716 3481 2924 3552 ingrati
2946 3489 3002 3538 et
3027 3483 3320 3553 insensati,
3363 3505 3506 3560 quos

1913 3567 2209 3638 oportebat
2256 3567 2538 3622 recordari
2593 3573 2880 3624 tantorum
2929 3571 3032 3626 Dei
3082 3572 3504 3645 beneﬁciorum,

1914 3656 2196 3728 quomodo
2251 3672 2346 3709 eos
2401 3657 2621 3710 clausos
2673 3656 2732 3710 in
2787 3657 2974 3713 medio
3024 3662 3168 3715 tanti
3230 3664 3508 3721 exercitus

1916 3744 2315 3816 [Egyptiorum
2363 3744 2632 3814 eripuerit
2679 3745 2748 3799 de
2786 3747 3068 3816 periculis,
3097 3751 3509 3826 ﬂuviorumque

1919 3833 2099 3888 fontes
2128 3833 2197 3886 de
2226 3837 2387 3902 petra
2414 3833 2534 3886 sine
2565 3833 2782 3888 defectu
2813 3835 3120 3904 donaverit,
3164 3856 3374 3896 manna
3403 3843 3509 3898 tri-

1918 3920 2794 3990 buerit,aliaqueinnumerabilia
2809 3921 3079 3979 beneﬁcia
3089 3926 3170 3980 eis
3188 3931 3512 3997 contulerit,

1919 4026 2020 4064 nec
2047 4010 2162 4064 Deo
2187 4008 2563 4068 crediderunt.
2589 4009 2950 4080 desperantes
2983 4012 3052 4066 de
3083 4015 3206 4084 ejus
3237 4017 3507 4085 potentia,

1920 4114 2022 4152 nec
2031 4099 2232 4153 horum
2247 4096 2454 4166 aliquid
2469 4099 2832 4152 rememorati
2843 4102 3098 4166 sunt,sed
3108 4087 3313 4158 timore
3323 4105 3518 4178 despe-

1917 4188 2076 4242 rabili
2099 4187 2401 4258 perterriti,
2423 4187 2830 4242 murmurando
2845 4189 3108 4245 dixerunt
3128 4211 3139 4246 ;
3160 4193 3388 4250 Utinam
3399 4213 3514 4252 non

1920 4277 2240 4331 introducat
2258 4292 2360 4329 nos
2379 4276 2651 4331 Dominus
2671 4276 2730 4330 in
2750 4283 2959 4332 terram
2975 4279 3151 4346 illam,
3169 4290 3521 4344 revertamur

1922 4365 1980 4419 in
2018 4365 2340 4435 Egyptum.
2367 4364 2516 4418 Deus
2541 4366 2715 4436 igitur
2741 4366 2917 4422 iratus
2938 4369 3087 4439 quod
3115 4369 3197 4426 sic
3221 4372 3332 4428 cito
3360 4376 3520 4433 obliti

1924 4453 2165 4508 fuissent
2193 4452 2590 4507 beneﬁciorum
2643 4471 2709 4508 ac
2752 4455 3093 4510 mirabilium
3141 4460 3284 4530 ejus,
3305 4464 3521 4532 juravit

1926 4541 2073 4611 quod
2102 4557 2213 4594 non
2242 4546 2388 4594 esset
2414 4541 2697 4596 intrature
2731 4547 3022 4614 generatio
3055 4547 3151 4602 illa
3181 4548 3239 4603 in
3263 4553 3518 4622 requiem

1927 4636 1984 4682 et
2003 4627 2243 4700 patriam
2275 4627 2406 4681 olim
2434 4627 2686 4698 patribus
2701 4633 3054 4700 promissam,
3073 4636 3262 4708 sicque
3286 4639 3381 4692 illa
3391 4655 3518 4694 sex-

1929 4716 2093 4772 centa
2125 4716 2306 4770 millia
2324 4732 2446 4786 quae
2466 4733 2692 4785 egressa
2719 4726 2852 4774 sunt
2870 4722 2939 4775 de
2948 4723 3189 4795 Egypto
3210 4726 3521 4796 perierunt,

1929 4811 2134 4876 praeter
2162 4805 2302 4857 duos
2334 4805 2761 4858 tantummodo:
2809 4808 3018 4880 Caleph
3049 4811 3304 4868 videlicet
3339 4815 3522 4872 ﬁlium

1927 4893 2218 4965 Jephonae,
2246 4896 2301 4945 et
2315 4892 2482 4945 Josue
2511 4891 2689 4946 ﬁlium
2708 4893 2962 4966 Nun,qui
2982 4898 3314 4957 seditionem
3331 4906 3525 4976 populi

1931 4997 2284 5052 compescere
2331 4980 2439 5034 nisi
2477 4987 2628 5040 sunt.
2673 4981 2884 5036 creduli
2921 4986 3386 5054 promissionibus
3411 4993 3526 5050 Do-

1936 5070 2094 5124 mini.
2117 5069 2440 5124 Notandum
2467 5075 2655 5123 autem
2684 5075 2799 5125 tres
2826 5074 3048 5144 requies
3075 5076 3146 5131 ab
3173 5081 3440 5152 Apostolo
3466 5086 3529 5142 in

1933 5160 2040 5212 hac
2070 5157 2759 5229 Epistolacommemorari
2790 5177 2801 5212 :
2831 5176 3002 5218 unam
3026 5165 3264 5236 sabbati,
3297 5188 3410 5242 qua
3435 5191 3528 5230 re-

1939 5247 2149 5318 quievit
2182 5246 2329 5300 Deus
2359 5246 2429 5300 ab
2461 5245 2723 5316 operibus
2748 5248 2902 5316 suis’;
2935 5256 3239 5312 secundam
3270 5260 3327 5314 in
3359 5261 3534 5319 Palm-

1941 5337 2108 5402 stina,
2139 5335 2198 5390 in
2228 5351 2394 5406 quam
2422 5334 2658 5405 ingressi
2684 5338 2951 5394 Israelita;
2982 5346 3290 5416 requieturi
3316 5359 3532 5408 eranta

1943 5423 2169 5479 miseria
2206 5430 2264 5478 et
2304 5423 2588 5479 laboribus
2628 5427 2852 5495 multis;
2903 5432 3130 5488 tertiam
3157 5453 3380 5510 quoque
3407 5457 3532 5512 qua

1945 5531 2076 5568 vera
2126 5517 2213 5568 est
2253 5513 2496 5584 requies,
2549 5531 2785 5585 regnum
2829 5517 3089 5577 videlicet
3141 5526 3430 5598 calorum,
3460 5531 3533 5585 ad

1949 5618 2118 5673 quam
2161 5617 2300 5672 quos
2337 5600 2628 5672 pervenire
2689 5605 3008 5674 contigerit,
3067 5611 3390 5680 plenissime
3436 5633 3531 5673 re-

253 5687 395 5754 ﬁde,
428 5691 486 5740 et
513 5702 868 5758 perseverare
896 5687 956 5742 in
986 5687 1133 5744 bono
1158 5706 1345 5761 opere,
1366 5691 1610 5761 jungens
1629 5708 1689 5746 se
1711 5706 1867 5746 more
1950 5690 2243 5761 quiescent
2263 5707 2296 5745 a
2315 5689 2599 5747 laboribus
2629 5693 3004 5766 aerumnisque
3038 5697 3208 5768 hujus
3236 5704 3442 5772 saeculi,
3469 5706 3541 5763 de

513 5786 784 5848 PATROL.
831 5784 1070 5850 CXVII.

3229 5797 3306 5853 27
