3884 6154
125 310 211 375 345
376 276 379 279 ’
797 308 1177 366 mosmo
1207 310 1287 367 IN
1315 310 1470 368 EPP.
1504 311 1561 367 s.
1594 310 1832 369 PAULI.
1866 346 1925 357 -
1959 310 2038 369 IN
2067 308 2289 371 EPIST.
2322 310 2419 370 AD
2450 312 2661 374 usus.
3251 312 3360 384 sic.

129 442 353 513 gentiam,
390 434 492 490 Ille
521 435 670 490 enim
703 436 799 506 qui
826 436 962 490 satis
992 436 1233 507 perfecte
1254 453 1366 491 non
1385 436 1580 502 credit,
1604 452 1687 490 so-
1702 437 1753 495 Α
1828 439 2032 506 Quibus
2046 445 2233 495 autem
2251 443 2505 509 infensus
2522 449 2599 497 est
2611 447 2989 514 quadraginta
3007 454 3205 505 annis?
3224 470 3358 508 non-

138 524 581 599 letplerumquein
596 524 1046 595 desperationem
1062 525 1548 596 ruere,redditque
1560 540 1686 579 cau-
1768 543 1833 581 ne
1853 529 1969 581 illis
1998 531 2098 596 qui
2106 535 2485 596 peccaverunt,
2512 548 2753 599 quorum
2790 538 3057 592 cadavera
3070 547 3357 607 prostrata

139 630 421 686 sam,quare
446 628 611 667 nemo
632 612 834 691 debeat
859 614 1157 683 desperare
1184 614 1254 668 de
1281 613 1443 668 venia
1463 612 1679 667 dicens:
1766 620 1896 669 sunt
1915 620 1975 669 in
1989 619 2194 671 deserto
2211 624 2235 672 ?
2264 620 2471 685 Quibus
2500 627 2688 675 autem
2707 627 2931 691 juravit
2968 642 3081 681 non
3119 631 3358 689 introire

196 705 464 770 Participes
479 705 630 755 enim
648 702 856 755 Christi
883 705 1055 769 effecti
1072 719 1284 755 sumus.
1314 702 1540 756 Christo
1560 717 1687 772 par-
1766 708 2013 773 requiem
2049 723 2210 760 suam
2256 711 2370 761 nisi
2396 712 2514 763 illis
2543 715 2644 778 qui
2672 714 2955 767 increduli
2980 716 3215 783 fuerunt
3244 724 3266 770 ?
3295 719 3361 775 Id

132 793 397 863 ticipamur
431 794 483 843 et
512 790 925 859 conjungimur,
967 795 1031 843 ut
1056 794 1188 861 pote
1229 805 1405 844 unum
1432 806 1559 843 cum
1585 789 1683 843 illo
1766 799 1872 859 est,
1901 793 2013 847 illis
2044 794 2141 865 qui
2167 793 2565 852 dubitaverunt
2616 800 2765 871 quod
2810 802 3088 872 potuisset
3113 822 3209 861 eos
3244 808 3363 863 Do-

134 881 409 937 existentes.
440 877 501 932 Si
526 878 753 949 quidem
780 878 836 931 in
863 878 969 932 hoc
996 878 1401 950 participamur
1422 878 1523 942 illi,
1557 878 1690 948 quia
1771 882 1957 935 minus
1979 881 2243 939 inducere
2285 884 2344 938 in
2374 890 2583 940 terram
2631 890 3104 959 repromissionis.
3126 878 3193 948 Et
3217 882 3361 951 vide-

129 969 229 1040 ipse
250 971 405 1038 caput
441 971 718 1031 nostrum,
754 970 810 1019 et
838 981 940 1019 nos
979 964 1233 1020 membra
1256 965 1426 1031 illius,
1451 966 1689 1020 cohaere-
1770 985 1915 1036 mus,
1953 970 2011 1024 id
2054 979 2139 1026 est
2180 972 2566 1044 intelligimus,
2612 976 2879 1046 quoniam
2916 995 3029 1033 non
3053 987 3362 1048 potuerunt

128 1058 211 1111 des
235 1061 285 1109 et
304 1054 719 1126 concorporales
738 1054 839 1121 illi,
852 1054 1159 1109 secundum
1180 1054 1490 1125 spiritalem
1511 1054 1689 1107 homi-
1769 1056 1983 1112 intrare
2008 1058 2067 1135 in
2087 1060 2338 1130 requiem
2383 1062 2559 1133 ipsius
2585 1064 2686 1119 illa
2712 1072 2972 1121 sexcenta
3000 1067 3178 1124 millia
3196 1066 3364 1142 prope

125 1161 238 1199 nem
265 1143 354 1214 qui
380 1147 602 1198 creatus
623 1148 709 1197 est
734 1143 794 1196 in
820 1142 962 1214 ipso.
994 1141 1057 1197 In
1087 1159 1153 1197 eo
1185 1143 1357 1197 etiam
1383 1142 1687 1215 participa-
1772 1151 1853 1200 ter
1876 1148 2351 1208 incredulitatem.

124 1249 234 1289 mur
254 1232 350 1301 illi,
369 1231 501 1302 quia
525 1247 726 1302 corpus
746 1237 803 1285 et
820 1231 1154 1302 sanguinem
1174 1232 1293 1301 ejus
1321 1230 1597 1284 sumimus
1617 1231 1688 1285 ad
2378 1288 2422 1302 __
2438 1286 2452 1302 ι
2473 1288 2613 1302 _-__
2643 1276 2651 1302 ε

124 1286 535 1392 redemptidnem
566 1286 764 1387 ndstri,
788 1286 1130 1391 quapropter
1146 1286 1260 1373 min
1281 1325 1366 1374 est
1391 1319 1690 1389 desperan-
2377 1286 2613 1347 CAPUT
2642 1290 2748 1348 Π·

122 1412 254 1469 dum,
280 1410 342 1466 Si
369 1414 557 1463 tamen
601 1411 835 1462 initium
862 1411 1182 1463 substantia:
1204 1425 1375 1477 usque
1412 1409 1485 1461 ad
1519 1411 1687 1477 ﬁnem
1848 1409 2161 1464 Timeamus
2180 1428 2306 1481 ergo
2318 1429 2383 1467 ne
2395 1416 2537 1481 forte
2552 1419 2745 1472 relicta
2769 1424 3172 1488 pollicitatione
3191 1433 3368 1489 intro-

121 1502 325 1565 ﬁrmum
342 1499 845 1564 retineamus,dum
856 1498 1066 1550 dicitur
1088 1515 1104 1550 :
1126 1498 1292 1551 Hodie
1312 1499 1362 1551 si
1372 1514 1553 1554 vocem
1572 1501 1687 1567 ejus
1770 1497 1944 1550 eundi
1964 1500 2027 1551 in
2052 1502 2298 1567 requiem
2319 1505 2513 1571 ipsius,
2540 1494 2887 1563 existimetur
2903 1514 3111 1585 aliquis
3133 1534 3198 1573 ea
3218 1522 3365 1575 vobis

121 1589 404 1650 audieritis,
425 1589 595 1639 nolite
618 1587 891 1640 obdurare
912 1586 1079 1640 corda
1100 1590 1278 1640 vestra
1292 1591 1488 1640 contra
1508 1586 1686 1641 Deum
1770 1584 1958 1639 deesse.
1981 1586 2325 1656 Timeamus,
2348 1590 2552 1661 inquit,
2593 1589 2967 1669 perditionem
2995 1584 3244 1674 illorum,
3268 1593 3369 1680 ju-

122 1675 170 1728 in
192 1674 1013 1761 inﬁdelitate,quemadmcdum
1034 1676 1099 1727 in
1130 1676 1232 1727 illa
1259 1677 1684 1741 exacerbatione,
1771 1677 2034 1761 stumque
2056 1675 2335 1745 judicium
2363 1679 2485 1739 Dei,
2516 1682 2612 1750 qui
2638 1683 2837 1738 reddet
2857 1687 3157 1761 unicuique
3172 1674 3369 1751 secun-

121 1763 361 1818 subaudis
389 1744 812 1817 obduraverunt
831 1768 1020 1834 patres
1039 1762 1208 1817 vestri
1237 1762 1407 1817 corda
1434 1779 1557 1818 sua.
1578 1763 1688 1817 Ini-
1703 1783 1751 1842 B
1769 1759 1903 1849 dum
1925 1744 2097 1833 opera
2119 1780 2241 1830 sua,
2264 1782 2335 1820 ne
2354 1766 2497 1821 forte
2513 1744 2706 1824 relicta
2735 1777 2791 1825 et
2812 1744 3084 1844 neglech
3094 1744 3365 1849 pollicita-

118 1851 237 1905 tium
260 1851 587 1906 substantiae
600 1851 807 1906 Christi
826 1852 964 1905 dicit
980 1851 1149 1905 ﬁdem
1170 1850 1397 1916 Christi,
1406 1868 1508 1922 per
1519 1867 1687 1923 quam
1770 1847 1924 1903 tione
1942 1849 2095 1915 ﬁdei,
2118 1868 2287 1922 quam
2313 1854 2427 1909 Deo
2453 1856 2712 1911 dedimus
2740 1859 2799 1913 in
2828 1847 3165 1933 baptismate
3193 1868 3369 1926 intro-

119 1939 453 1994 subsistimus
497 1945 557 1994 et
593 1940 779 1994 renati
817 1955 1036 2005 sumus,
1070 1938 1203 2010 quia
1229 1939 1348 2010 ipse
1376 1945 1462 1993 est
1490 1939 1685 1994 funda—
1772 1938 1940 1992 eundi
1986 1939 2046 1994 in
2093 1941 2348 2012 requiem
2395 1944 2590 2014 patriae
2632 1947 2896 2019 caelestis,
2922 1957 2980 2005 et
3015 1942 3367 2011 revertamur

119 2039 341 2082 mentum
355 2029 617 2082 omnium
632 2028 1002 2082 virtutum.Et
1017 2027 1159 2081 bene
1175 2027 1549 2082 substantiam
1562 2045 1687 2082 eam
1772 2025 1977 2081 iterum
2007 2028 2080 2082 ad
2108 2044 2280 2099 opera
2306 2029 2676 2098 inﬁdelitatis,
2709 2052 2831 2106 quae
2860 2036 3242 2098 abdicavimus
3269 2061 3364 2100 co-

119 2116 403 2187 vocat,quia
420 2116 573 2171 sicut
590 2132 793 2188 corpus
809 2116 999 2171 anima
1020 2115 1275 2170 subsistit
1287 2121 1345 2169 et
1358 2116 1686 2184 viviﬁcatur,
1770 2130 1892 2167 ram
1926 2116 2119 2170 multis
2149 2118 2406 2175 testibus.
2437 2120 2629 2176 Potest
2666 2129 2720 2178 et
2744 2124 2813 2178 de
2836 2125 2935 2180 illa
2963 2114 3364 2199 pollicitatione

118 2203 187 2258 ita
211 2205 389 2258 anima
436 2205 556 2259 ﬁde
603 2204 858 2260 subsistit
892 2205 952 2259 in
980 2204 1219 2259 Domino
1269 2209 1327 2258 et
1356 2204 1683 2268 viviﬁcatur,
1770 2201 2033 2274 intelligi,
2056 2220 2225 2275 quam
2250 2204 2520 2262 Dominus
2548 2211 2807 2281 promisit
2826 2204 2985 2271 nobis
3012 2203 3201 2275 dicens
3232 2240 3244 2275 :
3282 2223 3370 2276 Di-

120 2307 174 2345 ac
196 2293 305 2347 sine
332 2294 442 2348 ﬁde
478 2294 638 2364 quasi
666 2293 810 2347 nihil
839 2299 943 2348 est.
971 2294 1132 2349 Unde
1152 2293 1289 2347 dicit
1314 2309 1416 2363 per
1444 2294 1689 2365 praphe-
1770 2294 1899 2344 scite
1920 2307 1954 2345 a
1978 2309 2063 2345 me
2088 2298 2222 2362 quia
2253 2298 2406 2349 mitis
2441 2313 2567 2351 sum
2601 2304 2649 2352 et
2699 2300 2932 2357 humilis
2960 2309 3116 2360 corde
3145 2314 3193 2365 et
3223 2298 3368 2364 inve-

120 2387 216 2434 tam
238 2382 455 2449 (Habac.
484 2388 543 2449 ιι)
581 2400 593 2435 :
625 2384 817 2436 Justus
834 2387 1021 2437 autem
1047 2399 1205 2436 meus
1233 2398 1298 2436 es:
1317 2383 1420 2449 ﬁde
1443 2385 1596 2436 vivit.
1622 2385 1692 2438 Et
1775 2381 1938 2432 metis
1968 2383 2214 2450 requiem
2232 2385 2529 2438 animabus
2552 2390 2746 2467 vestris
2777 2389 2990 2460 (Matth.
3022 2394 3120 2463 ιι).
3153 2380 3225 2450 Et
3248 2382 3395 2468 ipse,

120 2469 244 2523 idem
277 2470 542 2540 egregius
570 2470 936 2541 praedicator:
970 2471 1102 2526 Sine
1119 2472 1242 2538 ﬁde,
1257 2470 1462 2541 inquit,
1493 2473 1690 2540 impos-
1772 2483 1905 2537 ergo
1933 2468 2093 2523 nobis
2121 2469 2276 2524 illam
2296 2473 2549 2542 requiem
2570 2476 2831 2544 promisit
2858 2483 2916 2532 et
2945 2496 3049 2535 nos
3075 2472 3375 2555 spopondi-

122 2560 250 2613 sibile
273 2565 343 2612 est
379 2562 608 2627 placere
659 2562 764 2617 Deo
807 2561 986 2627 (Hebr.
1017 2561 1112 2629 xx).
1146 2559 1472 2614 Substantia
1500 2564 1690 2615 autem
1773 2570 1899 2609 mus
1947 2573 2049 2611 nos
2089 2559 2399 2637 intraturos
2430 2560 2489 2614 in
2535 2578 2660 2616 eam
2701 2570 2954 2637 tempore
2991 2562 3366 2642 baptismatis.

123 2644 300 2701 Christi
326 2647 652 2718 appellatur
677 2647 837 2712 ﬁdes,
869 2647 956 2701 vel
981 2646 1114 2718 quia
1150 2647 1220 2702 ab
1259 2646 1354 2702 illo
1384 2647 1568 2713 datur,
1602 2646 1688 2701 vel
1772 2643 2149 2735 Quamobrem
2177 2647 2450 2714 laborate,
2483 2666 2553 2704 ne
2593 2653 2951 2735 existimetur
2964 2642 3167 2729 aliquis
3185 2677 3251 2714 ex
3280 2678 3372 2718 vo-

122 2742 247 2789 certe
261 2736 525 2806 quiaipse
545 2751 646 2807 per
665 2752 791 2789 eam
814 2735 1031 2789 habitat
1050 2735 1111 2789 in
1122 2734 1380 2790 cordibus
1400 2735 1683 2802 ﬁdelium;
1772 2730 1856 2786 bis
1872 2733 2067 2788 deesse
2085 2734 2156 2789 ab
2176 2734 2272 2790 illo
2293 2753 2487 2807 regno,
2510 2738 2615 2792 hoc
2651 2747 2754 2807 est,
2786 2758 2859 2796 ne
2886 2730 3091 2816 aliquis
3121 2746 3371 2827 vestru‘m

117 2823 250 2891 juxta
271 2825 413 2895 quod
443 2824 604 2878 idem
650 2823 949 2894 Apostolus
980 2823 1120 2877 alias
1170 2824 1327 2891 dicit,
1356 2824 1601 2895 optando
1630 2826 1695 2877 in
1777 2821 2179 2894 minusdignus
2205 2824 2525 2880 inveniatur
2544 2827 2865 2885 introeundi
2889 2833 2948 2886 in
2972 2822 3225 2913 requiem
3240 2821 3361 2917 Dei.

122 2914 350 2966 interiore
373 2913 881 2979 homine,habitare
902 2913 1183 2967 Christum
1196 2929 1299 2981 per
1317 2914 1480 2980 ﬁdem
1498 2916 1561 2991 in
1580 2927 1696 2966 cor-
1777 2908 2051 2980 Loquitur
2080 2912 2381 2983 Apostolus
2411 2930 2565 2969 more
2582 2916 2859 2972 viatorum
2897 2908 3375 2991 proﬁciscentium

121 3001 252 3054 dibus
278 3005 477 3055 vestris
510 3002 719 3069 (Ephes.
744 3003 851 3070 Ill).
870 3001 1026 3055 Tunc
1050 3018 1184 3071 ergo
1196 3001 1468 3055 veraciter
1487 2990 1655 3056 Cirris

1840 3018 1845 3046 ι
1874 3014 1986 3052 una
2015 2999 2243 3070 regione
2266 3001 2324 3054 in
2354 3002 2547 3067 aliam,
2583 3004 2786 3075 quibus
2826 3008 2966 3063 solet
2995 3010 3181 3066 dicere
3201 3013 3248 3067 is

514 3055 526 3069 κ
568 3055 586 3069 ι
746 3055 751 3057 »
814 3055 825 3070 ,
1112 3055 1148 3071 υ
1504 3055 1517 3056 κ
2077 3055 2112 3070 υ
2537 3055 2546 3067 ,
2592 3055 2783 3075 rum
2826 3055 2966 3063 η---
2998 3055 3248 3067 ...--......
3319 3055 3375 3071 ι..

120 3087 463 3161 participessu
476 3090 678 3156 mus,si
692 3090 855 3144 ﬁdem
875 3091 998 3160 ejus
1018 3106 1197 3161 usque
1217 3091 1288 3143 ad
1305 3091 1472 3143 ﬁnem
1494 3089 1693 3143 mortis
1710 3055 1754 3113 Ο
1780 3085 2040 3141 omnibus
2081 3087 2215 3143 dicit
2250 3107 2263 3143 :
2308 3089 2507 3145 Videte
2554 3108 2626 3145 ne
2657 3094 2781 3164 quis
2809 3102 3057 3153 vestrum
3087 3100 3146 3155 in
3173 3055 3377 3159 itinzre

120 3182 310 3243 nostrae,
336 3178 421 3232 vel
452 3193 649 3248 usque
679 3178 749 3232 ad
788 3178 935 3232 diem
959 3177 1157 3249 judicii
1194 3178 1420 3231 ﬁrmam
1449 3177 1694 3232 retinue-
1775 3174 2085 3243 remaneat,
2110 3183 2176 3231 ut
2207 3177 2375 3232 simul
2410 3195 2606 3234 omnes
2634 3185 2925 3253 pervenire
2953 3188 3235 3271 possimus
3264 3207 3376 3265 quo

118 3263 269 3319 rimus
288 3266 437 3321 omni
487 3266 745 3320 videlicet
771 3272 1043 3338 tempore,
1076 3266 1325 3337 quandiu
1355 3265 1560 3320 dicitur
1586 3282 1690 3320 ηοε-
1772 3263 2057 3319 tendimus
2083 3284 2096 3333 ;
2120 3266 2217 3321 sed
2245 3267 2351 3320 etsi
2380 3268 2541 3337 cujus
2563 3269 2885 3338 jumentum
2909 3291 3027 3345 prae
3045 3263 3379 3337 lassitudine

121 3349 192 3405 bis
215 3370 304 3423 per
328 3371 465 3425 prop
479 3355 670 3409 betam
697 3373 709 3409 :
736 3357 905 3411 Hodie
933 3359 984 3409 si
1011 3372 1187 3409 vocem
1226 3359 1343 3423 ejus
1371 3355 1686 3420 audieritis,
1772 3351 2062 3414 defecerit,
2099 3350 2384 3409 sublevate
2413 3356 2650 3413 invicem
2681 3360 2804 3430 ejus
2831 3363 3102 3431 sarcinas,
3134 3384 3206 3421 ne
3232 3369 3377 3425 forte

127 3442 267 3495 nam
284 3444 559 3497 obdurare
578 3444 745 3497 corda
764 3448 963 3497 vestra.
1775 3439 1844 3493 ob
1867 3441 1972 3496 hoc
1990 3442 2049 3495 in
2077 3443 2168 3496 via
2192 3450 2501 3498 remaneat.
2532 3445 2705 3501 Electi
2725 3449 2873 3503 enim
2902 3451 2960 3505 in
2988 3450 3252 3531 praesenti
3268 3474 3375 3512 sm-

183 3530 400 3595 Quidam
430 3535 590 3585 enim
620 3532 905 3585 audientes
951 3533 1429 3594 eaacerbaverunt,
1465 3532 1555 3585 sed
1578 3546 1690 3584 non
1776 3531 1922 3598 culo,
1952 3534 2113 3603 quasi
2137 3532 2193 3587 in
2214 3534 2301 3588 via
2313 3540 2447 3589 sunt
2467 3536 2852 3593 tendentesad
2874 3541 3149 3612 patriam;
3180 3534 3281 3600 sed
3300 3563 3376 3603 ne
3484 3538 3487 3539 ⁷

128 3632 308 3683 omnes,
336 3623 433 3687 qui
455 3621 697 3687 profecti
730 3624 862 3673 sunt
889 3621 959 3673 ab
985 3622 1209 3689 {Em/pta
1226 3636 1327 3689 per
1354 3620 1593 3689 Moysen.
1619 3618 1692 3674 ll-
1777 3619 1984 3689 aliquis
2022 3628 2332 3686 remaneat,
2364 3622 2461 3692 qui
2490 3628 2602 3677 non
2647 3626 2824 3695 possit
2858 3630 3152 3697 pervenire
3175 3618 3251 3686 ad
3275 3622 3375 3706 pa-

125 3702 217 3758 lius
239 3707 477 3761 historia:
498 3708 675 3762 tacite
699 3708 1045 3762 mentionem
1074 3708 1224 3774 facit,
1253 3708 1477 3779 quando
1507 3722 1691 3761 rever—
1773 3708 1942 3761 triam
1969 3708 2268 3777 caelestem,
2308 3710 2590 3787 simplices
2619 3712 2825 3784 quique
2863 3720 2920 3769 et
2944 3716 3157 3773 inﬁrmi
3183 3702 3374 3779 suble-

126 3791 191 3846 sis
234 3794 677 3866 exploratoribus
732 3795 995 3850 dixerunt
1041 3797 1447 3851 murmurando
1495 3798 1687 3863 (Num.
1772 3795 1941 3849 vandi
1969 3802 2102 3851 sunt
2138 3814 2307 3869 Opere
2346 3804 2404 3851 et
2447 3799 2653 3854 auxilio
2708 3800 2956 3871 fortium,
2975 3806 3141 3876 juxta
3173 3796 3315 3865 illud
3348 3794 3369 3867 ἐ

125 3883 239 3951 xlv):
273 3887 495 3942 Utinam
519 3900 636 3939 non
655 3886 973 3939 introducat
1002 3887 1384 3940 nosDominus
1400 3888 1464 3939 in
1483 3890 1690 3939 terram
1772 3880 1930 3938 Alter
1956 3887 2190 3939 alterius
2222 3902 2391 3941 onera
2412 3893 2630 3957 portate
2655 3888 2791 3959 (Gal.
2820 3894 2924 3961 v1).

126 3970 294 4035 illam;
322 3973 495 4027 Josue
525 3977 719 4026 autem
747 3979 806 4028 et
834 3974 1003 4027 Caleb
1020 3974 1476 4043 gloriﬁcaverunt
1511 3974 1691 4028 Deum
1851 3972 2071 4027 Etenim
2098 3979 2145 4028 et
2175 3975 2328 4028 nobis
2357 3978 2686 4031 nuntiatum
2712 3983 2804 4041 est,
2833 3982 3295 4048 quemadmodum
3321 3988 3374 4047 et

123 4056 337 4114 dicentes
381 4062 457 4116 ad
508 4077 738 4116 omnem
767 4062 1189 4117 multitudinem
1220 4076 1233 4110 :
1262 4064 1455 4116 Potens
1483 4066 1560 4116 est
1587 4063 1694 4116 Do-
1782 4062 1916 4114 illis.
1937 4062 2091 4116 More
2119 4062 2491 4138 solitojungit
2511 4082 2573 4119 se
2599 4066 2804 4121 Judaeis
2827 4069 2923 4139 qui
2944 4058 3080 4126 tunc
3100 4058 3373 4147 temporis

126 4149 660 4203 minuzintroducere
673 4165 771 4204 nos
787 4151 863 4203 ad
883 4156 1094 4205 terram
1109 4149 1543 4216 illamQuidam
1559 4167 1693 4222 ergo
1780 4155 1964 4214 erant,
1995 4155 2054 4204 et
2079 4150 2217 4205 dicit
2244 4170 2256 4204 :
2286 4152 2786 4227 Etenimomnibus
2810 4156 2972 4213 nobis
2986 4150 3192 4216 Iudaeis
3212 4179 3371 4237 nune

124 4234 384 4291 audientes
427 4236 668 4291 verbum
716 4237 819 4292 Dei
862 4238 932 4293 de
958 4238 1325 4309 promissione
1352 4246 1411 4293 et
1435 4254 1695 4293 sermone
1776 4236 1978 4292 tiatum
2009 4244 2097 4293 est
2121 4244 2187 4294 ut
2207 4240 2485 4296 intremus
2514 4242 2574 4296 in
2601 4244 2853 4315 requiem
2897 4249 3095 4317 patriae
3132 4234 3373 4310 caelestis

123 4324 534 4393 exploratorum,
558 4326 631 4380 ad
656 4326 1093 4381 amaritudinem
1111 4332 1551 4397 provocaverunt
1567 4342 1752 4413 eum‘
1781 4327 2255 4403 quemadmodum
2285 4333 2341 4383 et
2360 4328 2472 4383 illis
2493 4330 2589 4401 qui
2617 4334 2827 4402 egressi
2850 4340 2990 4411 sunt
3008 4353 3076 4392 ex
3108 4339 3371 4413 Egypto,

121 4410 179 4465 ob
200 4412 604 4471 incredulitatis
633 4420 694 4470 et
727 4415 1135 4486 desperationis
1164 4415 1394 4481 malum,
1436 4404 1759 4470 sexcean
1786 4415 2107 4470 nuntiatum
2140 4422 2223 4470 est
2244 4420 2308 4471 ut
2330 4417 2611 4493 intrarent
2633 4420 2691 4473 in
2711 4404 2963 4493 requiem
2992 4431 3158 4482 terra:

122 4500 348 4558 videlicet
376 4504 582 4570 millia,
618 4520 861 4575 quorum
897 4520 1135 4575 corpora
1172 4510 1454 4575 prostrata
1481 4508 1616 4558 sunt
1636 4505 1697 4557 in
1780 4502 2096 4571 missionis;
2132 4504 2294 4559 nobis
2321 4511 2515 4562 tamen
2544 4524 2645 4578 per
2666 4509 2888 4578 Filium,
2921 4512 3032 4568 illis
3060 4500 3261 4571 autem
3277 4535 3382 4591 per

122 4587 352 4660 deserto;
383 4592 484 4648 sed
506 4600 701 4648 tamen
724 4610 839 4648 non
857 4593 1327 4649 exacerbaverunt
1346 4610 1473 4647 eum
1501 4609 1697 4647 omnes
1777 4591 2076 4648 famulum.
2104 4593 2210 4648 Sed
2236 4610 2346 4648 non
2369 4599 2591 4664 profuit
2615 4614 2794 4653 sermo
2821 4602 3049 4656 auditus
3074 4620 3188 4659 non
3200 4587 3380 4661 admi-

122 4677 202 4745 qui
237 4681 466 4750 profecti
512 4687 651 4737 sunt
693 4697 760 4739 ex
804 4684 1043 4756 Egypto
1083 4701 1096 4736 :
1138 4682 1404 4753 quoniam
1442 4682 1612 4736 Josue
1640 4687 1699 4736 et
1778 4685 1895 4735 stus
1913 4681 2046 4748 ﬁdei
2072 4698 2137 4735 ea:
2162 4683 2249 4736 his
2273 4699 2392 4750 qua
2417 4686 2741 4739 audierunt.
2773 4686 2969 4743 Sermo
2994 4706 3162 4760 quem
3182 4694 3379 4749 audie-

123 4763 267 4827 Chleb
292 4785 360 4824 ex
389 4774 560 4825 tanta
602 4770 968 4826 multitudine
1011 4771 1467 4842 gloriﬁcaverunt
1510 4770 1693 4837 illum,
1778 4775 1914 4824 runt
1954 4768 2055 4823 illa
2087 4776 2347 4825 sexcenta
2375 4771 2555 4825 millia
2580 4789 2682 4843 per
2708 4773 2940 4846 Moysen
2961 4776 3031 4830 de
3051 4780 3247 4850 requie
3271 4786 3381 4841 ter-

118 4854 316 4911 undeet
333 4864 674 4917 meruerunt
692 4864 905 4913 terram
916 4858 1367 4929 repromissionis
1386 4874 1499 4912 non
1515 4858 1696 4911 solum
1779 4873 1855 4912 rae
1878 4856 2193 4925 Palestina,
2227 4874 2340 4912 non
2368 4859 2580 4929 profuit
2606 4860 2737 4925 illis,
2767 4863 2901 4931 quia
2929 4880 3043 4918 non
3068 4865 3178 4920 fuit
3203 4868 3385 4924 admi-

121 4943 399 5012 possidere,
426 4947 529 5002 sed
552 4947 724 5002 etiam
750 4948 874 5007 aliis
902 4964 1004 5018 per
1016 4953 1225 5001 sortem
1248 4947 1513 5001 dividere.
1539 4947 1693 5010 Qua-
1779 4949 1899 4999 stus
1935 4951 1993 4999 et
2027 4947 2360 5016 conjunctus
2399 4947 2551 5013 ﬁdei,
2595 4953 2655 5003 et
2680 4954 3133 5023 contemperatus
3164 4957 3277 5013 ﬁde
3312 4975 3385 5015 ex

122 5044 175 5082 re
215 5039 396 5088 autem
442 5036 754 5106 Apostolus
800 5037 907 5090 hoc
946 5042 1323 5106 prosequatur
1343 5051 1544 5089 sensus
1572 5038 1693 5088 est:
1782 5032 1869 5087 his
1897 5033 2359 5103 promissionibus
2392 5051 2531 5106 quas
2548 5037 2874 5093 audierunt.
2898 5041 3221 5100 Tuncenim
3251 5064 3384 5119 pro-

122 5118 415 5178 Audieruut
443 5124 531 5178 illi
569 5139 767 5179 omnes
813 5123 1042 5179 verbum
1076 5124 1177 5179 Dei
1219 5125 1291 5179 de
1324 5123 1699 5195 promissione
1783 5122 1970 5177 desset
2005 5123 2088 5178 eis
2124 5140 2309 5178 sermo
2348 5125 2576 5179 auditus
2611 5125 2659 5178 si
2686 5126 3074 5199 credidissent,
3118 5118 3388 5205 quoniam

119 5211 264 5264 terra
292 5212 766 5283 repromissionis,
791 5213 935 5293 sicut
963 5218 1023 5268 et
1051 5229 1153 5267 nos
1179 5212 1496 5267 audivimus
1523 5211 1592 5265 de
1610 5227 1705 5281 pa-
1784 5216 1919 5265 tunc
1965 5218 2115 5266 esset
2156 5217 2611 5283 contemperatus
2651 5215 2781 5271 ﬁde.
2817 5215 3097 5284 Quoniam
3121 5239 3254 5280 vero
3277 5212 3393 5283 non
3474 5229 3515 5262 ⁸

120 5295 218 5349 tria
243 5299 490 5369 ctelesti;
526 5301 646 5368 sed,
678 5301 812 5372 quid
840 5301 1049 5373 profuit
1076 5301 1188 5355 illis
1216 5317 1403 5355 sermo
1433 5300 1661 5355 auditus
1679 5298 1705 5352 ?
1786 5299 2172 5365 crediderunt,
2204 5315 2317 5354 non
2364 5301 2472 5354 fuit
2498 5304 2832 5372 conjunctus
2870 5308 3022 5376 ﬁdei,
3050 5310 3290 5384 ideoque
3313 5316 3395 5371 ni-

122 5382 291 5441 Nolite
317 5406 451 5459 ergo
473 5394 675 5460 putare
706 5390 856 5461 quod
883 5405 950 5444 ex
978 5388 1174 5444 auditu
1194 5394 1415 5443 tantum
1442 5388 1705 5458 praedica-
1786 5388 1860 5441 hil
1889 5389 1974 5441 eis
2000 5387 2213 5458 profuit
2239 5389 2388 5459 quod
2419 5390 2742 5461 audierunt,
2764 5398 3032 5466 quoniam
3066 5400 3128 5455 in
3155 5382 3278 5456 eam
3302 5405 3392 5458 in—

122 5472 276 5529 tiouis
322 5477 592 5535 introitus
633 5479 708 5534 sit
752 5479 814 5532 in
848 5478 1103 5550 requiem
1141 5477 1262 5544 Dei,
1313 5477 1423 5531 nisi
1451 5476 1703 5531 adhibita
1785 5482 1937 5531 trare
1966 5493 2080 5530 non
2122 5484 2470 5536 meruerunt.
2510 5479 2645 5535 Post
2682 5483 2800 5538 haec
2829 5486 2997 5542 verba
3039 5488 3383 5551 exhortatioq

124 5559 279 5620 fuerit
296 5567 447 5625 ﬁdes
473 5567 550 5624 de
567 5568 731 5625 corde
746 5580 914 5641 puro.
1788 5565 1876 5620 nis
1908 5563 2203 5640 subjunxit
2229 5568 2555 5641 Apostolus,
2587 5570 2780 5627 dicens
2800 5593 2818 5654 ς.
