3992 6166
573 300 680 358 847
996 295 1376 355 HAYMONIS
1416 254 1905 353 HALBERSTAT.
1948 289 2177 348 EPISC.
2220 290 2378 348 OPP.
2420 290 2605 350 pass
2642 294 2687 349 ι.
2732 326 2797 337 -
2837 292 3202 358 comm.
3240 300 3405 362 BIBL.
3657 309 3746 366 sas

645 427 1035 494 Ingrediemur
1054 426 1199 478 enim
1223 426 1286 477 in
1299 425 1541 491 requiem
1567 424 1683 489 ejus
1695 423 1794 489 qui
1812 420 2167 483 credidimus;
2187 422 2236 478 A
2256 422 2535 488 temporis,
2561 422 2706 474 sicut
2731 437 2903 488 supra
2922 422 3132 476 dictum
3152 429 3225 477 est
3239 443 3253 478 :
3267 426 3419 479 Hodie
3440 429 3484 479 si
3499 443 3645 483 vocem
3660 437 3747 501 ejus

575 516 1034 583 quemadmodum
1064 516 1229 567 dixit:
1260 513 1416 567 Sicut
1436 512 1638 578 jurari
1665 512 1726 562 in
1754 511 1845 561 ira
1875 509 2071 567 mea,si
2087 509 2174 560 in-
2253 510 2566 571 audieritis,
2599 512 2768 563 nolite
2787 511 3061 564 obdurare
3082 515 3237 566 corda
3265 515 3584 570 vestra.0rdo
3602 519 3749 574 verba

577 605 827 657 troibunt
848 607 909 656 in
928 605 1169 671 requiem
1184 617 1382 654 meam.
1411 600 1525 653 Isto
1545 599 1603 652 in
1631 599 1752 651 loco
1769 597 1839 650 ad
1851 595 2171 666 completio-
2254 611 2380 649 rum
2405 600 2520 650 est:
2545 597 2679 651 Post
2700 603 2919 652 tantum
2941 600 3208 669 temporis
3235 617 3337 671 quo
3353 603 3424 656 illi
3445 620 3750 662 murmurave-

576 708 707 763 nem
731 707 952 759 sensus,
974 706 1201 743 necesse
1232 693 1318 742 est
1345 686 1556 757 aliquid
1587 685 1848 756 adjicere.
1878 683 2166 752 Ingredie-
2255 690 2409 751 runt,
2442 691 2497 740 et
2528 688 2735 742 mortui
2769 693 2903 742 sunt
2930 689 2989 743 in
3020 689 3254 751 deserto,
3280 693 3751 757 terminavit,hocest

576 798 706 836 mur
738 781 958 851 (inquit)
980 780 1037 833 in
1069 778 1319 849 requiem
1347 777 1541 847 patriae
1569 775 1829 835 caelestis,
1862 791 1896 828 a
1914 774 2030 828 Deo
2068 790 2174 827 no-
2254 775 2455 830 statuit
2478 780 2534 830 et
2549 775 2802 830 deﬁnivit
2826 777 3299 848 Spiritussanctus
3316 779 3499 834 iterum
3515 784 3750 851 quemdam

574 867 660 922 bis
703 856 1037 940 promissam
1080 866 1369 930 subaudis,
1402 881 1473 918 ne
1508 865 1652 918 forte
1679 864 1900 917 dicatur
1921 860 2082 916 nobis
2122 861 2169 915 si
2253 864 2430 931 diem;
2459 870 2684 936 tempus
2714 866 2970 920 videlicet
3020 867 3159 921 Novi
3200 869 3533 936 Testamenti,
3571 871 3748 926 dicendo

573 958 850 1012 increduli
876 957 1076 1012 fuerim
1089 974 1170 1019 us,
1196 954 1672 1026 quemadmodum
1716 953 1857 1006 dixit
1912 951 2023 1004 illis
2073 949 2168 1019 qui
2250 968 2352 1021 per
2374 952 2583 1006 David:
2619 956 2813 1023 Hodie,
2840 954 2988 1008 sicut
3015 971 3184 1026 supra
3202 955 3402 1011 dictum
3435 964 3527 1024 est,
3547 958 3627 1013 ubi
3642 962 3749 1031 Apo-

574 1045 687 1102 non
708 1046 1131 1110 introierunt,si
1156 1044 1489 1107 introibant,
1521 1042 1576 1095 id
1597 1047 1700 1105 est,
1724 1057 1835 1095 non
1858 1035 2171 1093 inti-eibunt
2252 1040 2431 1095 stolus
2460 1059 2524 1095 ex
2554 1059 2793 1113 persona
2851 1044 3137 1114 prophetae
3182 1045 3389 1100 locutus
3417 1052 3520 1100 est:
3549 1048 3687 1101 Hodie
3717 1051 3753 1100 si

570 1136 628 1190 in
661 1135 916 1206 requiem
954 1150 1166 1190 meam.
1205 1132 1420 1196 Quibus
1469 1130 1651 1185 verbis
1682 1130 1943 1183 hortatur
1971 1144 2166 1182 omnes
2249 1143 2427 1182 vocem
2456 1134 2573 1198 ejus
2603 1131 2904 1184 audieritis
2929 1133 3232 1203 etc.,quasi
3262 1133 3457 1188 diceret
3472 1134 3580 1188 aliis
3601 1133 3749 1189 verbis:

568 1222 783 1279 intrare
804 1225 862 1278 in
884 1224 1135 1293 requiem
1154 1220 1488 1285 Domini,ne
1507 1219 1650 1273 forte
1667 1217 1827 1271 nobis
1846 1217 2069 1271 dicatur
2096 1216 2166 1270 ob
2255 1214 2300 1270 Ο
2331 1217 2508 1271 Judaei
2558 1218 2812 1273 concives
2865 1219 2995 1282 mei,
3030 1220 3201 1274 nolite
3229 1226 3419 1292 putare
3469 1223 3597 1293 quod
3643 1222 3753 1276 istud

564 1313 955 1368 inﬁdelitatem
990 1311 1140 1381 quod
1171 1310 1286 1363 illis
1314 1309 1525 1362 dictum
1560 1312 1664 1360 est.
1697 1306 1839 1360 Nam
1873 1305 2018 1358 sicut
2045 1320 2165 1358 eer-
2254 1305 2404 1374 quod
2426 1306 2598 1360 David
2621 1306 2780 1360 dixit:
2800 1307 2980 1362 Hodie
3004 1309 3048 1361 si
3061 1325 3248 1362 vocem
3266 1311 3381 1379 ejus
3401 1310 3665 1373 audieritis,
3681 1327 3754 1364 no-

566 1407 691 1462 tum
717 1407 803 1454 est
844 1399 991 1470 quod
1014 1398 1287 1452 increduli
1319 1413 1429 1450 non
1478 1394 1810 1455 introibunt,
1843 1393 1923 1447 sic
1950 1397 2165 1447 certum
2250 1391 2349 1446 lite
2369 1392 2647 1449 obdurare
2666 1396 2841 1448 corda
2858 1396 3143 1461 vestra,ad
3169 1397 3303 1451 illud
3320 1402 3523 1468 tempus
3541 1398 3755 1468 pertineat

566 1491 853 1559 ﬁxumque
873 1487 1114 1542 habetur
1144 1487 1291 1558 quod
1333 1484 1543 1539 creduli
1573 1481 1906 1537 introibant.
1936 1483 2003 1536 Et
2046 1484 2167 1550 qui-
2252 1497 2363 1551 quo
2392 1482 2475 1535 illi
2503 1491 3000 1539 murmuraverunt
3025 1485 3082 1539 in
3112 1485 3349 1550 deserto,
3381 1487 3461 1540 vel
3486 1487 3613 1557 quod
3632 1502 3758 1542 causa

564 1577 687 1630 dem
716 1578 967 1645 operibus
995 1578 1065 1629 ab
1120 1577 1471 1628 institutione
1533 1572 1735 1625 mundi
1797 1572 2074 1639 perfectis,
2106 1569 2163 1623 id
2250 1569 2450 1624 salutis
2477 1571 2704 1625 illorum
2744 1572 2964 1638 dixerit,
2997 1574 3094 1644 qui
3119 1575 3237 1644 jam
3269 1574 3757 1645 mortuierant:quo-

562 1660 651 1720 est
677 1671 881 1719 ornatu
909 1662 1103 1718 mundi
1144 1661 1415 1734 perfecto.
2245 1656 2398 1710 niam
2432 1659 2502 1711 ad
2525 1659 2676 1713 aliud
2706 1662 3214 1732 tempusqpertinet,
3236 1662 3305 1716 ad
3332 1668 3536 1734 tempus
3560 1662 3756 1717 videlicet

637 1755 790 1808 Dixit
811 1754 1048 1823 quodam
1082 1753 1190 1805 loco
1217 1753 1279 1804 de
1299 1751 1385 1803 die
1407 1752 1637 1817 septima
1658 1750 1736 1801 sic
1758 1766 1774 1800 :
1798 1749 1865 1801 Et
1893 1748 2159 1815 requievit
2169 1770 2221 1829 B
2246 1745 2386 1800 Novi
2415 1747 2841 1802 Testamenti.A
2862 1749 2951 1803 die
2974 1750 3124 1803 enim
3153 1751 3587 1805 murmurationis
3609 1766 3755 1805 eorum

560 1840 701 1895 Deus
728 1842 815 1894 die
841 1843 1074 1909 septima
1117 1839 1185 1891 ab
1214 1839 1470 1892 omnibus
1502 1836 1752 1903 operibus
1779 1838 1915 1887 suis.
1949 1834 2011 1888 In
2042 1833 2156 1887 Ge-
2242 1833 2300 1886 in
2330 1835 2572 1901 deserto,
2603 1836 2844 1890 multum
2880 1844 3106 1908 tempus
3147 1845 3235 1893 est
3268 1855 3439 1910 usque
3465 1839 3528 1893 ad
3553 1839 3692 1893 David
3711 1846 3753 1892 et

561 1929 683 1983 nesi
701 1929 841 1983 dixit
857 1928 1006 1983 Deus
1026 1944 1126 1998 per
1145 1927 1374 1997 Moysen
1397 1922 1543 2003 istud
1584 1924 1734 1989 (Gen.
1767 1923 1857 1992 ιι),
1896 1922 1996 1975 His
2043 1937 2161 1975 ver-
2241 1938 2420 1993 usque
2448 1924 2519 1978 ad
2551 1940 2669 1989 nos,
2702 1924 2904 1995 quibus
2920 1926 3093 1980 David
3121 1927 3231 1981 ista
3244 1927 3757 1998 proloquebatur.Con-

558 2017 646 2073 bis
691 2018 811 2072 vult
843 2016 1144 2087 Apostolus
1188 2014 1506 2080 ostendere,
1534 2013 1703 2065 aliam
1741 2028 1864 2065 esse
1904 2010 2159 2081 requiem
2245 2010 2722 2083 siderandumque
2752 2013 2921 2067 simul
2970 2014 3118 2069 diem
3149 2032 3253 2086 pro
3288 2022 3524 2086 tempore
3547 2013 3757 2070 Dominici

558 2107 853 2161 meliorem
887 2105 959 2159 ad
991 2120 1160 2175 quam
1192 2102 1370 2157 vocati
1399 2117 1618 2167 sumus,
1658 2117 1826 2171 quam
1867 2099 2037 2171 fuerit
2065 2099 2164 2152 illa
2246 2099 2542 2167 adventus,
2566 2101 2820 2171 Novique
2841 2102 3186 2157 Testamenti
3209 2104 3588 2174 accipiendum,
3601 2109 3647 2157 et
3660 2102 3756 2173 quid

560 2195 619 2248 in
639 2192 945 2259 Palestina,
963 2193 1035 2247 ad
1078 2208 1247 2261 quam
1278 2190 1458 2243 Judaei
1496 2188 1676 2242 vocati
1704 2195 1864 2255 sunt;
1896 2205 1999 2241 nec
2025 2189 2163 2242 dicit
2246 2186 2386 2241 dicit
2435 2188 2493 2242 in
2538 2189 2737 2251 David,
2765 2190 2879 2244 tale
2909 2197 2995 2245 est
3041 2192 3203 2261 quasi
3256 2202 3354 2264 per
3378 2192 3553 2246 David.
3579 2190 3757 2244 Mutavit

559 2298 662 2336 nos
692 2281 1004 2334 intraturos
1033 2279 1090 2332 in
1123 2279 1274 2331 illam
1309 2294 1431 2347 quae
1477 2276 1585 2330 fuit
1631 2277 1686 2330 in
1716 2276 2034 2353 Palaestina,
2062 2279 2157 2331 sed
2243 2276 2390 2330 enim
2414 2277 2851 2348 prepositionem
2883 2295 3038 2334 more
3058 2281 3439 2336 solito.Potest
3469 2287 3521 2336 et
3548 2281 3617 2335 ita
3638 2279 3756 2333 intel-

560 2369 807 2424 ostendit
834 2368 959 2422 illos
997 2383 1107 2422 non
1134 2366 1378 2420 intrasse
1411 2370 1640 2436 propter
1675 2365 1943 2419 duritiam
1976 2365 2161 2420 cordis
2243 2364 2347 2433 ligi
2379 2366 2526 2435 quod
2548 2365 2686 2419 dicit
2711 2385 2723 2420 :
2754 2366 3045 2422 Terminat
3067 2368 3219 2423 diem
3252 2370 3550 2440 quemdam,
3580 2369 3663 2422 hoc
3682 2372 3755 2432 est,

556 2456 665 2524 sui,
696 2474 800 2512 nec
831 2456 890 2511 in
929 2454 1307 2512 Palaestinam.
1343 2470 1446 2507 nec
1474 2453 1531 2507 in
1558 2453 1809 2524 requiem
1841 2454 2122 2507 ccelestem
2141 2497 2154 2510 .
2246 2453 2552 2506 terminum
2577 2459 2633 2507 et
2661 2454 2828 2508 ﬁnem
2859 2455 3099 2527 imponit
3124 2457 3370 2529 Spiritus
3396 2460 3760 2527 sanctusprate-

553 2546 701 2602 Dicit
735 2562 870 2617 ergo
891 2545 959 2599 de
986 2545 1168 2616 prima
1199 2542 1395 2613 requie
1423 2542 1503 2596 sic
1528 2562 1538 2595 :
1571 2542 1866 2612 Requievit
1892 2541 2041 2596 Deus
2070 2541 2161 2596 die
2241 2539 2351 2594 rito
2376 2542 2798 2612 tempori,quod
2818 2543 2924 2597 fuit
2947 2561 2980 2597 a
3011 2544 3101 2599 die
3121 2545 3759 2607 murmurationisillorum,

553 2635 794 2707 septima
817 2633 888 2687 ab
909 2632 1169 2687 omnibus
1193 2630 1457 2702 operibus
1471 2629 1911 2700 suis.Requievit
1931 2629 2156 2700 quidem
2242 2633 2299 2682 et
2346 2628 2444 2683 dat
2483 2629 2708 2683 initium
2741 2631 2902 2685 alteri
2944 2634 3211 2704 tempori,
3245 2634 3471 2689 dicendo
3497 2649 3586 2706 per
3611 2629 3760 2696 David,

554 2740 589 2779 a
606 2722 926 2778 conditione
946 2738 1217 2777 novarum
1239 2726 1647 2780 creaturarum,
1673 2718 1770 2772 sed
1800 2735 1914 2772 non
1941 2718 2158 2788 requie-
2239 2718 2431 2781 Hodie,
2464 2723 2577 2776 etc.
2618 2716 2906 2789 Sequitur:

554 2811 634 2866 vit
656 2829 689 2866 a
715 2810 1130 2882 gubernatione
1159 2824 1352 2863 eorum
1386 2823 1508 2878 quae
1539 2806 1768 2871 fecerat,
1802 2812 1858 2859 et
1886 2811 1951 2860 ut
1976 2806 2158 2876 quoti-
2309 2807 2453 2860 Nam
2485 2810 2537 2860 si
2562 2810 2640 2861 eis
2673 2810 2827 2862 Jesus
2855 2809 3004 2864 ﬁlius
3031 2809 3205 2877 Nave,
3228 2812 3426 2866 ductor
3438 2810 3609 2882 populi
3627 2807 3761 2863 Istae

552 2899 644 2955 die
665 2917 732 2955 ex
761 2900 901 2971 ipsis
943 2899 1115 2953 etiam
1146 2914 1289 2952 nova
1338 2896 1626 2968 producat.
1664 2895 1823 2949 Unde
1848 2894 2068 2949 Veritas
2096 2895 2156 2948 in
2239 2892 2749 2962 litici,przstitisset
2770 2897 3314 2964 requiem,subaudis
3334 2911 3762 2965 veram,nunquam

552 2986 854 3059 Evangelio
882 2987 1091 3043 Iudaeis
1119 2986 1280 3040 dicit:
1311 2987 1473 3039 Pater
1501 3001 1658 3038 meus
1681 2985 2011 3052 usquemodo
2041 3000 2214 3064 ορέξ-Π
2243 2983 2306 3035 de
2334 2985 2453 3036 alia
2483 2983 2676 3053 requie
2702 2986 3017 3053 loqueretur
3044 2986 3245 3055 David,
3282 2989 3497 3057 posthac
3520 2987 3612 3051 die,
3634 2984 3680 3037 id
3703 2987 3765 3037 est

551 3041 825 3129 raturjet
876 3041 970 3142 ego
1023 3090 1216 3143 operor
1250 3074 1436 3127 (Joan.
1476 3078 1547 3139 v).
1577 3073 1701 3126 Non
1734 3041 1883 3125 enim
1916 3072 2043 3142 plus
2067 3041 2215 3126 estC
2240 3070 2523 3141 deinceps,
2543 3041 2839 3143 postquam
2867 3041 3244 3146 illam'adepti'
3264 3041 3764 3131 dssenulicostendit

556 3163 676 3218 Deo
725 3163 997 3216 mundum
1030 3179 1093 3215 ex
1126 3161 1301 3214 nihilo
1345 3176 1555 3226 creare,
1590 3177 1757 3230 quam
1808 3160 2017 3223 factum
2056 3177 2158 3230 ευ·
2239 3158 2467 3211 tertiam
2485 3162 2786 3229 quamdam
2817 3162 3069 3232 requiem
3091 3163 3160 3217 de
3202 3180 3318 3235 qua
3338 3163 3509 3218 David
3530 3162 3662 3223 dixit,
3691 3160 3764 3214 lla-

551 3249 1115 3304 bernare.Praamissa
1138 3264 1271 3318 ergo
1285 3248 1463 3318 prima
1482 3249 1673 3319 requie
1691 3248 1916 3319 septimi
1936 3248 2067 3311 diei,
2090 3249 2146 3302 in
2235 3246 2343 3312 die,
2374 3252 2632 3311 etc.,non
2662 3248 2815 3302 illam
2845 3250 3190 3321 significans,
3219 3253 3292 3307 ad
3324 3268 3487 3323 quam
3505 3248 3764 3306 Jesusﬁlius

553 3355 664 3411 qua
699 3338 970 3409 requievit
998 3332 1164 3401 Deus,
1201 3336 1492 3406 subjunxit
1523 3337 1824 3390 secundam
1866 3352 1989 3406 quae
2019 3353 2148 3406 pro-
2229 3334 2382 3388 Nave
2398 3336 3115 3406 populumintroduxit,sed
3144 3340 3317 3395 aliam
3339 3340 3616 3412 quamdam
3632 3334 3762 3389 multo

551 3428 724 3483 missa
749 3435 835 3481 est
862 3418 1068 3499 populo
1099 3424 1199 3481 Dei
1228 3425 1454 3478 dicens:
1498 3424 1577 3477 De.
1618 3424 1715 3477 illa
1753 3423 1975 3494 quidem
2006 3442 2147 3495 quo-
2230 3424 2704 3489 excellentiorem,
2731 3425 2799 3479 ad
2831 3442 3004 3496 quam
3035 3444 3148 3482 non
3169 3429 3398 3500 typicus
3416 3430 3584 3493 Jesus,
3610 3424 3767 3479 sedve-

550 3516 682 3571 dam
708 3515 831 3572 loco
860 3516 942 3570 ita
971 3516 1112 3570 dixit
1140 3515 1289 3569 Deus
1333 3529 1434 3583 per
1472 3512 1702 3581 Moysen
1733 3519 1783 3566 et
1812 3515 1873 3566 in
1897 3516 1998 3566 isto
2026 3512 2147 3567 loco
2229 3525 2327 3563 rus
2364 3510 2673 3566 introducit
2703 3514 2951 3583 quotidie
2980 3531 3075 3569 eos
3094 3516 3190 3586 qui
3211 3524 3350 3571 sunt
3366 3514 3689 3588 ejus.Sienim
3704 3510 3765 3564 Je-

550 3621 783 3660 rursum
811 3605 974 3660 dicit:
1023 3605 1088 3660 Si
1127 3604 1445 3657 introibant
1488 3604 1549 3655 in
1580 3605 1824 3668 requiem
1855 3618 2060 3659 meam.
2094 3602 2159 3657 Si
2239 3612 2336 3651 sus
2363 3599 2514 3653 ﬁlius
2542 3601 2696 3654 Nave
2727 3617 2910 3655 veram
2942 3604 3300 3673 praestitisset
3328 3606 3567 3677 requiem
3591 3598 3764 3674 populo,

549 3711 681 3750 vero
707 3693 1047 3765 conjunctio,
1072 3692 1217 3746 sicut
1235 3693 1353 3761 jam
1380 3707 1551 3760 supra
1577 3690 1786 3743 dictum
1811 3697 1913 3751 est,
1931 3706 2031 3760 pro
2062 3691 2145 3744 af-
2237 3686 2399 3755 cujus
2431 3687 2631 3741 ductor
2659 3688 2913 3754 existitit,
2933 3706 3295 3762 nequaquam
3318 3694 3386 3747 de
3415 3693 3519 3746 alia
3541 3685 3765 3760 requiclo-

551 3773 890 3848 ﬁrmatione,
923 3780 1023 3853 pro
1054 3779 1405 3835 dubitatione
1437 3786 1495 3833 et
1512 3794 1612 3849 pro
1638 3772 1935 3848 negatione
1970 3778 2145 3850 accipi
2230 3782 2503 3843 queretur
2526 3776 2700 3830 David
2731 3783 2947 3848 postea.
2972 3779 3202 3834 Certum
3235 3786 3325 3835 est
3352 3781 3497 3835 enim
3525 3778 3641 3851 quia
3659 3776 3767 3830 futu-

552 3870 1048 3943 potest.Superius
1089 3883 1333 3938 namque
1362 3883 1461 3938 pro
1489 3866 1790 3937 negatione
1820 3866 2036 3921 duobus
2087 3867 2145 3920 in
2228 3878 2355 3916 rum
2382 3868 2470 3917 est
2509 3865 2783 3935 quosdam
2812 3866 3085 3936 accipere,
3129 3884 3257 3938 quae
3303 3886 3407 3941 per
3435 3869 3576 3923 illam
3608 3861 3765 3934 signiﬁ-

550 3959 687 4016 locis
721 3960 902 4031 posita
929 3964 1052 4026 est;
1095 3956 1193 4013 ubi
1236 3956 1319 4010 ait
1348 3956 1570 4025 jurasse
1593 3955 1771 4009 Deum
1801 3962 2031 4026 propter
2056 3955 2145 4010 in-
2227 3959 2353 4005 cata
2384 3957 2489 4019 est,
2523 3970 2647 4024 quae
2667 3953 2777 4008 fuit
2806 3954 2865 4008 in
2892 3955 3212 4012 Palaestina.

551 4049 941 4103 credulitatem
958 4044 1259 4109 illorum,si
1271 4042 1585 4098 introibunt
1599 4043 1657 4097 in
1669 4043 1920 4114 requiem
1935 4061 2139 4111 meam,
2298 4042 2506 4109 Itaque,
2538 4041 2807 4096 subaudis
2820 4042 2947 4114 quia
2960 4043 2989 4098 ,Ι
2994 4061 3123 4100 esus
3140 4045 3299 4101 ﬁlius
3318 4047 3470 4101 Nave
3483 4060 3585 4099 non
3600 4037 3765 4114 prasti-

552 4139 610 4201 id
640 4143 726 4191 est
749 4153 859 4192 non
890 4135 1230 4190 introibant:
1249 4132 1338 4187 hic
1368 4149 1497 4187 vero
1529 4149 1630 4203 pro
1661 4131 2031 4187 afﬁrmatione
2051 4150 2147 4204 po-
2225 4126 2295 4181 tit
2314 4144 2504 4183 veram
2528 4130 2778 4200 requiem
2801 4132 3109 4202 populocui
3128 4124 3764 4205 praeemtvreunqui‘wvid

552 4230 665 4280 test
687 4225 880 4295 accipi,
898 4223 1002 4277 sub
1025 4223 1136 4276 alio
1162 4237 1350 4283 sensu,
1371 4220 1515 4274 sicut
1544 4221 1788 4274 Joannes
1817 4221 2145 4293 Chrysosto-
2227 4221 2313 4269 est
2342 4223 2661 4272 reservatur
2680 4218 2739 4272 in
2768 4218 3043 4288 futurum,
3073 4223 3443 4277 sabbatismus
3466 4223 3644 4290 populo
3664 4217 3759 4271 Dei.

553 4328 680 4366 mus
707 4312 914 4381 aliique
958 4311 1213 4364 doctores
1261 4313 1565 4378 exponunt,
1599 4309 1759 4378 quasi
1799 4309 2044 4364 diceret:
2081 4310 2141 4365 Si
2192 4300 2195 4307 ’
2224 4304 2429 4357 Veram
2451 4305 2703 4375 requiem
2725 4306 3178 4376 patriaeccelestis
3205 4309 3603 4364 sabbatismum
3624 4306 3762 4366 vocata

552 4400 869 4455 introibant
899 4399 959 4453 in
989 4397 1238 4468 requiem
1266 4412 1470 4461 meam,
1497 4395 1766 4450 subaudis
1805 4397 1943 4451 bene
1972 4397 2138 4452 habe-
2159 4382 2204 4439 D
2223 4392 2480 4446 alludens
2505 4394 2575 4448 ad
2600 4410 2827 4460 nomen,
2855 4396 3119 4465 (ιιιοηίειω
3141 4398 3322 4453 Inda“
3353 4398 3595 4469 requiem
3615 4390 3765 4448 ⁸³1³1³*

552 4478 714 4544 bunt,
746 4485 804 4534 et
827 4479 932 4531 hoc
956 4477 1026 4530 de
1054 4476 1249 4546 requie
1295 4491 1417 4544 quae
1450 4474 1555 4528 fuit
1591 4475 1648 4528 in
1680 4476 1979 4530 Palaestina
2006 4477 2146 4531 acci~
2229 4480 2454 4534 tismum
2482 4482 2762 4537 dicebant.
2784 4484 3025 4556 Requies
3054 4502 3191 4556 ergo
3221 4488 3467 4541 caelestis
3494 4481 3768 4550 sabbatipo-

551 4582 640 4638 pe.
673 4567 832 4621 Unde
861 4565 1118 4636 protinus
1148 4562 1377 4616 additur
1401 4580 1412 4615 :
2228 4567 2359 4637 pulo
2381 4569 2480 4623 Dei
2509 4571 2761 4625 credenti
2801 4573 3073 4627 veraciter
3104 4581 3432 4631 reservatur
3457 4578 3514 4629 in
3543 4574 3767 4633 futurum,

621 4657 896 4724 Quoniam
924 4670 1051 4722 ergo
1074 4656 1315 4720 superest
1343 4652 1606 4719 quosdam
1632 4652 1872 4705 introire
1903 4655 1967 4706 in
1994 4669 2139 4719 eam,
2231 4656 2341 4710 vita
2365 4658 2575 4711 scilicet
2595 4666 2825 4723 aeterna,
2848 4676 2971 4731 quae
3000 4662 3271 4732 pmcellit
3300 4663 3589 4717 sabbatum
3626 4655 3766 4727 legis;

544 4748 594 4796 et
622 4742 683 4796 hi
700 4744 900 4821 quibus
913 4740 1202 4810 prioribus
1220 4740 1628 4791 annuntiatum
1667 4741 1760 4803 est,
1785 4753 1897 4791 non
1914 4741 2145 4793 introie-
2224 4746 2490 4813 quoniam
2543 4747 2601 4800 in
2639 4748 2736 4801 illo
2765 4749 3192 4819 requiescebant
3226 4757 3453 4807 tantum
3482 4762 3703 4821 corpora,
3724 4742 3769 4797 in

549 4836 690 4884 runt
706 4834 932 4899 propter
958 4828 1428 4889 incredulitatem,
1460 4824 1589 4878 ideo
1637 4824 1778 4879 dixit
1806 4840 1818 4875 :
1863 4826 2139 4890 Quoniam
2220 4829 2330 4886 ista
2355 4838 2542 4887 autem
2575 4834 2774 4889 animae
2802 4836 2996 4906 populi
3025 4837 3145 4892 Dei.
3177 4838 3342 4894 Unde
3374 4836 3645 4909 sequitur:

542 4925 805 4988 superest
825 4918 908 4973 vel
924 4921 1101 4972 restat
1120 4915 1390 4986 quosdam
1413 4913 1656 4968 intrasse
1676 4914 1734 4967 in
1758 4915 2008 4985 requiem
2028 4920 2140 4970 ter-
2291 4922 2399 4989 Qui
2427 4925 2577 4976 enim
2606 4925 2887 4991 ingressus
2908 4930 2985 4978 est
3015 4930 3079 4980 in
3107 4930 3359 4995 requiem
3391 4923 3675 4996 ipsius,hoc
3686 4922 3766 4979 est,

543 5020 623 5059 rte
643 5006 1054 5076 promissionis,
1089 5010 1148 5058 et
1184 5003 1316 5075 quia
1358 5001 1521 5074 pauci
1551 5002 1904 5057 intraverunt
1924 5003 1981 5057 in
2011 5020 2137 5059 eam
2219 5008 2320 5063 Dei
2350 5009 2926 5082 omnipotentis/quae
2957 5020 3045 5068 est
3098 5014 3216 5069 vita
3243 5021 3481 5080 aeterna,
3510 5016 3661 5068 etiam
3686 5012 3770 5076 ipse

545 5092 799 5162 requiem
822 5109 949 5163 quae
968 5092 1075 5146 fuit
1098 5091 1157 5144 in
1172 5090 1541 5152 Palestina,id
1560 5095 1648 5145 est
1660 5091 1772 5145 duo
1792 5097 2015 5146 tantum
2036 5094 2140 5147 Ca-
2219 5100 2486 5166 requievit
2512 5102 2582 5153 ab
2612 5101 2865 5168 operibus
2893 5104 3030 5169 suis,
3062 5104 3307 5158 terrenis
3336 5101 3686 5171 omnibusque
3707 5095 3769 5149 la-

540 5178 633 5233 leb
654 5185 712 5234 et
746 5180 934 5246 Josue,
966 5196 1031 5233 ex
1061 5178 1321 5233 omnibus
1343 5179 1453 5233 illis
1482 5179 1579 5250 qui
1607 5179 1676 5232 de
1718 5179 1958 5250 [Egypto
1986 5180 2133 5236 exie-
2216 5184 2466 5252 boribus,
2492 5189 2634 5240 sicut
2665 5204 2702 5241 a
2728 5191 2846 5242 suis
2859 5191 3307 5263 Deus,requievit
3327 5192 3421 5247 die
3449 5185 3771 5261 septima.Re-

541 5273 694 5334 runt,
726 5268 804 5331 hi,
835 5267 892 5321 id
923 5272 1010 5321 est
1045 5267 1336 5337 sexaginta
1371 5267 1550 5321 millia
1599 5266 1801 5338 quibus
1848 5267 2130 5338 prioribus
2215 5272 2375 5342 quies
2418 5271 2524 5328 Dei
2561 5275 2830 5344 perfectio
2870 5293 3101 5348 operum
3128 5280 3279 5335 illius
3308 5277 3661 5350 intelligenda
3685 5277 3764 5336 est:

453 5354 457 5359 ’
536 5357 937 5412 annuntiatum
967 5361 1070 5418 est,
1104 5371 1217 5409 non
1247 5356 1600 5410 intraverunt
1626 5355 1684 5410 in
1704 5356 1951 5421 eam,sed
1969 5357 2131 5411 cada-
2212 5360 2465 5415 videlicet
2485 5363 2621 5417 dum
2633 5369 2788 5418 sexto
2799 5363 2890 5419 die
2911 5366 3073 5422 ﬁnita
3084 5368 3439 5438 primordiali
3459 5382 3638 5423 rerum
3649 5378 3767 5418 crea-

530 5462 661 5502 vera
694 5461 890 5500 eorum
937 5447 1220 5514 prostrata
1243 5443 1301 5498 in
1327 5444 1569 5498 deserto.
1614 5447 1824 5498 Iterum
1855 5449 2122 5500 terminat
2211 5449 2383 5515 tione,
2403 5450 2462 5504 in
2500 5452 2741 5523 septimo
2769 5456 3008 5511 cessavit
3037 5473 3072 5511 a
3092 5458 3382 5513 creatione
3412 5469 3669 5513 novarum
3693 5468 3763 5504 re~

529 5538 675 5594 diem
693 5535 984 5606 quemdam
1006 5533 1160 5587 hodie
1188 5535 1252 5587 in
1279 5533 1458 5587 David
1483 5533 1729 5600 dicendo,
1750 5539 1871 5602 post
1895 5540 2117 5589 tantum
2199 5553 2354 5596 rum.
2383 5539 2492 5594 Per
2516 5540 2673 5596 illam
2706 5557 2836 5597 vero
2865 5547 3121 5620 requiem
3148 5545 3279 5615 Dei,
3304 5564 3435 5620 qua
3458 5553 3544 5604 est
3568 5547 3760 5605 sterne,
