3884 6154
179 250 268 308 849

787 247 1167 304 EXPOSlTlO
1209 252 1285 308 IN
1327 254 1477 309 EPP.
1524 258 1584 312 S.
1625 258 1858 313 PAULI.
1899 289 1958 300 -
2001 260 2078 314 IN
2120 259 2340 312 EPIST.
2369 258 2477 332 'AD
2517 257 2728 312 HEBR.

3307 257 3412 316 850

173 371 389 428 studiose
413 376 671 442 provocat
699 387 801 426 nos
848 378 912 426 ut
953 374 1023 426 ad
1055 377 1305 446 requiem
1346 385 1567 436 aeternae
1594 383 1730 437 bea-
1747 393 1792 444 Α
1816 385 1938 456 piti,
1971 386 2074 438 hoc
2097 391 2184 439 est
2215 399 2279 438 ex
2305 390 2545 454 utraque
2589 387 2748 452 parte
2805 386 2988 446 acuto,
3013 381 3143 452 quia
3189 382 3410 451 gladius

173 458 394 514 titudinis
419 457 592 523 illam,
630 476 796 529 quam
849 460 1254 518 sabbatismum
1299 470 1564 538 appellat,
1599 473 1732 526 totis

171 548 357 602 nisibus
383 546 722 601 anhelemus.
759 548 1024 619 Quisquis
1056 567 1192 620 ergo
1212 553 1363 608 istud
1398 557 1497 610 Dei
1528 558 1730 613 sabba-

172 643 271 691 tum
305 635 601 699 intraverit,
624 637 942 706 requiescet
969 651 1237 710 perpetuo
1259 642 1330 695 ab
1358 645 1509 698 omni
1541 646 1729 702 labore

168 731 216 778 et
246 723 584 794 opere,‘sicut
611 725 760 780 Deus
794 727 1118 797 requievita
1147 732 1429 786 creatione
1458 749 1726 790 novarum

164 828 347 868 rerum.
1352 814 1357 819 ’

222 903 534 956 Festinamus
559 917 684 969 ergo
705 904 933 970 ingredi
953 907 1012 956 in
1035 907 1196 958 illam
1221 912 1467 974 requiem
1496 916 1554 963 ut
1577 928 1643 965 ne
1662 915 1727 966 in

160 990 376 1057 idipsum
399 992 522 1057 quis
543 993 755 1044 incidat
767 994 1178 1046 incredulitatis
1189 1010 1336 1048 emam
1341 1000 1438 1062 plu
1448 1016 1497 1050 ιη
1509 1039 1518 1049 .
1532 1000 1575 1052 ll
1581 1016 1730 1070 agna

161 1077 355 1147 quidem
378 1093 466 1131 res
492 1083 549 1132 et
589 1079 853 1133 salutaris
885 1085 968 1134 est
995 1081 1152 1147 ﬁdes,
1183 1084 1445 1152 quoniam
1483 1087 1604 1140 sine
1622 1088 1729 1143 hac

157 1181 253 1220 non
276 1171 355 1220 est
372 1166 574 1220 salvari
613 1168 877 1238 possibile
903 1168 1090 1235 alicui,
1131 1170 1276 1224 sicut
1306 1174 1573 1244 scriptum
1607 1183 1723 1231 est:

155 1250 267 1304 Sine
315 1253 412 1316 ﬁde
470 1255 800 1322 impossibile
847 1261 922 1308 est
968 1259 1184 1324 placere
1226 1261 1326 1312 Deo
1375 1261 1560 1332 (Ilebr.
1620 1265 1721 1332 x1).

153 1339 389 1410 Quisquis
414 1340 530 1395 Deo
552 1357 663 1395 non
693 1343 1007 1408 credit,non
1037 1345 1320 1413 salvatur;
1356 1349 1451 1402 sed
1479 1350 1546 1402 ad
1570 1353 1724 1406 salu-

151 1434 249 1482 tem
270 1444 372 1482 non
402 1430 610 1484 sufﬁcit
636 1432 755 1484 sola
785 1432 940 1486 ﬁdes.
974 1434 1368 1488 Necessarium
1401 1444 1488 1490 est
1507 1440 1718 1494 etenim

149 1517 407 1586 cooperari
441 1533 542 1586 per
561 1518 914 1572 dilectionem
947 1521 1094 1586 ﬁdei,
1127 1528 1184 1574 et
1203 1525 1524 1578 conversari
1552 1526 1720 1596 digne

148 1602 268 1668 Deo,
296 1603 422 1674 quia
464 1605 602 1659 ﬁdes
640 1607 756 1659 sine
820 1607 1077 1677 Operibus
1099 1616 1320 1663 mortua
1347 1619 1450 1665 est.
1485 1613 1726 1668 Proinde

1814 473 2122 526 materialis
2145 478 2382 542 utraque
2410 477 2566 541 parte
2588 475 2786 523 acutus
2809 468 3059 522 membra
3084 469 3309 538 quidem
3330 469 3410 522 di-

1811 562 1999 614 videre
2030 568 2216 632 potest
2243 577 2277 613 a
2302 577 2534 630 corpore
2565 567 2619 613 et
2644 565 2939 628 penetrare
2965 563 3179 611 secreta
3201 557 3405 623 carnis,

1811 650 1952 703 adeo
1980 655 2046 702 ut
2092 650 2337 703 animam
2378 666 2412 703 a
2452 664 2684 718 corpore
2716 647 2885 700 faciat
2913 647 3084 711 exire,
3108 646 3408 717 ipsumque

1810 754 2014 808 corpus
2043 738 2100 791 in
2144 749 2380 791 morlem
2423 737 2662 807 redigat,
2685 737 2780 789 sed
2834 744 3023 789 tamen
3053 735 3233 805 ipsam
3293 749 3406 788 non

1809 830 1995 897 potest
2029 825 2275 879 dividere
2314 825 2656 887 minutatim,
2689 840 2871 894 neque
2922 829 3136 877 secreta
3163 825 3286 893 ejus
3313 839 3409 894 pe-

1809 920 2054 967 netrare.
2087 913 2246 968 Unde
2272 914 2544 967 Dominus
2571 913 2730 966 dicit:
2766 913 2947 966 Nolite
2969 915 3158 965 timere
3195 929 3278 964 eos
3307 915 3407 979 qui

1810 1004 2062 1056 occidunt
2083 1005 2557 1070 corpus,animam
2581 1006 2767 1055 autem
2790 1017 2901 1055 non
2924 1006 3152 1068 possunt
3168 1003 3408 1054 occidere

1807 1091 2026 1158 (Matth.
2056 1094 2138 1157 Χ).
2181 1089 2481 1159 Sequitur:
2513 1091 2830 1157 Pertinqens
2877 1088 3024 1142 idem
3072 1105 3256 1143 sermo
3304 1090 3405 1144 Dei

1810 1195 1978 1246 usque
2005 1180 2078 1232 ad
2099 1180 2428 1231 divisionem
2458 1179 2664 1230 anime
2682 1177 2770 1245 {ac
2806 1179 3059 1244 spiritus,
3077 1194 3402 1246 compagum

1810 1283 2018 1334 quoque
2043 1273 2090 1319 et
2120 1267 2514 1328 medullarum,
2549 1271 2596 1316 et
2623 1266 2886 1317 discrelor
2916 1268 3311 1331 cogitationum
3351 1273 3401 1319 et

1807 1357 2182 1407 intentionum
2228 1355 2421 1406 cordis.
2469 1353 2667 1406 Anima
2694 1350 2948 1416 vivimus,
2976 1352 3197 1422 spiritu,
3227 1354 3283 1407 id
3313 1359 3401 1408 est

1804 1441 2243 1495 rationabilitate
2267 1439 2803 1510 intelligimus.Vita
2832 1440 2994 1493 nobis
3011 1441 3253 1494 carnalis
3271 1457 3401 1494 cum

1808 1529 2001 1582 bestiis
2032 1531 2366 1592 communis,
2399 1530 2542 1582 ratio
2572 1528 2842 1596 spiritalis
2884 1545 3013 1582 cum
3068 1527 3303 1598 angelis.
3332 1529 3401 1582 Et

1807 1625 1939 1671 sunt
1963 1619 2216 1688 quaedam
2249 1625 2475 1688 peccata
2503 1634 2628 1687 quae
2675 1618 2960 1686 pertinent
3003 1615 3302 1686 specialius
3331 1617 3404 1671 ad

144 1691 436 1760 Apostolus,
483 1694 841 1747 considerans
881 1696 1208 1750 felicitatem
1241 1707 1524 1769 perpetua:
1576 1702 1717 1768 vitae,
1738 1694 2002 1777 Bcorpus
2033 1724 2200 1777 quam
2242 1707 2310 1760 ad
2351 1707 2610 1777 spiritum
2647 1721 2657 1754 ε
2689 1712 2751 1759 ut
2779 1711 2864 1758 est
2893 1703 3400 1768 homicidium,for-

145 1779 376 1832 hortatur
403 1780 629 1836 dicens:
660 1783 1010 1838 Festinemus
1055 1786 1164 1839 ﬁde
1187 1793 1362 1852 recta,
1395 1791 1720 1858 operatione

143 1874 314 1920 sancta
340 1869 583 1923 introire
606 1869 664 1923 in
693 1871 843 1924 illam
875 1873 1123 1942 requiem
1147 1876 1343 1944 patrita
1374 1877 1721 1933 ccelestisno-

140 1953 213 2007 bis
239 1956 589 2025 promissam,
623 1975 693 2011 ne
717 1960 918 2029 aliquis
949 1968 1206 2016 nostrum
1238 1964 1450 2018 incidat
1490 1966 1547 2019 in
1577 1967 1718 2038 idip-

140 2058 247 2094 sum
273 2044 685 2099 incredulitatis
717 2049 1031 2118 exemplum
1091 2057 1148 2103 et
1195 2051 1621 2123 desperationis,
1657 2057 1716 2110 in

140 2131 266 2198 quod
293 2131 373 2186 illi
402 2134 748 2189 ceciderunt.
806 2136 1176 2203 Festinemus,
1213 2140 1416 2210 inquit,
1439 2145 1710 2212 quoniam

137 2233 231 2271 non
254 2220 457 2274 sufficit
493 2220 612 2275 sola
666 2223 822 2290 ﬁdes,
855 2225 952 2278 sed
984 2226 1150 2279 debet
1177 2229 1307 2282 addi
1337 2235 1393 2284 et
1423 2231 1536 2284 vita
1587 2232 1717 2287 ﬁdei

132 2307 400 2377 condigna.
436 2308 801 2365 Sufﬁcienter
829 2313 978 2365 enim
1011 2317 1265 2384 exemplo
1296 2324 1593 2386 parentum
1614 2337 1718 2374 no-

131 2399 348 2450 strorum
377 2397 765 2463 docemur,ne
799 2401 857 2452 in
884 2401 1124 2470 idipsum
1158 2404 1504 2460 inﬁdelitatis
1533 2424 1717 2462 exem-

127 2482 261 2551 plum
297 2485 637 2550 incidentes,
667 2488 725 2540 in
759 2489 905 2558 quod
939 2490 1020 2543 illi
1059 2492 1402 2561 ceciderunt,
1447 2496 1585 2549 talia
1612 2514 1716 2567 pa-

129 2569 332 2638 tiamur,
365 2575 564 2644 qualia
592 2575 674 2628 illi
704 2577 1021 2646 passisunt.

201 2661 343 2715 Vicus
366 2666 524 2717 enim
535 2670 609 2716 est
630 2681 806 2718 sermo
830 2669 996 2726 θειᾌεί
1017 2669 1284 2734 efﬁcaa',ct
1305 2673 1715 2740 penetrabilior

136 2753 275 2801 omni
298 2753 485 2818 gladio
525 2756 782 2821 ancipiti.
816 2756 1082 2824 Apostolo
1113 2757 1332 2812 dicente
1355 2767 1411 2812 et
1430 2759 1711 2827 hortante,

127 2834 359 2892 festinem
370 2856 433 2893 us
454 2840 680 2910 ingredi
702 2841 757 2894 in
780 2843 1030 2912 requiem
1049 2845 1244 2913 patriae
1264 2847 1639 2908 cmlestis,ﬁde
1660 2857 1717 2904 et

130 2928 537 2994 operatione,ne
556 2929 760 2999 aliquis
773 2937 1028 2984 nostrum
1053 2933 1268 2986 incidat
1287 2934 1342 2987 in
1368 2935 1608 3006 idipsum
1632 2938 1715 2994 in-

1802 1795 2027 1859 nicatio,
2059 1795 2418 1859 adulterium,
2460 1794 2693 1858 furtum,
2725 1793 3100 1862 sacrilegium.
3120 1797 3178 1846 et
3199 1799 3401 1847 caetera

1801 1884 1956 1947 talia,
1990 1901 2111 1954 quae
2136 1890 2261 1937 actu
2289 1883 2538 1954 corporis
2567 1888 2989 1953 perpetrantur.
3030 1881 3234 1935 Iterum
3265 1887 3402 1935 sunt

1801 1972 1911 2024 alia
1949 1988 2072 2041 quae
2101 1972 2386 2042 pertinent
2405 1971 2701 2041 specialius
2731 1971 2799 2023 ad
2831 1970 3092 2040 spiritum
3124 1985 3294 2039 quam
3324 1970 3396 2023 ad

1798 2076 2020 2130 corpus,
2051 2067 2116 2114 ut
2144 2067 2228 2114 est
2260 2060 2470 2124 odium,
2496 2060 2599 2123 ira,
2623 2059 2908 2120 dolositas,
2933 2058 3144 2111 invidia
3172 2064 3398 2112 caetera-

1801 2165 1907 2218 que
1936 2148 2255 2217 hujusmodi
2285 2165 2406 2218 quae
2436 2150 2556 2201 sine
2586 2155 2713 2200 actu
2758 2146 3005 2217 corporis
3042 2152 3287 2203 constat.
3328 2147 3398 2200 Et

1800 2235 1932 2304 quia
1953 2251 2154 2305 corpus
2181 2237 2368 2288 anima
2412 2235 2740 2294 viviﬁcatur,
2773 2249 2885 2286 non
2947 2233 3253 2302 incongrue
3297 2250 3400 2302 per

1800 2323 2046 2376 animam
2074 2339 2374 2393 possumus
2423 2323 2736 2391 intelligere
2779 2326 3007 2392 peccata
3033 2321 3348 2392 corporalia
3380 2339 3391 2373 :

1798 2427 1899 2482 per
1927 2411 2187 2482 Spiritum
2209 2428 2338 2465 vero
2366 2417 2592 2481 peccata
2620 2410 2914 2481 spiritalia,
2940 2426 3062 2480 qua:
3091 2410 3149 2463 in
3184 2415 3398 2463 secreto

1797 2501 2001 2554 mentis
2035 2499 2600 2572 versantur._lterum
2632 2516 2736 2568 per
2789 2514 3088 2569 compages
3129 2497 3398 2552 debemus

1798 2589 2112 2658 intelligere
2143 2588 2512 2658 cogitationes
2547 2603 2670 2655 quae
2701 2585 2805 2640 sibi
2850 2587 3086 2639 invicem
3119 2587 3400 2656 compagi-

1798 2684 2006 2731 nantur
2035 2683 2091 2730 et
2107 2676 2683 2746 conjunguntur,dum
2705 2691 2819 2729 una
2847 2676 3081 2728 alteram
3109 2674 3400 2744 subsequi-

1798 2772 1920 2819 tur:
1968 2783 2067 2836 per
2096 2765 2370 2818 medullas
2390 2781 2518 2817 vero
2547 2764 2780 2817 subtiles
2811 2763 3171 2828 intentiones,
3205 2768 3262 2816 et
3290 2763 3397 2817 hoc

1798 2861 1884 2908 est
1905 2855 2050 2924 quod
2081 2853 2669 2922 subjungit,discretor
2697 2851 3098 2922 cogitationum
3130 2857 3188 2906 et
3214 2851 3397 2906 inten-

1797 2943 2013 2996 tionum
2040 2943 2241 3004 cordis,
2267 2941 2635 3012 cogitationes
2691 2940 2935 2994 referens
2971 2939 3044 2994 ad
3072 2956 3392 3011 compages,

126 3012 386 3070 ﬁdelitatis
418 3019 764 3088 exemplum,
799 3019 855 3072 in
887 3020 1033 3090 quod
1063 3020 1144 3074 illi
1175 3021 1579 3087 ceciderunt,et
1592 3042 1711 3080 eve-
1731 3044 1772 3103 ρ
1798 3031 2137 3084 intentiones
2153 3031 2222 3083 ad
2241 3029 2626 3083 medullas.Ita
2646 3037 2835 3082 autem
2849 3029 3170 3098 jungendus
3183 3034 3270 3082 est
3286 3027 3395 3082 iste

124 3112 430 3168 niantnobis
454 3116 599 3169 talia
622 3117 810 3186 qualia
828 3117 937 3170 illis
956 3126 1263 3171 evenerunt
1289 3137 1302 3186 ;
1327 3121 1422 3190 qui
1444 3123 1706 3190 prostrati

122 3201 318 3254 suntin
368 3203 617 3268 deserto,
662 3209 918 3274 poterant
975 3205 1054 3258 illi
1100 3207 1281 3262 Judaei
1323 3209 1706 3278 respondere:

121 3286 468 3360 Nequaquam
505 3290 670 3343 nobis
702 3291 838 3344 talia
858 3293 1134 3358 evenient,
1159 3295 1291 3364 quia
1307 3312 1414 3348 non
1434 3296 1706 3351 habemus

117 3378 398 3446 praphetas
424 3385 483 3432 et
515 3379 860 3449 judices,per
879 3397 1119 3450 quorum
1143 3399 1242 3434 ora
1262 3383 1420 3436 nobis
1441 3385 1706 3454 loquatur

117 3463 382 3532 Dominus,
418 3469 574 3521 sicut
603 3468 682 3520 illi
705 3467 1046 3522 habuerunt:
1080 3470 1206 3524 ideo
1231 3472 1500 3542 quidquid
1529 3475 1706 3543 egeri-

116 3567 244 3620 mus,
277 3557 633 3610 excusabiles
661 3557 894 3610 erimus.
924 3559 1009 3611 Ad
1041 3559 1159 3612 haec
1188 3562 1486 3630 Apostolus
1517 3563 1706 3616 volens

113 3644 385 3698 ostendere
415 3645 687 3699 eumdem
743 3645 948 3699 habere
992 3663 1094 3700 nos
1135 3649 1383 3717 judicem
1431 3666 1597 3720 quem
1626 3651 1707 3704 illi

115 3728 550 3805 habuerunt,qui
579 3734 704 3787 illos
726 3741 954 3804 propter
982 3737 1432 3791 incredulitatem
1467 3739 1704 3792 damna-

111 3818 193 3882 vit,
221 3821 376 3887 dixit,
414 3825 549 3878 Non
585 3831 670 3875 est
695 3823 798 3876 ita:
833 3823 1001 3876 Vivus
1031 3831 1112 3876 est
1145 3825 1290 3877 enim
1325 3842 1509 3878 sermo
1535 3826 1632 3879 Dei
1649 3833 1706 3880 et

109 3907 300 3962 efﬁcax.
330 3913 538 3965 Sermo
571 3912 668 3965 Dei
698 3911 884 3965 Patris
908 3919 965 3964 et
993 3912 1238 3966 Verbum
1272 3914 1445 3967 Filius
1476 3921 1579 3972 est.
1608 3911 1703 3984 qui

105 3999 479 4066 potentialiter
499 4001 784 4053 interfecit
819 4001 912 4053 illa
930 4007 1195 4054 sexcenta
1213 4001 1390 4055 millia
1409 4003 1466 4055 in
1483 4003 1702 4056 deserto

109 4084 168 4136 o'o
193 4087 613 4152 inﬁdelitatem,
638 4089 768 4159 quia
797 4089 847 4142 ei
879 4089 1184 4143 noluerunt
1210 4091 1456 4144 credere.
1487 4085 1704 4145 Hicest

106 4189 271 4230 sermo
302 4178 398 4248 qui
440 4193 740 4248 nunquam
771 4178 1028 4246 moritur,
1045 4179 1142 4231 sed
1175 4195 1400 4248 semper
1425 4180 1570 4232 idem
1589 4196 1703 4232 ma-

106 4270 204 4317 net.
225 4267 388 4335 juxta
404 4267 566 4338 quod
591 4267 885 4320 Psalmista
913 4266 1048 4320 dicit
1073 4285 1084 4319 :
1121 4268 1197 4320 Tu
1224 4273 1407 4320 autem
1433 4271 1573 4321 idem
1593 4273 1703 4336 ipse

107 4367 166 4412 es,
190 4360 237 4406 et
260 4360 408 4409 anni
431 4360 547 4420 tui,
583 4356 637 4408 id
663 4361 748 4408 est
776 4357 908 4408 anni
931 4355 1258 4409 aeternitatis
1285 4363 1415 4420 tuae,
1447 4374 1556 4410 non
1579 4361 1704 4426 (lc/i-

105 4444 232 4496 cient
250 4446 427 4513 (Psal.
461 4451 564 4513 Cl).
599 4445 700 4497 llic
731 4452 816 4498 est
862 4461 1047 4498 sermo
1080 4445 1172 4515 qui
1204 4445 1272 4497 de
1302 4446 1484 4516 seipso
1516 4447 1653 4502 dicit
1685 4467 1696 4501 :

103 4528 295 4598 Siquis
316 4549 638 4586 sermonem
657 4549 839 4585 meum
855 4535 1406 4597 servarerit,mortem
1428 4551 1536 4588 non
1561 4539 1704 4590 ride-

105 4618 171 4669 bit
199 4622 256 4671 in
278 4628 563 4674 sternunt
605 4623 794 4687 (Joan.
822 4623 967 4689 x111).
1002 4621 1060 4675 Si
1092 4621 1240 4674 enim
1269 4621 1350 4674 illi
1379 4622 1549 4676 istum
1583 4641 1702 4678 ser-

104 4720 314 4762 monem
343 4710 449 4763 Dei
468 4717 792 4763 servassent
811 4715 961 4762 recte
982 4710 1259 4763 credendo
1282 4717 1340 4763 et
1360 4710 1501 4764 bene
1525 4713 1704 4767 viven-

97 4793 178 4860 do,
207 4798 463 4852 viverent
485 4799 686 4868 utique
717 4799 1013 4868 temporali
1060 4805 1118 4852 et
1161 4805 1372 4853 aeterna
1413 4800 1545 4865 vita,
1593 4808 1701 4856 ter-

1790 3119 2098 3172 versiculus
2127 3132 2138 3165 :
2171 3119 2340 3171 Vivus
2367 3124 2452 3171 est
2495 3134 2680 3170 sermo
2707 3117 2807 3170 Dei
2838 3123 2894 3171 et
2921 3116 3114 3170 efﬁcax
3138 3123 3197 3170 et.
3219 3133 3394 3188 pene-

1790 3208 2048 3261 trabilior
2069 3207 2221 3260 omni
2249 3207 2436 3276 gladio
2479 3207 2729 3275 ancipiti,
2762 3212 2820 3258 et
2862 3207 3185 3275 pertingens
3213 3221 3393 3276 usque

1791 3297 1856 3350 ad
1891 3296 2218 3349 divisionem
2249 3296 2449 3348 animae
2475 3301 2530 3348 et
2551 3294 2878 3348 divisionem
2905 3294 3156 3365 spiritus,
3186 3299 3244 3348 et
3271 3311 3394 3365 per-

1789 3385 2013 3454 tingens
2042 3401 2218 3454 usque
2249 3385 2318 3437 ad
2350 3383 2678 3437 divisionem
2706 3385 3060 3454 compaguml
3088 3389 3147 3436 et
3171 3383 3394 3439 divisio-

1791 3489 1918 3527 nem
1953 3473 2346 3535 medullarum,
2385 3479 2442 3526 et
2469 3473 2742 3526 discretor
2770 3478 2857 3525 est
2886 3473 3292 3541 cogitationum
3335 3479 3394 3527 et

1789 3562 2164 3615 intentionum
2187 3561 2394 3617 cordis.
2414 3561 2608 3614 Sermo
2630 3575 2762 3628 ergo
2783 3559 2880 3614 Dei
2900 3561 3082 3612 Patris
3106 3560 3389 3613 intentum

1789 3656 1875 3702 est
1904 3649 2097 3702 efﬁcax
2124 3657 2181 3701 et
2210 3647 2612 3718 penetrabilior
2640 3647 2793 3699 omni
2821 3646 3006 3715 gladio
3037 3647 3288 3716 ancipiti,
3323 3652 3387 3700 ut

1788 3737 2070 3791 discernat
2090 3737 2240 3790 inter
2279 3752 2448 3805 opera
2479 3735 2664 3787 carnis
2692 3741 2750 3786 et
2769 3750 2942 3803 Opera
2959 3735 3212 3804 spiritus,
3240 3735 3390 3788 inter

1787 3827 2037 3882 carnalia
2069 3831 2294 3895 peccata
2314 3830 2370 3876 et
2386 3823 2681 3893 spiritalia,
2711 3823 2860 3876 inter
2887 3823 3251 3893 cogitationes
3290 3823 3386 3878 bo-

1786 3930 1888 3968 nas
1921 3915 2185 3974 malasve,
2211 3919 2268 3966 et
2297 3913 2638 3965 intentiones
2669 3911 2841 3966 bonas
2874 3913 2957 3965 vel
2978 3913 3390 3968 malas.Potest

1786 4003 1994 4056 etenim
2043 4002 2310 4072 cogitatio
2339 4006 2624 4070 utcunque
2668 3999 2814 4053 bona
2852 4017 2992 4061 esse,
3036 4007 3094 4054 et
3145 4001 3386 4055 intentio

1786 4092 1960 4148 mala.
1994 4091 2160 4144 Verbi
2180 4090 2452 4159 gratia,ut
2471 4089 2574 4142 sub
2597 4090 3010 4160 comparatione
3045 4089 3346 4160 loquamur
3370 4110 3382 4144 :

1787 4180 1880 4233 Est
1909 4180 2163 4250 quaedam
2214 4179 2398 4240 vidua,
2440 4180 2600 4248 cujus
2639 4179 2916 4249 possessio
2955 4179 3315 4233 hereditaria
3351 4197 3386 4233 a

1786 4270 2014 4322 fortiore
2037 4268 2620 4332 invaditur,accedens
2642 4273 2828 4321 autem
2852 4269 2921 4322 ad
2946 4268 3193 4338 judicem
3225 4269 3388 4339 legis-

1787 4374 1894 4428 que
1923 4358 2227 4421 doctorem,
2270 4357 2604 4427 deprecatur
2636 4363 2914 4426 quatenus
2955 4356 3224 4427 suscipiat
3264 4358 3386 4426 ejus

1785 4464 2011 4501 causam
2038 4448 2221 4518 sitque
2240 4448 2289 4500 ei
2324 4448 2380 4500 in
2401 4447 2980 4517 auxilium,quatenus
3006 4446 3259 4500 obtinere
3276 4447 3388 4501 hie-

1785 4537 2084 4591 reditatem
2115 4536 2218 4589 sibi
2252 4536 2591 4590 abstractam
2625 4537 2820 4606 possit,
2855 4537 3189 4606 promittens
3209 4536 3386 4600 ei,aut

1785 4633 2008 4678 centum
2039 4627 2246 4679 solidos
2267 4632 2368 4678 aut
2395 4625 2566 4678 etiam
2591 4641 2701 4677 non
2734 4625 3004 4676 modicam
3036 4630 3251 4693 partem
3275 4623 3387 4676 hae-

1784 4714 2043 4768 reditatis
2079 4715 2359 4783 ejusdem.
2399 4713 2504 4776 Qui
2530 4712 2700 4781 judex
2731 4711 3049 4780 ingrediens
3092 4711 3383 4764 ecclesiam

1786 4803 1906 4868 Dei,
1939 4803 2244 4872 prosternit
2269 4820 2328 4855 se
2352 4803 2407 4854 in
2442 4801 2658 4864 faciem,
2691 4815 2854 4852 orans
2880 4804 2945 4852 et
2973 4799 3196 4852 dicens:
3231 4800 3382 4854 Deus

98 4897 317 4956 remque
348 4887 814 4958 repromissionis
843 4888 1422 4942 intrarent.Similiter
1451 4897 1508 4943 et
1527 4907 1628 4944 nos
1653 4892 1700 4945 si
1784 4891 2113 4961 mterne,qui
2131 4891 2317 4944 omnia
2329 4892 2481 4959 juste
2493 4889 2795 4956 judicaset
2813 4887 3385 4956 quidixistijudicate

95 4978 501 5030 servaverimus
526 4992 844 5030 sermonem
887 4977 1009 5045 ejus
1038 4975 1303 5042 vivemus,
1338 4979 1700 5050 requiemque
1782 4979 2330 5049 pupillos,defendite
2344 4979 2562 5030 viduam
2580 4975 2680 5044 (IV
2699 4975 3116 5045 Esd.11),preebe
3132 4975 3270 5029 mihi
3290 4977 3388 5030 ho-

96 5063 870 5119 cmlestemintrabimustte
894 5080 1078 5118 sermo
1093 5066 1192 5118 Dei
1216 5065 1523 5136 Patris,qui
1551 5084 1700 5120 sem-
1783 5068 1872 5121 die
1893 5067 2184 5131 auxilium,
2215 5072 2494 5135 quatenus
2511 5080 2734 5117 causam
2755 5064 2922 5133 hujus
2943 5064 3124 5119 vidua)
3136 5063 3389 5120 obtinere

94 5167 184 5218 per
212 5153 344 5207 vivit
365 5171 505 5207 cum
541 5154 654 5206 Deo
685 5153 873 5217 Patre,
898 5160 954 5207 et
984 5171 1084 5224 per
1112 5170 1278 5224 quem
1317 5155 1483 5208 Pater
1514 5157 1702 5209 omnia
1786 5155 2165 5227 possim.Hzec
2194 5152 2682 5222 dicens,cogitatio
2713 5153 2940 5222 quidem
2971 5159 3028 5207 et
3057 5153 3224 5207 verba
3242 5153 3391 5210 bona

90 5241 317 5307 judicat,
340 5244 550 5297 efﬁcax
580 5249 683 5303 est,
716 5244 819 5296 hoc
849 5250 932 5297 est
979 5245 1050 5297 ad
1103 5244 1450 5314 operandum
1502 5245 1698 5311 facilis,
1787 5251 1938 5306 sunt.
1971 5244 2068 5297 sed
2094 5242 2330 5296 intentio
2356 5257 2595 5310 nequam
2623 5260 2635 5307 ;
2671 5242 2936 5312 quoniam
2967 5242 3075 5296 nisi
3104 5242 3272 5298 vidua
3291 5245 3391 5298 ali—

95 5331 218 5398 quia
243 5333 368 5386 sine
408 5332 610 5386 labore
640 5339 932 5402 operatur:
967 5335 1076 5401 Ipse
1104 5337 1256 5386 enim
1291 5335 1451 5395 dixit,
1485 5340 1534 5386 et
1555 5337 1703 5400 facta
1789 5334 1919 5404 quid
1953 5330 2303 5402 promisisset
2332 5331 2481 5399 quod
2515 5330 2604 5384 ille
2636 5337 2890 5401 speraret
2911 5348 2969 5385 se
3003 5340 3388 5403 accepturum,

93 5426 235 5477 sunt;
250 5427 336 5474 et:
361 5422 576 5476 Omnia
591 5438 922 5490 quacunque
938 5425 1282 5488 volm’t,fecil,
1305 5425 1702 5491 (Psal.cxxx1v,
1788 5437 2143 5492 nequaquam
2161 5435 2386 5472 causam
2405 5419 2559 5473 illius
2570 5421 2909 5492 suscepisset
2921 5464 2935 5480 .
2948 5421 3390 5475 Hancsubtilita-

94 5510 773 5581 cxu'm).Penetrabilior
803 5527 1024 5582 quoque
1042 5517 1128 5564 est
1156 5511 1309 5564 omni
1339 5511 1530 5580 gladio
1549 5511 1705 5566 anci-
1789 5517 1901 5564 tem
1933 5509 2337 5580 cogitationum
2368 5515 2423 5564 et
2442 5509 2817 5565 intentionum
2841 5511 3027 5569 cordis
3044 5509 3309 5566 discernit
3329 5512 3388 5560 et
