  <div class='ocr_page' id='page_1' title='image "/cluster/home/n/w/nwhite01/storage/ocr_20150623/117/hvd.32044054759816/432.png"; bbox 0 0 3992 6166; ppageno 0'>
   <div class='ocr_carea' id='block_1_1' title="bbox 300 198 408 258">
    <p class='ocr_par' dir='ltr' id='par_1_1' title="bbox 300 198 408 258">
     <span class='ocr_line' id='line_1_1' title="bbox 300 198 408 258; baseline 0 -2"><span class='ocrx_word' id='word_1_1' title='bbox 300 198 408 258; x_wconf 77' lang='grc'><strong>858</strong></span> 
     </span>
    </p>
   </div>
   <div class='ocr_carea' id='block_1_2' title="bbox 1010 162 2881 270">
    <p class='ocr_par' dir='ltr' id='par_1_2' title="bbox 1010 162 2881 270">
     <span class='ocr_line' id='line_1_2' title="bbox 1010 162 2881 270; baseline -0.001 -7"><span class='ocrx_word' id='word_1_2' title='bbox 1010 162 1393 266; x_wconf 76' lang='lat' dir='ltr'><strong>mosmo</strong></span> <span class='ocrx_word' id='word_1_3' title='bbox 1421 212 1499 267; x_wconf 89' lang='lat' dir='ltr'><strong>IN</strong></span> <span class='ocrx_word' id='word_1_4' title='bbox 1530 213 1686 269; x_wconf 72' lang='lat' dir='ltr'><strong>uno.</strong></span> <span class='ocrx_word' id='word_1_5' title='bbox 1719 214 1776 269; x_wconf 83' lang='grc' dir='ltr'><strong>ε.</strong></span> <span class='ocrx_word' id='word_1_6' title='bbox 1809 213 2046 270; x_wconf 66' lang='lat' dir='ltr'><strong>psum.</strong></span> <span class='ocrx_word' id='word_1_7' title='bbox 2081 242 2147 255; x_wconf 89' lang='grc'><strong><em>--</em></strong></span> <span class='ocrx_word' id='word_1_8' title='bbox 2174 210 2255 270; x_wconf 81' lang='lat' dir='ltr'><strong>IN</strong></span> <span class='ocrx_word' id='word_1_9' title='bbox 2283 211 2508 270; x_wconf 74' lang='lat' dir='ltr'><strong>EPIST.</strong></span> <span class='ocrx_word' id='word_1_10' title='bbox 2539 209 2638 268; x_wconf 67' lang='lat' dir='ltr'><strong>sn</strong></span> <span class='ocrx_word' id='word_1_11' title='bbox 2666 204 2881 267; x_wconf 69' lang='lat' dir='ltr'><strong>unus.</strong></span> 
     </span>
    </p>
   </div>
   <div class='ocr_carea' id='block_1_3' title="bbox 3471 209 3582 272">
    <p class='ocr_par' dir='ltr' id='par_1_3' title="bbox 3471 209 3582 272">
     <span class='ocr_line' id='line_1_3' title="bbox 3471 209 3582 272; baseline 0 -3"><span class='ocrx_word' id='word_1_12' title='bbox 3471 209 3582 272; x_wconf 74' lang='grc'><strong>856</strong></span> 
     </span>
    </p>
   </div>
   <div class='ocr_carea' id='block_1_4' title="bbox 301 328 3576 411">
    <p class='ocr_par' dir='ltr' id='par_1_4' title="bbox 301 328 3576 411">
     <span class='ocr_line' id='line_1_4' title="bbox 301 328 3576 411; baseline 0.002 -30"><span class='ocrx_word' id='word_1_13' title='bbox 301 341 409 397; x_wconf 86' lang='lat' dir='ltr'><strong>pus</strong></span> <span class='ocrx_word' id='word_1_14' title='bbox 433 332 521 382; x_wconf 87' lang='lat' dir='ltr'><strong>est</strong></span> <span class='ocrx_word' id='word_1_15' title='bbox 546 328 743 384; x_wconf 81' lang='lat' dir='ltr'><strong>auxilii</strong></span> <span class='ocrx_word' id='word_1_16' title='bbox 771 334 830 385; x_wconf 87' lang='lat' dir='ltr'><strong>et</strong></span> <span class='ocrx_word' id='word_1_17' title='bbox 855 330 1255 395; x_wconf 67' lang='lat' dir='ltr'><strong>misericordiae</strong></span> <span class='ocrx_word' id='word_1_18' title='bbox 1276 334 1473 406; x_wconf 79' lang='lat' dir='ltr'><strong>ipsius,</strong></span> <span class='ocrx_word' id='word_1_19' title='bbox 1505 337 1575 392; x_wconf 90' lang='lat' dir='ltr'><strong>de</strong></span> <span class='ocrx_word' id='word_1_20' title='bbox 1603 354 1714 409; x_wconf 91' lang='lat' dir='ltr'><strong>quo</strong></span> <span class='ocrx_word' id='word_1_21' title='bbox 1740 338 1891 394; x_wconf 86' lang='lat' dir='ltr'><strong>idem</strong></span> <span class='ocrx_word' id='word_1_22' title='bbox 1914 343 1959 400; x_wconf 81' lang='grc' dir='ltr'><strong>Α</strong></span> <span class='ocrx_word' id='word_1_23' title='bbox 1977 340 2093 394; x_wconf 88' lang='lat' dir='ltr'><strong>sive</strong></span> <span class='ocrx_word' id='word_1_24' title='bbox 2120 338 2302 393; x_wconf 85' lang='lat' dir='ltr'><strong>nostri</strong></span> <span class='ocrx_word' id='word_1_25' title='bbox 2326 335 2617 411; x_wconf 85' lang='lat' dir='ltr'><strong>temporis,</strong></span> <span class='ocrx_word' id='word_1_26' title='bbox 2642 333 2825 405; x_wconf 78' lang='lat' dir='ltr'><strong>magis</strong></span> <span class='ocrx_word' id='word_1_27' title='bbox 2844 332 3092 404; x_wconf 76' lang='lat' dir='ltr'><strong>pertinet</strong></span> <span class='ocrx_word' id='word_1_28' title='bbox 3115 348 3290 406; x_wconf 71' lang='lat' dir='ltr'><strong>quam</strong></span> <span class='ocrx_word' id='word_1_29' title='bbox 3316 335 3389 392; x_wconf 81' lang='lat' dir='ltr'><strong>ad</strong></span> <span class='ocrx_word' id='word_1_30' title='bbox 3411 336 3576 394; x_wconf 80' lang='lat' dir='ltr'><strong>Ohri.</strong></span> 
     </span>
    </p>
   </div>
   <div class='ocr_carea' id='block_1_5' title="bbox 299 415 1894 497">
    <p class='ocr_par' dir='ltr' id='par_1_5' title="bbox 299 415 1894 497">
     <span class='ocr_line' id='line_1_5' title="bbox 299 415 1894 497; baseline 0.008 -27"><span class='ocrx_word' id='word_1_31' title='bbox 299 415 603 486; x_wconf 79' lang='lat' dir='ltr'><strong>Apostolus</strong></span> <span class='ocrx_word' id='word_1_32' title='bbox 649 418 790 473; x_wconf 89' lang='lat' dir='ltr'><strong>alias</strong></span> <span class='ocrx_word' id='word_1_33' title='bbox 828 420 965 475; x_wconf 82' lang='lat' dir='ltr'><strong>dicit</strong></span> <span class='ocrx_word' id='word_1_34' title='bbox 997 440 1009 475; x_wconf 88' lang='lat'><strong>:</strong></span> <span class='ocrx_word' id='word_1_35' title='bbox 1047 423 1178 476; x_wconf 78' lang='lat' dir='ltr'><strong>Ecce</strong></span> <span class='ocrx_word' id='word_1_36' title='bbox 1218 439 1374 478; x_wconf 79' lang='lat' dir='ltr'><strong>nunc</strong></span> <span class='ocrx_word' id='word_1_37' title='bbox 1404 431 1615 494; x_wconf 84' lang='lat' dir='ltr'><strong>tempus</strong></span> <span class='ocrx_word' id='word_1_38' title='bbox 1650 434 1894 497; x_wconf 76' lang='lat' dir='ltr'><strong>accepta-</strong></span> 
     </span>
    </p>
   </div>
   <div class='ocr_carea' id='block_1_6' title="bbox 1977 422 3573 497">
    <p class='ocr_par' dir='ltr' id='par_1_6' title="bbox 1977 422 3573 497">
     <span class='ocr_line' id='line_1_6' title="bbox 1977 422 3573 497; baseline -0.001 -15"><span class='ocrx_word' id='word_1_39' title='bbox 1977 436 2149 493; x_wconf 87' lang='lat' dir='ltr'><strong>stum,</strong></span> <span class='ocrx_word' id='word_1_40' title='bbox 2186 427 2282 497; x_wconf 86' lang='lat' dir='ltr'><strong>qui</strong></span> <span class='ocrx_word' id='word_1_41' title='bbox 2318 431 2608 496; x_wconf 77' lang='lat' dir='ltr'><strong>peccatum</strong></span> <span class='ocrx_word' id='word_1_42' title='bbox 2632 440 2747 481; x_wconf 86' lang='lat' dir='ltr'><strong>non</strong></span> <span class='ocrx_word' id='word_1_43' title='bbox 2773 423 2922 491; x_wconf 66' lang='lat' dir='ltr'><strong>fecit.</strong></span> <span class='ocrx_word' id='word_1_44' title='bbox 2958 422 3150 493; x_wconf 77' lang='lat' dir='ltr'><strong>Potest</strong></span> <span class='ocrx_word' id='word_1_45' title='bbox 3171 427 3230 477; x_wconf 89' lang='lat' dir='ltr'><strong>et</strong></span> <span class='ocrx_word' id='word_1_46' title='bbox 3254 423 3393 494; x_wconf 76' lang='lat' dir='ltr'><strong>illud</strong></span> <span class='ocrx_word' id='word_1_47' title='bbox 3421 426 3573 496; x_wconf 78' lang='lat' dir='ltr'><strong>quod</strong></span> 
     </span>
    </p>
   </div>
   <div class='ocr_carea' id='block_1_7' title="bbox 299 504 3571 587">
    <p class='ocr_par' dir='ltr' id='par_1_7' title="bbox 299 504 3571 587">
     <span class='ocr_line' id='line_1_7' title="bbox 299 504 3571 587; baseline 0.004 -31"><span class='ocrx_word' id='word_1_48' title='bbox 299 504 421 570; x_wconf 81' lang='lat' dir='ltr'><strong>bile,</strong></span> <span class='ocrx_word' id='word_1_49' title='bbox 452 522 562 560; x_wconf 74' lang='lat' dir='ltr'><strong>ecce</strong></span> <span class='ocrx_word' id='word_1_50' title='bbox 602 522 757 561; x_wconf 83' lang='lat' dir='ltr'><strong>nunc</strong></span> <span class='ocrx_word' id='word_1_51' title='bbox 796 508 909 562; x_wconf 81' lang='lat' dir='ltr'><strong>dies</strong></span> <span class='ocrx_word' id='word_1_52' title='bbox 938 512 1135 563; x_wconf 82' lang='lat' dir='ltr'><strong>salutis</strong></span> <span class='ocrx_word' id='word_1_53' title='bbox 1166 513 1254 581; x_wconf 89' lang='lat' dir='ltr'><strong>(II</strong></span> <span class='ocrx_word' id='word_1_54' title='bbox 1275 514 1403 571; x_wconf 76' lang='lat' dir='ltr'><strong>Cor.</strong></span> <span class='ocrx_word' id='word_1_55' title='bbox 1440 515 1551 583; x_wconf 80' lang='lat' dir='ltr'><strong>v1);</strong></span> <span class='ocrx_word' id='word_1_56' title='bbox 1584 519 1642 569; x_wconf 90' lang='lat' dir='ltr'><strong>et</strong></span> <span class='ocrx_word' id='word_1_57' title='bbox 1677 515 1748 568; x_wconf 88' lang='lat' dir='ltr'><strong>de</strong></span> <span class='ocrx_word' id='word_1_58' title='bbox 1785 531 1895 585; x_wconf 88' lang='lat' dir='ltr'><strong>quo</strong></span> <span class='ocrx_word' id='word_1_59' title='bbox 1977 517 2134 582; x_wconf 84' lang='lat' dir='ltr'><strong>dixit,</strong></span> <span class='ocrx_word' id='word_1_60' title='bbox 2169 515 2434 587; x_wconf 86' lang='lat' dir='ltr'><strong>quoniam</strong></span> <span class='ocrx_word' id='word_1_61' title='bbox 2471 519 2530 568; x_wconf 88' lang='lat' dir='ltr'><strong>et</strong></span> <span class='ocrx_word' id='word_1_62' title='bbox 2558 512 2679 583; x_wconf 85' lang='lat' dir='ltr'><strong>ipse</strong></span> <span class='ocrx_word' id='word_1_63' title='bbox 2704 511 3080 569; x_wconf 83' lang='lat' dir='ltr'><strong>circumdatus</strong></span> <span class='ocrx_word' id='word_1_64' title='bbox 3102 516 3190 569; x_wconf 86' lang='lat' dir='ltr'><strong>est</strong></span> <span class='ocrx_word' id='word_1_65' title='bbox 3216 512 3571 584; x_wconf 71' lang='lat' dir='ltr'><strong>inﬁrmitate,</strong></span> 
     </span>
    </p>
   </div>
   <div class='ocr_carea' id='block_1_8' title="bbox 292 594 3574 672">
    <p class='ocr_par' dir='ltr' id='par_1_8' title="bbox 292 594 3574 672">
     <span class='ocr_line' id='line_1_8' title="bbox 292 594 3574 672; baseline 0.003 -26"><span class='ocrx_word' id='word_1_66' title='bbox 292 594 572 664; x_wconf 81' lang='lat' dir='ltr'><strong>propheta</strong></span> <span class='ocrx_word' id='word_1_67' title='bbox 617 612 629 648; x_wconf 91' lang='lat'>:</span> <span class='ocrx_word' id='word_1_68' title='bbox 702 598 973 666; x_wconf 71' lang='lat' dir='ltr'><strong>Tempore,</strong></span> <span class='ocrx_word' id='word_1_69' title='bbox 1027 598 1232 669; x_wconf 84' lang='lat' dir='ltr'><strong>inquit,</strong></span> <span class='ocrx_word' id='word_1_70' title='bbox 1290 608 1500 670; x_wconf 79' lang='lat' dir='ltr'><strong>accepto</strong></span> <span class='ocrx_word' id='word_1_71' title='bbox 1549 605 1809 658; x_wconf 71' lang='lat' dir='ltr'><strong>ecaudici</strong></span> <span class='ocrx_word' id='word_1_72' title='bbox 1847 610 1893 658; x_wconf 83' lang='lat' dir='ltr'><strong>te</strong></span> <span class='ocrx_word' id='word_1_73' title='bbox 1976 605 2171 660; x_wconf 77' lang='lat' dir='ltr'><strong>referri</strong></span> <span class='ocrx_word' id='word_1_74' title='bbox 2190 607 2262 659; x_wconf 85' lang='lat' dir='ltr'><strong>ad</strong></span> <span class='ocrx_word' id='word_1_75' title='bbox 2284 604 2602 663; x_wconf 81' lang='lat' dir='ltr'><strong>sacerdotes</strong></span> <span class='ocrx_word' id='word_1_76' title='bbox 2630 601 2788 672; x_wconf 86' lang='lat' dir='ltr'><strong>legis,</strong></span> <span class='ocrx_word' id='word_1_77' title='bbox 2821 600 2935 655; x_wconf 88' lang='lat' dir='ltr'><strong>sive</strong></span> <span class='ocrx_word' id='word_1_78' title='bbox 2962 606 3204 664; x_wconf 78' lang='lat' dir='ltr'><strong>nostms,</strong></span> <span class='ocrx_word' id='word_1_79' title='bbox 3228 602 3312 657; x_wconf 84' lang='lat' dir='ltr'><strong>ita</strong></span> <span class='ocrx_word' id='word_1_80' title='bbox 3336 602 3574 657; x_wconf 70' lang='lat' dir='ltr'><strong>utinllr-i</strong></span> 
     </span>
    </p>
   </div>
   <div class='ocr_carea' id='block_1_9' title="bbox 292 682 1895 758">
    <p class='ocr_par' dir='ltr' id='par_1_9' title="bbox 292 682 1895 758">
     <span class='ocr_line' id='line_1_9' title="bbox 292 682 1895 758; baseline 0.007 -23"><span class='ocrx_word' id='word_1_81' title='bbox 292 682 430 749; x_wconf 67' lang='grc' dir='ltr'><strong>(Ἴδα.</strong></span> <span class='ocrx_word' id='word_1_82' title='bbox 463 684 634 752; x_wconf 76' lang='lat' dir='ltr'><strong>XLIX).</strong></span> <span class='ocrx_word' id='word_1_83' title='bbox 665 684 771 740; x_wconf 80' lang='lat' dir='ltr'><strong>Cui</strong></span> <span class='ocrx_word' id='word_1_84' title='bbox 799 686 948 751; x_wconf 84' lang='lat' dir='ltr'><strong>enim</strong></span> <span class='ocrx_word' id='word_1_85' title='bbox 977 687 1037 741; x_wconf 87' lang='lat' dir='ltr'><strong>in</strong></span> <span class='ocrx_word' id='word_1_86' title='bbox 1065 689 1327 758; x_wconf 60' lang='lat' dir='ltr'><strong>praesnti</strong></span> <span class='ocrx_word' id='word_1_87' title='bbox 1354 692 1555 746; x_wconf 61' lang='lat' dir='ltr'><strong>saeculo</strong></span> <span class='ocrx_word' id='word_1_88' title='bbox 1583 692 1895 747; x_wconf 64' lang='lat' dir='ltr'><strong>misericor-</strong></span> 
     </span>
    </p>
   </div>
   <div class='ocr_carea' id='block_1_10' title="bbox 288 770 1890 850">
    <p class='ocr_par' dir='ltr' id='par_1_10' title="bbox 288 770 1890 850">
     <span class='ocr_line' id='line_1_10' title="bbox 288 770 1890 850; baseline 0.007 -26"><span class='ocrx_word' id='word_1_89' title='bbox 288 770 447 840; x_wconf 84' lang='lat' dir='ltr'><strong>diam</strong></span> <span class='ocrx_word' id='word_1_90' title='bbox 469 778 718 842; x_wconf 66' lang='lat' dir='ltr'><strong>praestat,</strong></span> <span class='ocrx_word' id='word_1_91' title='bbox 741 774 1078 841; x_wconf 84' lang='lat' dir='ltr'><strong>dimittenda</strong></span> <span class='ocrx_word' id='word_1_92' title='bbox 1097 777 1147 831; x_wconf 86' lang='lat' dir='ltr'><strong>ei</strong></span> <span class='ocrx_word' id='word_1_93' title='bbox 1172 783 1418 848; x_wconf 82' lang='lat' dir='ltr'><strong>peccata,</strong></span> <span class='ocrx_word' id='word_1_94' title='bbox 1435 786 1493 833; x_wconf 88' lang='lat' dir='ltr'><strong>et</strong></span> <span class='ocrx_word' id='word_1_95' title='bbox 1513 781 1699 850; x_wconf 86' lang='lat' dir='ltr'><strong>gratia</strong></span> <span class='ocrx_word' id='word_1_96' title='bbox 1718 783 1890 836; x_wconf 91' lang='lat' dir='ltr'><strong>dono-</strong></span> 
     </span>
    </p>
   </div>
   <div class='ocr_carea' id='block_1_11' title="bbox 285 861 1887 940">
    <p class='ocr_par' dir='ltr' id='par_1_11' title="bbox 285 861 1887 940">
     <span class='ocr_line' id='line_1_11' title="bbox 285 861 1887 940; baseline 0.007 -27"><span class='ocrx_word' id='word_1_97' title='bbox 285 874 418 929; x_wconf 79' lang='lat' dir='ltr'><strong>rum</strong></span> <span class='ocrx_word' id='word_1_98' title='bbox 447 861 788 931; x_wconf 83' lang='lat' dir='ltr'><strong>spiritalium</strong></span> <span class='ocrx_word' id='word_1_99' title='bbox 808 864 1010 935; x_wconf 81' lang='lat' dir='ltr'><strong>replet,</strong></span> <span class='ocrx_word' id='word_1_100' title='bbox 1031 865 1192 920; x_wconf 90' lang='lat' dir='ltr'><strong>illum</strong></span> <span class='ocrx_word' id='word_1_101' title='bbox 1209 866 1403 937; x_wconf 87' lang='lat' dir='ltr'><strong>utique</strong></span> <span class='ocrx_word' id='word_1_102' title='bbox 1424 869 1482 922; x_wconf 88' lang='lat' dir='ltr'><strong>in</strong></span> <span class='ocrx_word' id='word_1_103' title='bbox 1502 869 1695 924; x_wconf 80' lang='lat' dir='ltr'><strong>futuro</strong></span> <span class='ocrx_word' id='word_1_104' title='bbox 1712 886 1887 940; x_wconf 87' lang='lat' dir='ltr'><strong>regno</strong></span> 
     </span>
    </p>
   </div>
   <div class='ocr_carea' id='block_1_12' title="bbox 282 953 1889 1027">
    <p class='ocr_par' dir='ltr' id='par_1_12' title="bbox 282 953 1889 1027">
     <span class='ocr_line' id='line_1_12' title="bbox 282 953 1889 1027; baseline 0.007 -26"><span class='ocrx_word' id='word_1_105' title='bbox 282 961 484 1017; x_wconf 64' lang='lat' dir='ltr'><strong>meum</strong></span> <span class='ocrx_word' id='word_1_106' title='bbox 504 966 742 1021; x_wconf 78' lang='lat' dir='ltr'><strong>regnare</strong></span> <span class='ocrx_word' id='word_1_107' title='bbox 761 953 1061 1023; x_wconf 82' lang='lat' dir='ltr'><strong>promittit.</strong></span> <span class='ocrx_word' id='word_1_108' title='bbox 1082 954 1151 1008; x_wconf 86' lang='lat' dir='ltr'><strong>Et</strong></span> <span class='ocrx_word' id='word_1_109' title='bbox 1170 955 1302 1025; x_wconf 84' lang='lat' dir='ltr'><strong>quia</strong></span> <span class='ocrx_word' id='word_1_110' title='bbox 1321 957 1567 1027; x_wconf 81' lang='lat' dir='ltr'><strong>pontifex</strong></span> <span class='ocrx_word' id='word_1_111' title='bbox 1590 964 1784 1013; x_wconf 80' lang='lat' dir='ltr'><strong>noster</strong></span> <span class='ocrx_word' id='word_1_112' title='bbox 1801 964 1889 1013; x_wconf 87' lang='lat' dir='ltr'><strong>est</strong></span> 
     </span>
    </p>
   </div>
   <div class='ocr_carea' id='block_1_13' title="bbox 280 1037 1888 1118">
    <p class='ocr_par' dir='ltr' id='par_1_13' title="bbox 280 1037 1888 1118">
     <span class='ocr_line' id='line_1_13' title="bbox 280 1037 1888 1118; baseline 0.007 -28"><span class='ocrx_word' id='word_1_113' title='bbox 280 1037 490 1099; x_wconf 79' lang='lat' dir='ltr'><strong>sedens</strong></span> <span class='ocrx_word' id='word_1_114' title='bbox 516 1039 575 1093; x_wconf 89' lang='lat' dir='ltr'><strong>in</strong></span> <span class='ocrx_word' id='word_1_115' title='bbox 597 1040 804 1095; x_wconf 81' lang='lat' dir='ltr'><strong>throno</strong></span> <span class='ocrx_word' id='word_1_116' title='bbox 822 1043 1017 1111; x_wconf 66' lang='lat' dir='ltr'><strong>gloria;</strong></span> <span class='ocrx_word' id='word_1_117' title='bbox 1041 1051 1309 1114; x_wconf 70' lang='lat' dir='ltr'><strong>paternae,</strong></span> <span class='ocrx_word' id='word_1_118' title='bbox 1334 1046 1525 1099; x_wconf 84' lang='lat' dir='ltr'><strong>omnia</strong></span> <span class='ocrx_word' id='word_1_119' title='bbox 1546 1045 1747 1103; x_wconf 84' lang='lat' dir='ltr'><strong>tribuit</strong></span> <span class='ocrx_word' id='word_1_120' title='bbox 1763 1063 1888 1118; x_wconf 60' lang='lat' dir='ltr'><strong>qua</strong></span> 
     </span>
    </p>
   </div>
   <div class='ocr_carea' id='block_1_14' title="bbox 277 1124 1682 1202">
    <p class='ocr_par' dir='ltr' id='par_1_14' title="bbox 277 1124 1682 1202">
     <span class='ocr_line' id='line_1_14' title="bbox 277 1124 1682 1202; baseline 0.007 -23"><span class='ocrx_word' id='word_1_121' title='bbox 277 1124 447 1181; x_wconf 85' lang='lat' dir='ltr'><strong>nobis</strong></span> <span class='ocrx_word' id='word_1_122' title='bbox 475 1127 548 1182; x_wconf 89' lang='lat' dir='ltr'><strong>ad</strong></span> <span class='ocrx_word' id='word_1_123' title='bbox 574 1129 814 1198; x_wconf 77' lang='lat' dir='ltr'><strong>salutem</strong></span> <span class='ocrx_word' id='word_1_124' title='bbox 844 1132 1139 1202; x_wconf 79' lang='lat' dir='ltr'><strong>provenire</strong></span> <span class='ocrx_word' id='word_1_125' title='bbox 1167 1133 1545 1188; x_wconf 81' lang='lat' dir='ltr'><strong>certissimum</strong></span> <span class='ocrx_word' id='word_1_126' title='bbox 1578 1141 1682 1189; x_wconf 85' lang='lat' dir='ltr'><strong>est.</strong></span> 
     </span>
    </p>
   </div>
   <div class='ocr_carea' id='block_1_15' title="bbox 916 1274 1252 1339">
    <p class='ocr_par' dir='ltr' id='par_1_15' title="bbox 916 1274 1252 1339">
     <span class='ocr_line' id='line_1_15' title="bbox 916 1274 1252 1339; baseline -0.027 -4"><span class='ocrx_word' id='word_1_127' title='bbox 916 1274 1149 1339; x_wconf 77' lang='lat' dir='ltr'><strong>CAPUT</strong></span> <span class='ocrx_word' id='word_1_128' title='bbox 1186 1275 1252 1328; x_wconf 87' lang='lat' dir='ltr'><strong>V.</strong></span> 
     </span>
    </p>
   </div>
   <div class='ocr_carea' id='block_1_16' title="bbox 355 1395 1878 1471">
    <p class='ocr_par' dir='ltr' id='par_1_16' title="bbox 355 1395 1878 1471">
     <span class='ocr_line' id='line_1_16' title="bbox 355 1395 1878 1471; baseline 0.006 -23"><span class='ocrx_word' id='word_1_129' title='bbox 355 1395 553 1449; x_wconf 82' lang='lat' dir='ltr'><strong>Omnis</strong></span> <span class='ocrx_word' id='word_1_130' title='bbox 581 1411 821 1464; x_wconf 79' lang='lat' dir='ltr'><strong>namque</strong></span> <span class='ocrx_word' id='word_1_131' title='bbox 838 1400 1092 1465; x_wconf 73' lang='lat' dir='ltr'><strong>ponti/ea</strong></span> <span class='ocrx_word' id='word_1_132' title='bbox 1116 1416 1182 1453; x_wconf 82' lang='lat' dir='ltr'><strong>ea:</strong></span> <span class='ocrx_word' id='word_1_133' title='bbox 1205 1401 1523 1454; x_wconf 75' lang='lat' dir='ltr'><strong>hominibus</strong></span> <span class='ocrx_word' id='word_1_134' title='bbox 1543 1408 1878 1471; x_wconf 72' lang='lat' dir='ltr'><strong>assumptus,</strong></span> 
     </span>
    </p>
   </div>
   <div class='ocr_carea' id='block_1_17' title="bbox 266 1483 1885 1558">
    <p class='ocr_par' dir='ltr' id='par_1_17' title="bbox 266 1483 1885 1558">
     <span class='ocr_line' id='line_1_17' title="bbox 266 1483 1885 1558; baseline 0.007 -23"><span class='ocrx_word' id='word_1_135' title='bbox 266 1496 381 1549; x_wconf 78' lang='lat' dir='ltr'><strong>pro</strong></span> <span class='ocrx_word' id='word_1_136' title='bbox 405 1483 724 1543; x_wconf 72' lang='lat' dir='ltr'><strong>hominibus</strong></span> <span class='ocrx_word' id='word_1_137' title='bbox 755 1488 1118 1541; x_wconf 70' lang='lat' dir='ltr'><strong>constituitur</strong></span> <span class='ocrx_word' id='word_1_138' title='bbox 1143 1491 1206 1541; x_wconf 84' lang='lat' dir='ltr'><strong>in</strong></span> <span class='ocrx_word' id='word_1_139' title='bbox 1233 1489 1319 1542; x_wconf 81' lang='lat' dir='ltr'><strong>his</strong></span> <span class='ocrx_word' id='word_1_140' title='bbox 1348 1506 1466 1558; x_wconf 69' lang='lat' dir='ltr'><strong>qua:</strong></span> <span class='ocrx_word' id='word_1_141' title='bbox 1502 1492 1784 1558; x_wconf 72' lang='lat' dir='ltr'><strong>pertinent</strong></span> <span class='ocrx_word' id='word_1_142' title='bbox 1811 1493 1885 1546; x_wconf 83' lang='lat' dir='ltr'><strong>ad</strong></span> 
     </span>
    </p>
   </div>
   <div class='ocr_carea' id='block_1_18' title="bbox 269 1571 1885 1648">
    <p class='ocr_par' dir='ltr' id='par_1_18' title="bbox 269 1571 1885 1648">
     <span class='ocr_line' id='line_1_18' title="bbox 269 1571 1885 1648; baseline 0.006 -23"><span class='ocrx_word' id='word_1_143' title='bbox 269 1571 456 1627; x_wconf 76' lang='lat' dir='ltr'><strong>Deum</strong></span> <span class='ocrx_word' id='word_1_144' title='bbox 483 1578 549 1627; x_wconf 84' lang='lat' dir='ltr'><strong>ut</strong></span> <span class='ocrx_word' id='word_1_145' title='bbox 575 1575 765 1639; x_wconf 55' lang='grc' dir='ltr'><strong>οβεναί</strong></span> <span class='ocrx_word' id='word_1_146' title='bbox 807 1575 955 1630; x_wconf 80' lang='lat' dir='ltr'><strong>dona</strong></span> <span class='ocrx_word' id='word_1_147' title='bbox 983 1581 1035 1630; x_wconf 86' lang='lat' dir='ltr'><strong>et</strong></span> <span class='ocrx_word' id='word_1_148' title='bbox 1058 1580 1336 1645; x_wconf 75' lang='lat' dir='ltr'><strong>sacriﬁcia</strong></span> <span class='ocrx_word' id='word_1_149' title='bbox 1360 1594 1465 1646; x_wconf 76' lang='lat' dir='ltr'><strong>pro</strong></span> <span class='ocrx_word' id='word_1_150' title='bbox 1490 1582 1743 1646; x_wconf 74' lang='lat' dir='ltr'><strong>peccatis,</strong></span> <span class='ocrx_word' id='word_1_151' title='bbox 1782 1584 1885 1648; x_wconf 82' lang='lat' dir='ltr'><strong>qui</strong></span> 
     </span>
    </p>
   </div>
   <div class='ocr_carea' id='block_1_19' title="bbox 262 1661 1881 1735">
    <p class='ocr_par' dir='ltr' id='par_1_19' title="bbox 262 1661 1881 1735">
     <span class='ocr_line' id='line_1_19' title="bbox 262 1661 1881 1735; baseline 0.005 -21"><span class='ocrx_word' id='word_1_152' title='bbox 262 1663 444 1726; x_wconf 79' lang='lat' dir='ltr'><strong>possit</strong></span> <span class='ocrx_word' id='word_1_153' title='bbox 460 1661 742 1717; x_wconf 82' lang='lat' dir='ltr'><strong>condolere</strong></span> <span class='ocrx_word' id='word_1_154' title='bbox 762 1664 850 1729; x_wconf 73' lang='lat' dir='ltr'><strong>his</strong></span> <span class='ocrx_word' id='word_1_155' title='bbox 868 1668 969 1732; x_wconf 87' lang='lat' dir='ltr'><strong>qui</strong></span> <span class='ocrx_word' id='word_1_156' title='bbox 994 1667 1260 1733; x_wconf 79' lang='lat' dir='ltr'><strong>ignorant</strong></span> <span class='ocrx_word' id='word_1_157' title='bbox 1286 1671 1337 1720; x_wconf 86' lang='lat' dir='ltr'><strong>et</strong></span> <span class='ocrx_word' id='word_1_158' title='bbox 1363 1675 1580 1727; x_wconf 73' lang='lat' dir='ltr'><strong>errant,</strong></span> <span class='ocrx_word' id='word_1_159' title='bbox 1612 1671 1881 1735; x_wconf 85' lang='lat' dir='ltr'><strong>quoniam</strong></span> 
     </span>
    </p>
   </div>
   <div class='ocr_carea' id='block_1_20' title="bbox 268 1751 1883 1827">
    <p class='ocr_par' dir='ltr' id='par_1_20' title="bbox 268 1751 1883 1827">
     <span class='ocr_line' id='line_1_20' title="bbox 268 1751 1883 1827; baseline 0.006 -26"><span class='ocrx_word' id='word_1_160' title='bbox 268 1752 320 1802; x_wconf 83' lang='lat' dir='ltr'><strong>et</strong></span> <span class='ocrx_word' id='word_1_161' title='bbox 347 1751 469 1817; x_wconf 79' lang='lat' dir='ltr'><strong>ipso</strong></span> <span class='ocrx_word' id='word_1_162' title='bbox 498 1752 878 1817; x_wconf 78' lang='lat' dir='ltr'><strong>circumdatus</strong></span> <span class='ocrx_word' id='word_1_163' title='bbox 903 1757 980 1806; x_wconf 85' lang='lat' dir='ltr'><strong>est</strong></span> <span class='ocrx_word' id='word_1_164' title='bbox 1010 1756 1343 1821; x_wconf 77' lang='lat' dir='ltr'><strong>inﬁrmitate</strong></span> <span class='ocrx_word' id='word_1_165' title='bbox 1364 1772 1383 1817; x_wconf 87' lang='lat'><strong><em>;</em></strong></span> <span class='ocrx_word' id='word_1_166' title='bbox 1408 1760 1699 1825; x_wconf 72' lang='lat' dir='ltr'><strong>propterea</strong></span> <span class='ocrx_word' id='word_1_167' title='bbox 1735 1758 1883 1827; x_wconf 73' lang='lat' dir='ltr'><strong>debet</strong></span> 
     </span>
    </p>
   </div>
   <div class='ocr_carea' id='block_1_21' title="bbox 1976 690 3571 764">
    <p class='ocr_par' dir='ltr' id='par_1_21' title="bbox 1976 690 3571 764">
     <span class='ocr_line' id='line_1_21' title="bbox 1976 690 3571 764; baseline -0.001 -15"><span class='ocrx_word' id='word_1_168' title='bbox 1976 696 2144 759; x_wconf 75' lang='lat' dir='ltr'><strong>mites</strong></span> <span class='ocrx_word' id='word_1_169' title='bbox 2160 694 2469 764; x_wconf 75' lang='lat' dir='ltr'><strong>accipiatur</strong></span> <span class='ocrx_word' id='word_1_170' title='bbox 2488 709 2589 763; x_wconf 87' lang='lat' dir='ltr'><strong>pro</strong></span> <span class='ocrx_word' id='word_1_171' title='bbox 2605 695 2831 763; x_wconf 75' lang='lat' dir='ltr'><strong>peccatp</strong></span> <span class='ocrx_word' id='word_1_172' title='bbox 2849 708 2860 742; x_wconf 92' lang='lat'><strong>:</strong></span> <span class='ocrx_word' id='word_1_173' title='bbox 2882 695 2942 747; x_wconf 85' lang='lat' dir='ltr'><strong>et</strong></span> <span class='ocrx_word' id='word_1_174' title='bbox 2956 690 3088 762; x_wconf 79' lang='lat' dir='ltr'><strong>quia</strong></span> <span class='ocrx_word' id='word_1_175' title='bbox 3108 690 3214 761; x_wconf 84' lang='lat' dir='ltr'><strong>ipsi</strong></span> <span class='ocrx_word' id='word_1_176' title='bbox 3233 691 3571 761; x_wconf 79' lang='lat' dir='ltr'><strong>circumdati</strong></span> 
     </span>
    </p>
   </div>
   <div class='ocr_carea' id='block_1_22' title="bbox 1970 779 3573 850">
    <p class='ocr_par' dir='ltr' id='par_1_22' title="bbox 1970 779 3573 850">
     <span class='ocr_line' id='line_1_22' title="bbox 1970 779 3573 850; baseline -0.002 -11"><span class='ocrx_word' id='word_1_177' title='bbox 1970 790 2104 839; x_wconf 87' lang='lat' dir='ltr'><strong>sunt</strong></span> <span class='ocrx_word' id='word_1_178' title='bbox 2126 783 2455 838; x_wconf 72' lang='lat' dir='ltr'><strong>infirmitate</strong></span> <span class='ocrx_word' id='word_1_179' title='bbox 2481 781 2681 843; x_wconf 84' lang='lat' dir='ltr'><strong>carnis,</strong></span> <span class='ocrx_word' id='word_1_180' title='bbox 2711 780 2816 837; x_wconf 83' lang='lat' dir='ltr'><strong>hoc</strong></span> <span class='ocrx_word' id='word_1_181' title='bbox 2837 785 2923 832; x_wconf 88' lang='lat' dir='ltr'><strong>est</strong></span> <span class='ocrx_word' id='word_1_182' title='bbox 2952 786 3198 849; x_wconf 87' lang='lat' dir='ltr'><strong>peccato,</strong></span> <span class='ocrx_word' id='word_1_183' title='bbox 3222 779 3480 850; x_wconf 72' lang='lat' dir='ltr'><strong>indigent</strong></span> <span class='ocrx_word' id='word_1_184' title='bbox 3505 780 3573 837; x_wconf 77' lang='lat' dir='ltr'><strong>ut</strong></span> 
     </span>
    </p>
   </div>
   <div class='ocr_carea' id='block_1_23' title="bbox 1969 867 3569 945">
    <p class='ocr_par' dir='ltr' id='par_1_23' title="bbox 1969 867 3569 945">
     <span class='ocr_line' id='line_1_23' title="bbox 1969 867 3569 945; baseline -0.002 -18"><span class='ocrx_word' id='word_1_185' title='bbox 1969 874 2070 945; x_wconf 80' lang='lat' dir='ltr'><strong>pro</strong></span> <span class='ocrx_word' id='word_1_186' title='bbox 2086 873 2312 943; x_wconf 90' lang='lat' dir='ltr'><strong>populo,</strong></span> <span class='ocrx_word' id='word_1_187' title='bbox 2343 871 2422 925; x_wconf 86' lang='lat' dir='ltr'><strong>ita</strong></span> <span class='ocrx_word' id='word_1_188' title='bbox 2438 875 2496 924; x_wconf 88' lang='lat' dir='ltr'><strong>et</strong></span> <span class='ocrx_word' id='word_1_189' title='bbox 2518 886 2620 940; x_wconf 88' lang='lat' dir='ltr'><strong>pro</strong></span> <span class='ocrx_word' id='word_1_190' title='bbox 2639 886 2701 924; x_wconf 88' lang='lat' dir='ltr'><strong>se</strong></span> <span class='ocrx_word' id='word_1_191' title='bbox 2720 869 2940 925; x_wconf 74' lang='lat' dir='ltr'><strong>oﬁ‘erre.</strong></span> <span class='ocrx_word' id='word_1_192' title='bbox 2957 868 3058 924; x_wconf 80' lang='lat' dir='ltr'><strong>His</strong></span> <span class='ocrx_word' id='word_1_193' title='bbox 3073 867 3255 922; x_wconf 81' lang='lat' dir='ltr'><strong>verbis</strong></span> <span class='ocrx_word' id='word_1_194' title='bbox 3272 869 3569 937; x_wconf 76' lang='lat' dir='ltr'><strong>ostendere</strong></span> 
     </span>
    </p>
   </div>
   <div class='ocr_carea' id='block_1_24' title="bbox 1966 956 3570 1031">
    <p class='ocr_par' dir='ltr' id='par_1_24' title="bbox 1966 956 3570 1031">
     <span class='ocr_line' id='line_1_24' title="bbox 1966 956 3570 1031; baseline 0.001 -20"><span class='ocrx_word' id='word_1_195' title='bbox 1966 960 2145 1014; x_wconf 84' lang='lat' dir='ltr'><strong>voluit</strong></span> <span class='ocrx_word' id='word_1_196' title='bbox 2179 959 2479 1031; x_wconf 74' lang='lat' dir='ltr'><strong>Apostolus</strong></span> <span class='ocrx_word' id='word_1_197' title='bbox 2507 958 2655 1028; x_wconf 89' lang='lat' dir='ltr'><strong>quod</strong></span> <span class='ocrx_word' id='word_1_198' title='bbox 2682 958 2759 1013; x_wconf 92' lang='lat' dir='ltr'><strong>sit</strong></span> <span class='ocrx_word' id='word_1_199' title='bbox 2793 957 3062 1028; x_wconf 76' lang='lat' dir='ltr'><strong>pontifex,</strong></span> <span class='ocrx_word' id='word_1_200' title='bbox 3093 961 3152 1013; x_wconf 87' lang='lat' dir='ltr'><strong>et</strong></span> <span class='ocrx_word' id='word_1_201' title='bbox 3178 956 3570 1013; x_wconf 77' lang='lat' dir='ltr'><strong>demonstmre</strong></span> 
     </span>
    </p>
   </div>
   <div class='ocr_carea' id='block_1_25' title="bbox 1969 1044 3567 1120">
    <p class='ocr_par' dir='ltr' id='par_1_25' title="bbox 1969 1044 3567 1120">
     <span class='ocr_line' id='line_1_25' title="bbox 1969 1044 3567 1120; baseline -0.001 -17"><span class='ocrx_word' id='word_1_202' title='bbox 1969 1064 2092 1120; x_wconf 64' lang='lat' dir='ltr'><strong>qua</strong></span> <span class='ocrx_word' id='word_1_203' title='bbox 2121 1049 2442 1119; x_wconf 77' lang='lat' dir='ltr'><strong>pertineant</strong></span> <span class='ocrx_word' id='word_1_204' title='bbox 2467 1047 2541 1101; x_wconf 88' lang='lat' dir='ltr'><strong>ad</strong></span> <span class='ocrx_word' id='word_1_205' title='bbox 2570 1046 2918 1117; x_wconf 80' lang='lat' dir='ltr'><strong>pontiﬁcem,</strong></span> <span class='ocrx_word' id='word_1_206' title='bbox 2947 1051 3006 1101; x_wconf 86' lang='lat' dir='ltr'><strong>et</strong></span> <span class='ocrx_word' id='word_1_207' title='bbox 3034 1046 3167 1115; x_wconf 87' lang='lat' dir='ltr'><strong>quid</strong></span> <span class='ocrx_word' id='word_1_208' title='bbox 3195 1045 3270 1101; x_wconf 84' lang='lat' dir='ltr'><strong>sit</strong></span> <span class='ocrx_word' id='word_1_209' title='bbox 3298 1044 3425 1116; x_wconf 83' lang='lat' dir='ltr'><strong>ejus</strong></span> <span class='ocrx_word' id='word_1_210' title='bbox 3455 1045 3567 1101; x_wconf 62' lang='lat' dir='ltr'><strong>mis</strong></span> 
     </span>
    </p>
   </div>
   <div class='ocr_carea' id='block_1_26' title="bbox 1966 1133 3569 1209">
    <p class='ocr_par' dir='ltr' id='par_1_26' title="bbox 1966 1133 3569 1209">
     <span class='ocr_line' id='line_1_26' title="bbox 1966 1133 3569 1209; baseline -0.003 -16"><span class='ocrx_word' id='word_1_211' title='bbox 1966 1137 2285 1205; x_wconf 81' lang='lat' dir='ltr'><strong>nisterium,</strong></span> <span class='ocrx_word' id='word_1_212' title='bbox 2318 1142 2378 1191; x_wconf 88' lang='lat' dir='ltr'><strong>et</strong></span> <span class='ocrx_word' id='word_1_213' title='bbox 2405 1152 2531 1207; x_wconf 68' lang='lat' dir='ltr'><strong>quae</strong></span> <span class='ocrx_word' id='word_1_214' title='bbox 2556 1135 2674 1190; x_wconf 88' lang='lat' dir='ltr'><strong>sint</strong></span> <span class='ocrx_word' id='word_1_215' title='bbox 2699 1134 2863 1206; x_wconf 78' lang='lat' dir='ltr'><strong>signa</strong></span> <span class='ocrx_word' id='word_1_216' title='bbox 2890 1133 3273 1204; x_wconf 77' lang='lat' dir='ltr'><strong>pontiﬁcatus,</strong></span> <span class='ocrx_word' id='word_1_217' title='bbox 3305 1133 3569 1209; x_wconf 69' lang='lat' dir='ltr'><strong>videlicet</strong></span> 
     </span>
    </p>
   </div>
   <div class='ocr_carea' id='block_1_27' title="bbox 1964 1221 3567 1294">
    <p class='ocr_par' dir='ltr' id='par_1_27' title="bbox 1964 1221 3567 1294">
     <span class='ocr_line' id='line_1_27' title="bbox 1964 1221 3567 1294; baseline -0.002 -13"><span class='ocrx_word' id='word_1_218' title='bbox 1964 1230 2032 1281; x_wconf 88' lang='lat' dir='ltr'><strong>ut</strong></span> <span class='ocrx_word' id='word_1_219' title='bbox 2053 1224 2255 1281; x_wconf 70' lang='lat' dir='ltr'><strong>offerat</strong></span> <span class='ocrx_word' id='word_1_220' title='bbox 2283 1226 2431 1280; x_wconf 87' lang='lat' dir='ltr'><strong>dona</strong></span> <span class='ocrx_word' id='word_1_221' title='bbox 2458 1230 2518 1279; x_wconf 90' lang='lat' dir='ltr'><strong>et</strong></span> <span class='ocrx_word' id='word_1_222' title='bbox 2538 1222 2812 1294; x_wconf 72' lang='lat' dir='ltr'><strong>sacrificia</strong></span> <span class='ocrx_word' id='word_1_223' title='bbox 2830 1236 2931 1293; x_wconf 88' lang='lat' dir='ltr'><strong>pro</strong></span> <span class='ocrx_word' id='word_1_224' title='bbox 2948 1221 3211 1293; x_wconf 83' lang='lat' dir='ltr'><strong>peccatis,</strong></span> <span class='ocrx_word' id='word_1_225' title='bbox 3235 1221 3416 1279; x_wconf 87' lang='lat' dir='ltr'><strong>sciens</strong></span> <span class='ocrx_word' id='word_1_226' title='bbox 3435 1238 3567 1279; x_wconf 63' lang='lat' dir='ltr'><strong>conn</strong></span> 
     </span>
    </p>
   </div>
   <div class='ocr_carea' id='block_1_28' title="bbox 1967 1309 3566 1385">
    <p class='ocr_par' dir='ltr' id='par_1_28' title="bbox 1967 1309 3566 1385">
     <span class='ocr_line' id='line_1_28' title="bbox 1967 1309 3566 1385; baseline -0.004 -15"><span class='ocrx_word' id='word_1_227' title='bbox 1967 1314 2156 1370; x_wconf 85' lang='lat' dir='ltr'><strong>dolere</strong></span> <span class='ocrx_word' id='word_1_228' title='bbox 2184 1315 2274 1369; x_wconf 88' lang='lat' dir='ltr'><strong>his</strong></span> <span class='ocrx_word' id='word_1_229' title='bbox 2303 1314 2399 1385; x_wconf 88' lang='lat' dir='ltr'><strong>qui</strong></span> <span class='ocrx_word' id='word_1_230' title='bbox 2427 1313 2695 1383; x_wconf 81' lang='lat' dir='ltr'><strong>ignorant</strong></span> <span class='ocrx_word' id='word_1_231' title='bbox 2719 1316 2778 1367; x_wconf 88' lang='lat' dir='ltr'><strong>et</strong></span> <span class='ocrx_word' id='word_1_232' title='bbox 2804 1316 3016 1367; x_wconf 87' lang='lat' dir='ltr'><strong>errant.</strong></span> <span class='ocrx_word' id='word_1_233' title='bbox 3047 1311 3124 1379; x_wconf 70' lang='lat' dir='ltr'><strong>At</strong></span> <span class='ocrx_word' id='word_1_234' title='bbox 3148 1309 3352 1381; x_wconf 77' lang='lat' dir='ltr'><strong>deinde</strong></span> <span class='ocrx_word' id='word_1_235' title='bbox 3375 1310 3566 1382; x_wconf 65' lang='lat' dir='ltr'><strong>dispua</strong></span> 
     </span>
    </p>
   </div>
   <div class='ocr_carea' id='block_1_29' title="bbox 1965 1398 3563 1473">
    <p class='ocr_par' dir='ltr' id='par_1_29' title="bbox 1965 1398 3563 1473">
     <span class='ocr_line' id='line_1_29' title="bbox 1965 1398 3563 1473; baseline -0.001 -16"><span class='ocrx_word' id='word_1_236' title='bbox 1965 1407 2091 1457; x_wconf 84' lang='lat' dir='ltr'><strong>tare</strong></span> <span class='ocrx_word' id='word_1_237' title='bbox 2132 1418 2428 1473; x_wconf 77' lang='lat' dir='ltr'><strong>aggressus</strong></span> <span class='ocrx_word' id='word_1_238' title='bbox 2467 1407 2571 1467; x_wconf 87' lang='lat' dir='ltr'><strong>est,</strong></span> <span class='ocrx_word' id='word_1_239' title='bbox 2604 1400 2887 1471; x_wconf 88' lang='lat' dir='ltr'><strong>quomodo</strong></span> <span class='ocrx_word' id='word_1_240' title='bbox 2915 1399 3040 1471; x_wconf 77' lang='lat' dir='ltr'><strong>quis</strong></span> <span class='ocrx_word' id='word_1_241' title='bbox 3067 1399 3142 1455; x_wconf 77' lang='lat' dir='ltr'><strong>ad</strong></span> <span class='ocrx_word' id='word_1_242' title='bbox 3180 1398 3563 1456; x_wconf 71' lang='lat' dir='ltr'><strong>sacetxiotlum</strong></span> 
     </span>
    </p>
   </div>
   <div class='ocr_carea' id='block_1_30' title="bbox 1966 1490 3521 1555">
    <p class='ocr_par' dir='ltr' id='par_1_30' title="bbox 1966 1490 3521 1555">
     <span class='ocr_line' id='line_1_30' title="bbox 1966 1490 3521 1555; baseline -0.006 -9"><span class='ocrx_word' id='word_1_243' title='bbox 1966 1492 2229 1546; x_wconf 79' lang='lat' dir='ltr'><strong>accedere</strong></span> <span class='ocrx_word' id='word_1_244' title='bbox 2255 1490 2476 1555; x_wconf 85' lang='lat' dir='ltr'><strong>debeat,</strong></span> <span class='ocrx_word' id='word_1_245' title='bbox 2509 1490 2702 1545; x_wconf 82' lang='lat' dir='ltr'><strong>dicens</strong></span> <span class='ocrx_word' id='word_1_246' title='bbox 2724 1507 2739 1543; x_wconf 89' lang='lat'><strong>:</strong></span> <span class='ocrx_word' id='word_1_247' title='bbox 3518 1536 3521 1537; x_wconf 30' lang='grc' dir='ltr'><em>ν</em></span> 
     </span>
    </p>
   </div>
   <div class='ocr_carea' id='block_1_31' title="bbox 2035 1577 3564 1648">
    <p class='ocr_par' dir='ltr' id='par_1_31' title="bbox 2035 1577 3564 1648">
     <span class='ocr_line' id='line_1_31' title="bbox 2035 1577 3564 1648; baseline -0.002 -13"><span class='ocrx_word' id='word_1_248' title='bbox 2035 1580 2144 1635; x_wconf 79' lang='lat' dir='ltr'><strong>Nec</strong></span> <span class='ocrx_word' id='word_1_249' title='bbox 2173 1583 2470 1648; x_wconf 82' lang='lat' dir='ltr'><strong>quisquam</strong></span> <span class='ocrx_word' id='word_1_250' title='bbox 2496 1583 2675 1635; x_wconf 79' lang='lat' dir='ltr'><strong>sumet</strong></span> <span class='ocrx_word' id='word_1_251' title='bbox 2709 1579 2816 1632; x_wconf 79' lang='lat' dir='ltr'><strong>sibi</strong></span> <span class='ocrx_word' id='word_1_252' title='bbox 2843 1578 3105 1632; x_wconf 76' lang='lat' dir='ltr'><strong>honorem</strong></span> <span class='ocrx_word' id='word_1_253' title='bbox 3132 1577 3444 1642; x_wconf 54' lang='lat' dir='ltr'><strong>mandaui,</strong></span> <span class='ocrx_word' id='word_1_254' title='bbox 3468 1578 3564 1632; x_wconf 74' lang='lat' dir='ltr'><strong>sed</strong></span> 
     </span>
    </p>
   </div>
   <div class='ocr_carea' id='block_1_32' title="bbox 1965 1665 3563 1735">
    <p class='ocr_par' dir='ltr' id='par_1_32' title="bbox 1965 1665 3563 1735">
     <span class='ocr_line' id='line_1_32' title="bbox 1965 1665 3563 1735; baseline -0.001 -14"><span class='ocrx_word' id='word_1_255' title='bbox 1965 1671 2065 1735; x_wconf 86' lang='lat' dir='ltr'><strong>qui</strong></span> <span class='ocrx_word' id='word_1_256' title='bbox 2082 1673 2312 1722; x_wconf 76' lang='lat' dir='ltr'><strong>vocatur</strong></span> <span class='ocrx_word' id='word_1_257' title='bbox 2329 1684 2364 1723; x_wconf 71' lang='grc' dir='ltr'><strong>α</strong></span> <span class='ocrx_word' id='word_1_258' title='bbox 2391 1668 2493 1733; x_wconf 72' lang='lat' dir='ltr'><strong>Deo</strong></span> <span class='ocrx_word' id='word_1_259' title='bbox 2513 1671 2783 1734; x_wconf 81' lang='lat' dir='ltr'><strong>tanquam</strong></span> <span class='ocrx_word' id='word_1_260' title='bbox 2803 1668 3013 1729; x_wconf 71' lang='lat' dir='ltr'><strong>Aaron,</strong></span> <span class='ocrx_word' id='word_1_261' title='bbox 3035 1665 3304 1721; x_wconf 84' lang='lat' dir='ltr'><strong>subaudis</strong></span> <span class='ocrx_word' id='word_1_262' title='bbox 3328 1669 3563 1720; x_wconf 76' lang='lat' dir='ltr'><strong>vocatus</strong></span> 
     </span>
    </p>
   </div>
   <div class='ocr_carea' id='block_1_33' title="bbox 1965 1752 3557 1828">
    <p class='ocr_par' dir='ltr' id='par_1_33' title="bbox 1965 1752 3557 1828">
     <span class='ocr_line' id='line_1_33' title="bbox 1965 1752 3557 1828; baseline -0.002 -18"><span class='ocrx_word' id='word_1_263' title='bbox 1965 1762 2050 1810; x_wconf 85' lang='lat' dir='ltr'><strong>est</strong></span> <span class='ocrx_word' id='word_1_264' title='bbox 2076 1752 2236 1826; x_wconf 70' lang='grc' dir='ltr'><strong>εἰειηά</strong></span> <span class='ocrx_word' id='word_1_265' title='bbox 2257 1755 2509 1828; x_wconf 77' lang='lat' dir='ltr'><strong>ﬂorentis</strong></span> <span class='ocrx_word' id='word_1_266' title='bbox 2522 1755 2711 1825; x_wconf 71' lang='lat' dir='ltr'><strong>virgis,</strong></span> <span class='ocrx_word' id='word_1_267' title='bbox 2733 1755 2850 1810; x_wconf 85' lang='lat' dir='ltr'><strong>sive</strong></span> <span class='ocrx_word' id='word_1_268' title='bbox 2867 1754 3028 1824; x_wconf 79' lang='lat' dir='ltr'><strong>signa</strong></span> <span class='ocrx_word' id='word_1_269' title='bbox 3044 1753 3288 1809; x_wconf 88' lang='lat' dir='ltr'><strong>incendii</strong></span> <span class='ocrx_word' id='word_1_270' title='bbox 3306 1754 3557 1816; x_wconf 80' lang='lat' dir='ltr'><strong>illorum.</strong></span> 
     </span>
    </p>
   </div>
   <div class='ocr_carea' id='block_1_34' title="bbox 268 1839 3559 1916">
    <p class='ocr_par' dir='ltr' id='par_1_34' title="bbox 268 1839 3559 1916">
     <span class='ocr_line' id='line_1_34' title="bbox 268 1839 3559 1916; baseline 0.002 -26"><span class='ocrx_word' id='word_1_271' title='bbox 268 1839 746 1907; x_wconf 75' lang='lat' dir='ltr'><strong>quemadmodum</strong></span> <span class='ocrx_word' id='word_1_272' title='bbox 765 1844 815 1894; x_wconf 84' lang='lat' dir='ltr'><strong>et</strong></span> <span class='ocrx_word' id='word_1_273' title='bbox 829 1856 936 1909; x_wconf 80' lang='lat' dir='ltr'><strong>pro</strong></span> <span class='ocrx_word' id='word_1_274' title='bbox 948 1845 1173 1911; x_wconf 78' lang='lat' dir='ltr'><strong>populo,</strong></span> <span class='ocrx_word' id='word_1_275' title='bbox 1193 1845 1275 1896; x_wconf 86' lang='lat' dir='ltr'><strong>ita</strong></span> <span class='ocrx_word' id='word_1_276' title='bbox 1295 1846 1461 1897; x_wconf 79' lang='lat' dir='ltr'><strong>etiam</strong></span> <span class='ocrx_word' id='word_1_277' title='bbox 1480 1859 1583 1911; x_wconf 75' lang='lat' dir='ltr'><strong>pro</strong></span> <span class='ocrx_word' id='word_1_278' title='bbox 1601 1849 1881 1913; x_wconf 78' lang='lat' dir='ltr'><strong>semetipso</strong></span> <span class='ocrx_word' id='word_1_279' title='bbox 1896 1896 1940 1916; x_wconf 62' lang='grc' dir='ltr'>η</span> <span class='ocrx_word' id='word_1_280' title='bbox 1964 1845 2059 1916; x_wconf 87' lang='lat' dir='ltr'><strong>qui</strong></span> <span class='ocrx_word' id='word_1_281' title='bbox 2087 1846 2211 1913; x_wconf 85' lang='lat' dir='ltr'><strong>ejus</strong></span> <span class='ocrx_word' id='word_1_282' title='bbox 2239 1845 2591 1915; x_wconf 84' lang='lat' dir='ltr'><strong>pontiﬁcatui</strong></span> <span class='ocrx_word' id='word_1_283' title='bbox 2629 1843 2965 1905; x_wconf 86' lang='lat' dir='ltr'><strong>invidentes,</strong></span> <span class='ocrx_word' id='word_1_284' title='bbox 3007 1842 3342 1916; x_wconf 81' lang='lat' dir='ltr'><strong>dignitatem</strong></span> <span class='ocrx_word' id='word_1_285' title='bbox 3369 1858 3559 1897; x_wconf 54' lang='lat' dir='ltr'><strong>sacer-2</strong></span> 
     </span>
    </p>
   </div>
   <div class='ocr_carea' id='block_1_35' title="bbox 267 1896 3560 2005">
    <p class='ocr_par' dir='ltr' id='par_1_35' title="bbox 267 1896 3560 2005">
     <span class='ocr_line' id='line_1_35' title="bbox 267 1896 3560 2005; baseline 0.002 -25"><span class='ocrx_word' id='word_1_286' title='bbox 267 1896 472 1991; x_wconf 62' lang='grc' dir='ltr'><strong>ὁπως</strong></span> <span class='ocrx_word' id='word_1_287' title='bbox 510 1941 615 1993; x_wconf 83' lang='lat' dir='ltr'><strong>pro</strong></span> <span class='ocrx_word' id='word_1_288' title='bbox 664 1896 925 1995; x_wconf 66' lang='lat' dir='ltr'><strong>peccatis.</strong></span> <span class='ocrx_word' id='word_1_289' title='bbox 948 1896 1038 1985; x_wconf 71' lang='grc' dir='ltr'><strong>ἰιὶ</strong></span> <span class='ocrx_word' id='word_1_290' title='bbox 1077 1896 1172 1985; x_wconf 75' lang='grc' dir='ltr'><strong>ιιίε’</strong></span> <span class='ocrx_word' id='word_1_291' title='bbox 1202 1930 1387 1993; x_wconf 69' lang='lat' dir='ltr'><strong>verbis</strong></span> <span class='ocrx_word' id='word_1_292' title='bbox 1426 1896 1942 2005; x_wconf 39' lang='lat' dir='ltr'><strong>magna}?</strong></span> <span class='ocrx_word' id='word_1_293' title='bbox 1960 1896 3231 2004; x_wconf 45' lang='lat' dir='ltr'><strong>summissas;etiam:is;</strong></span> <span class='ocrx_word' id='word_1_294' title='bbox 3249 1896 3560 2003; x_wconf 73' lang='lat' dir='ltr'><strong>enide</strong></span> 
     </span>
    </p>
   </div>
   <div class='ocr_carea' id='block_1_36' title="bbox 265 2014 1875 2093">
    <p class='ocr_par' dir='ltr' id='par_1_36' title="bbox 265 2014 1875 2093">
     <span class='ocr_line' id='line_1_36' title="bbox 265 2014 1875 2093; baseline 0.004 -24"><span class='ocrx_word' id='word_1_295' title='bbox 265 2014 580 2083; x_wconf 75' lang='lat' dir='ltr'><strong>Apostolus</strong></span> <span class='ocrx_word' id='word_1_296' title='bbox 608 2017 928 2072; x_wconf 89' lang='lat' dir='ltr'><strong>communia</strong></span> <span class='ocrx_word' id='word_1_297' title='bbox 955 2017 1181 2074; x_wconf 82' lang='lat' dir='ltr'><strong>Christo</strong></span> <span class='ocrx_word' id='word_1_298' title='bbox 1211 2025 1270 2074; x_wconf 88' lang='lat' dir='ltr'><strong>et</strong></span> <span class='ocrx_word' id='word_1_299' title='bbox 1300 2021 1686 2075; x_wconf 78' lang='lat' dir='ltr'><strong>sacerdotibus</strong></span> <span class='ocrx_word' id='word_1_300' title='bbox 1717 2022 1875 2093; x_wconf 80' lang='lat' dir='ltr'><strong>legis,</strong></span> 
     </span>
    </p>
   </div>
   <div class='ocr_carea' id='block_1_37' title="bbox 266 2102 1876 2179">
    <p class='ocr_par' dir='ltr' id='par_1_37' title="bbox 266 2102 1876 2179">
     <span class='ocr_line' id='line_1_37' title="bbox 266 2102 1876 2179; baseline 0.004 -23"><span class='ocrx_word' id='word_1_301' title='bbox 266 2102 535 2172; x_wconf 60' lang='lat' dir='ltr'><strong>quadam</strong></span> <span class='ocrx_word' id='word_1_302' title='bbox 565 2120 694 2158; x_wconf 84' lang='lat' dir='ltr'><strong>vero</strong></span> <span class='ocrx_word' id='word_1_303' title='bbox 735 2105 940 2160; x_wconf 85' lang='lat' dir='ltr'><strong>altiora</strong></span> <span class='ocrx_word' id='word_1_304' title='bbox 986 2108 1324 2177; x_wconf 87' lang='lat' dir='ltr'><strong>pertinentia</strong></span> <span class='ocrx_word' id='word_1_305' title='bbox 1351 2110 1576 2179; x_wconf 82' lang='lat' dir='ltr'><strong>proprie</strong></span> <span class='ocrx_word' id='word_1_306' title='bbox 1607 2111 1679 2165; x_wconf 86' lang='lat' dir='ltr'><strong>ad</strong></span> <span class='ocrx_word' id='word_1_307' title='bbox 1716 2110 1876 2165; x_wconf 47' lang='lat' dir='ltr'><strong>Chriq</strong></span> 
     </span>
    </p>
   </div>
   <div class='ocr_carea' id='block_1_38' title="bbox 263 2193 1873 2266">
    <p class='ocr_par' dir='ltr' id='par_1_38' title="bbox 263 2193 1873 2266">
     <span class='ocr_line' id='line_1_38' title="bbox 263 2193 1873 2266; baseline 0.006 -21"><span class='ocrx_word' id='word_1_308' title='bbox 263 2197 425 2246; x_wconf 90' lang='lat' dir='ltr'><strong>stum</strong></span> <span class='ocrx_word' id='word_1_309' title='bbox 453 2211 466 2245; x_wconf 90' lang='lat'><strong>:</strong></span> <span class='ocrx_word' id='word_1_310' title='bbox 493 2199 552 2247; x_wconf 87' lang='lat' dir='ltr'><strong>et</strong></span> <span class='ocrx_word' id='word_1_311' title='bbox 575 2193 780 2262; x_wconf 83' lang='lat' dir='ltr'><strong>iterum</strong></span> <span class='ocrx_word' id='word_1_312' title='bbox 809 2195 1064 2265; x_wconf 70' lang='lat' dir='ltr'><strong>quaedam</strong></span> <span class='ocrx_word' id='word_1_313' title='bbox 1096 2196 1400 2251; x_wconf 73' lang='lat' dir='ltr'><strong>humilium</strong></span> <span class='ocrx_word' id='word_1_314' title='bbox 1419 2197 1761 2266; x_wconf 84' lang='lat' dir='ltr'><strong>pertinentia</strong></span> <span class='ocrx_word' id='word_1_315' title='bbox 1780 2215 1873 2253; x_wconf 76' lang='lat' dir='ltr'><strong>so—</strong></span> 
     </span>
    </p>
   </div>
   <div class='ocr_carea' id='block_1_39' title="bbox 263 2280 1873 2358">
    <p class='ocr_par' dir='ltr' id='par_1_39' title="bbox 263 2280 1873 2358">
     <span class='ocr_line' id='line_1_39' title="bbox 263 2280 1873 2358; baseline 0.001 -18"><span class='ocrx_word' id='word_1_316' title='bbox 263 2280 565 2340; x_wconf 79' lang='lat' dir='ltr'><strong>lummodo</strong></span> <span class='ocrx_word' id='word_1_317' title='bbox 609 2281 681 2347; x_wconf 81' lang='lat' dir='ltr'><strong>ad</strong></span> <span class='ocrx_word' id='word_1_318' title='bbox 719 2283 1037 2338; x_wconf 87' lang='lat' dir='ltr'><strong>sacerdotes</strong></span> <span class='ocrx_word' id='word_1_319' title='bbox 1084 2285 1290 2339; x_wconf 80' lang='lat' dir='ltr'><strong>veteris</strong></span> <span class='ocrx_word' id='word_1_320' title='bbox 1338 2286 1494 2353; x_wconf 67' lang='lat' dir='ltr'><strong>leg-is.</strong></span> <span class='ocrx_word' id='word_1_321' title='bbox 1540 2287 1684 2341; x_wconf 86' lang='lat' dir='ltr'><strong>Nam</strong></span> <span class='ocrx_word' id='word_1_322' title='bbox 1724 2288 1873 2358; x_wconf 90' lang='lat' dir='ltr'><strong>quod</strong></span> 
     </span>
    </p>
   </div>
   <div class='ocr_carea' id='block_1_40' title="bbox 263 2368 1875 2445">
    <p class='ocr_par' dir='ltr' id='par_1_40' title="bbox 263 2368 1875 2445">
     <span class='ocr_line' id='line_1_40' title="bbox 263 2368 1875 2445; baseline 0.005 -22"><span class='ocrx_word' id='word_1_323' title='bbox 263 2368 371 2431; x_wconf 79' lang='lat' dir='ltr'><strong>ait,</strong></span> <span class='ocrx_word' id='word_1_324' title='bbox 405 2371 590 2425; x_wconf 85' lang='lat' dir='ltr'><strong>omnis</strong></span> <span class='ocrx_word' id='word_1_325' title='bbox 621 2372 867 2441; x_wconf 85' lang='lat' dir='ltr'><strong>pontifex</strong></span> <span class='ocrx_word' id='word_1_326' title='bbox 895 2389 961 2426; x_wconf 90' lang='lat' dir='ltr'><strong>ex</strong></span> <span class='ocrx_word' id='word_1_327' title='bbox 1006 2373 1327 2428; x_wconf 88' lang='lat' dir='ltr'><strong>hominibus</strong></span> <span class='ocrx_word' id='word_1_328' title='bbox 1355 2382 1697 2445; x_wconf 78' lang='lat' dir='ltr'><strong>assumptus,</strong></span> <span class='ocrx_word' id='word_1_329' title='bbox 1729 2377 1875 2431; x_wconf 88' lang='lat' dir='ltr'><strong>sicut</strong></span> 
     </span>
    </p>
   </div>
   <div class='ocr_carea' id='block_1_41' title="bbox 261 2459 1873 2535">
    <p class='ocr_par' dir='ltr' id='par_1_41' title="bbox 261 2459 1873 2535">
     <span class='ocr_line' id='line_1_41' title="bbox 261 2459 1873 2535; baseline 0.003 -23"><span class='ocrx_word' id='word_1_330' title='bbox 261 2459 467 2513; x_wconf 80' lang='lat' dir='ltr'><strong>Aaron</strong></span> <span class='ocrx_word' id='word_1_331' title='bbox 488 2464 544 2513; x_wconf 87' lang='lat' dir='ltr'><strong>et</strong></span> <span class='ocrx_word' id='word_1_332' title='bbox 564 2460 836 2525; x_wconf 80' lang='lat' dir='ltr'><strong>Christus,</strong></span> <span class='ocrx_word' id='word_1_333' title='bbox 851 2477 952 2531; x_wconf 89' lang='lat' dir='ltr'><strong>pro</strong></span> <span class='ocrx_word' id='word_1_334' title='bbox 971 2461 1294 2516; x_wconf 88' lang='lat' dir='ltr'><strong>hominibus</strong></span> <span class='ocrx_word' id='word_1_335' title='bbox 1313 2463 1678 2517; x_wconf 86' lang='lat' dir='ltr'><strong>constituitur</strong></span> <span class='ocrx_word' id='word_1_336' title='bbox 1701 2464 1760 2518; x_wconf 91' lang='lat' dir='ltr'><strong>in</strong></span> <span class='ocrx_word' id='word_1_337' title='bbox 1785 2464 1873 2535; x_wconf 68' lang='lat' dir='ltr'><strong>his</strong></span> 
     </span>
    </p>
   </div>
   <div class='ocr_carea' id='block_1_42' title="bbox 265 2545 1872 2621">
    <p class='ocr_par' dir='ltr' id='par_1_42' title="bbox 265 2545 1872 2621">
     <span class='ocr_line' id='line_1_42' title="bbox 265 2545 1872 2621; baseline 0.004 -21"><span class='ocrx_word' id='word_1_338' title='bbox 265 2545 476 2601; x_wconf 80' lang='lat' dir='ltr'><strong>ofﬁciis</strong></span> <span class='ocrx_word' id='word_1_339' title='bbox 505 2563 627 2617; x_wconf 81' lang='lat' dir='ltr'><strong>quae</strong></span> <span class='ocrx_word' id='word_1_340' title='bbox 653 2547 724 2603; x_wconf 90' lang='lat' dir='ltr'><strong>ad</strong></span> <span class='ocrx_word' id='word_1_341' title='bbox 751 2546 933 2604; x_wconf 80' lang='lat' dir='ltr'><strong>Deltm</strong></span> <span class='ocrx_word' id='word_1_342' title='bbox 962 2549 1263 2618; x_wconf 85' lang='lat' dir='ltr'><strong>pertinent,</strong></span> <span class='ocrx_word' id='word_1_343' title='bbox 1293 2550 1507 2604; x_wconf 86' lang='lat' dir='ltr'><strong>orando</strong></span> <span class='ocrx_word' id='word_1_344' title='bbox 1523 2567 1624 2621; x_wconf 90' lang='lat' dir='ltr'><strong>pro</strong></span> <span class='ocrx_word' id='word_1_345' title='bbox 1648 2550 1872 2607; x_wconf 88' lang='lat' dir='ltr'><strong>illorum</strong></span> 
     </span>
    </p>
   </div>
   <div class='ocr_carea' id='block_1_43' title="bbox 264 2633 1875 2705">
    <p class='ocr_par' dir='ltr' id='par_1_43' title="bbox 264 2633 1875 2705">
     <span class='ocr_line' id='line_1_43' title="bbox 264 2633 1875 2705; baseline 0.004 -17"><span class='ocrx_word' id='word_1_346' title='bbox 264 2633 483 2699; x_wconf 77' lang='lat' dir='ltr'><strong>salute,</strong></span> <span class='ocrx_word' id='word_1_347' title='bbox 518 2634 624 2689; x_wconf 89' lang='lat' dir='ltr'><strong>hoc</strong></span> <span class='ocrx_word' id='word_1_348' title='bbox 650 2651 947 2692; x_wconf 88' lang='lat' dir='ltr'><strong>commune</strong></span> <span class='ocrx_word' id='word_1_349' title='bbox 976 2641 1063 2691; x_wconf 87' lang='lat' dir='ltr'><strong>est</strong></span> <span class='ocrx_word' id='word_1_350' title='bbox 1089 2636 1313 2692; x_wconf 87' lang='lat' dir='ltr'><strong>Christo</strong></span> <span class='ocrx_word' id='word_1_351' title='bbox 1343 2644 1397 2691; x_wconf 88' lang='lat' dir='ltr'><strong>et</strong></span> <span class='ocrx_word' id='word_1_352' title='bbox 1425 2637 1539 2693; x_wconf 87' lang='lat' dir='ltr'><strong>illis</strong></span> <span class='ocrx_word' id='word_1_353' title='bbox 1573 2639 1875 2705; x_wconf 76' lang='lat' dir='ltr'><strong>sacerdoti-</strong></span> 
     </span>
    </p>
   </div>
   <div class='ocr_carea' id='block_1_44' title="bbox 265 2721 1873 2787">
    <p class='ocr_par' dir='ltr' id='par_1_44' title="bbox 265 2721 1873 2787">
     <span class='ocr_line' id='line_1_44' title="bbox 265 2721 1873 2787; baseline 0.002 -8"><span class='ocrx_word' id='word_1_354' title='bbox 265 2721 402 2779; x_wconf 82' lang='lat' dir='ltr'><strong>bus.</strong></span> <span class='ocrx_word' id='word_1_355' title='bbox 445 2724 733 2781; x_wconf 79' lang='lat' dir='ltr'><strong>Pontiﬁcis</strong></span> <span class='ocrx_word' id='word_1_356' title='bbox 761 2725 913 2780; x_wconf 89' lang='lat' dir='ltr'><strong>enim</strong></span> <span class='ocrx_word' id='word_1_357' title='bbox 958 2725 1205 2787; x_wconf 81' lang='lat' dir='ltr'><strong>ofﬁcium</strong></span> <span class='ocrx_word' id='word_1_358' title='bbox 1234 2732 1322 2780; x_wconf 87' lang='lat' dir='ltr'><strong>est</strong></span> <span class='ocrx_word' id='word_1_359' title='bbox 1344 2726 1492 2781; x_wconf 89' lang='lat' dir='ltr'><strong>inter</strong></span> <span class='ocrx_word' id='word_1_360' title='bbox 1523 2729 1698 2783; x_wconf 90' lang='lat' dir='ltr'><strong>Deum</strong></span> <span class='ocrx_word' id='word_1_361' title='bbox 1723 2735 1873 2784; x_wconf 84' lang='lat' dir='ltr'><strong>stare</strong></span> 
     </span>
    </p>
   </div>
   <div class='ocr_carea' id='block_1_45' title="bbox 264 2813 1870 2887">
    <p class='ocr_par' dir='ltr' id='par_1_45' title="bbox 264 2813 1870 2887">
     <span class='ocr_line' id='line_1_45' title="bbox 264 2813 1870 2887; baseline 0.002 -19"><span class='ocrx_word' id='word_1_362' title='bbox 264 2816 325 2869; x_wconf 86' lang='lat' dir='ltr'><strong>et</strong></span> <span class='ocrx_word' id='word_1_363' title='bbox 348 2813 647 2883; x_wconf 82' lang='lat' dir='ltr'><strong>populum,</strong></span> <span class='ocrx_word' id='word_1_364' title='bbox 671 2820 730 2869; x_wconf 89' lang='lat' dir='ltr'><strong>et</strong></span> <span class='ocrx_word' id='word_1_365' title='bbox 747 2815 930 2870; x_wconf 91' lang='lat' dir='ltr'><strong>Deum</strong></span> <span class='ocrx_word' id='word_1_366' title='bbox 961 2814 1251 2885; x_wconf 88' lang='lat' dir='ltr'><strong>deprecari</strong></span> <span class='ocrx_word' id='word_1_367' title='bbox 1278 2832 1379 2886; x_wconf 80' lang='lat' dir='ltr'><strong>pro</strong></span> <span class='ocrx_word' id='word_1_368' title='bbox 1406 2816 1599 2887; x_wconf 87' lang='lat' dir='ltr'><strong>populi</strong></span> <span class='ocrx_word' id='word_1_369' title='bbox 1630 2817 1870 2874; x_wconf 81' lang='lat' dir='ltr'><strong>delictis.</strong></span> 
     </span>
    </p>
   </div>
   <div class='ocr_carea' id='block_1_46' title="bbox 1960 2019 3561 2092">
    <p class='ocr_par' dir='ltr' id='par_1_46' title="bbox 1960 2019 3561 2092">
     <span class='ocr_line' id='line_1_46' title="bbox 1960 2019 3561 2092; baseline 0.001 -16"><span class='ocrx_word' id='word_1_370' title='bbox 1960 2022 2065 2077; x_wconf 86' lang='lat' dir='ltr'><strong>bus</strong></span> <span class='ocrx_word' id='word_1_371' title='bbox 2110 2021 2285 2092; x_wconf 75' lang='lat' dir='ltr'><strong>signis</strong></span> <span class='ocrx_word' id='word_1_372' title='bbox 2331 2022 2592 2087; x_wconf 69' lang='lat' dir='ltr'><strong>ostensio,</strong></span> <span class='ocrx_word' id='word_1_373' title='bbox 2631 2021 3051 2077; x_wconf 78' lang='lat' dir='ltr'><strong>demonstratae</strong></span> <span class='ocrx_word' id='word_1_374' title='bbox 3095 2025 3183 2087; x_wconf 71' lang='lat' dir='ltr'><strong>est</strong></span> <span class='ocrx_word' id='word_1_375' title='bbox 3221 2019 3488 2091; x_wconf 62' lang='lat' dir='ltr'><strong>sacerdos</strong></span> <span class='ocrx_word' id='word_1_376' title='bbox 3519 2035 3561 2077; x_wconf 73' lang='grc' dir='ltr'>ι</span> 
     </span>
    </p>
   </div>
   <div class='ocr_carea' id='block_1_47' title="bbox 1955 2106 3557 2179">
    <p class='ocr_par' dir='ltr' id='par_1_47' title="bbox 1955 2106 3557 2179">
     <span class='ocr_line' id='line_1_47' title="bbox 1955 2106 3557 2179; baseline 0 -14"><span class='ocrx_word' id='word_1_377' title='bbox 1955 2111 2072 2165; x_wconf 88' lang='lat' dir='ltr'><strong>Deo</strong></span> <span class='ocrx_word' id='word_1_378' title='bbox 2107 2111 2337 2165; x_wconf 80' lang='lat' dir='ltr'><strong>electus.</strong></span> <span class='ocrx_word' id='word_1_379' title='bbox 2380 2109 2687 2165; x_wconf 82' lang='lat' dir='ltr'><strong>Gonfundit</strong></span> <span class='ocrx_word' id='word_1_380' title='bbox 2721 2114 2911 2165; x_wconf 86' lang='lat' dir='ltr'><strong>autem</strong></span> <span class='ocrx_word' id='word_1_381' title='bbox 2959 2124 3026 2164; x_wconf 87' lang='lat' dir='ltr'><strong>ac</strong></span> <span class='ocrx_word' id='word_1_382' title='bbox 3076 2107 3324 2179; x_wconf 69' lang='lat' dir='ltr'><strong>percutit</strong></span> <span class='ocrx_word' id='word_1_383' title='bbox 3358 2106 3557 2165; x_wconf 78' lang='lat' dir='ltr'><strong>beatus</strong></span> 
     </span>
    </p>
   </div>
   <div class='ocr_carea' id='block_1_48' title="bbox 1955 2196 3557 2270">
    <p class='ocr_par' dir='ltr' id='par_1_48' title="bbox 1955 2196 3557 2270">
     <span class='ocr_line' id='line_1_48' title="bbox 1955 2196 3557 2270; baseline 0.001 -18"><span class='ocrx_word' id='word_1_384' title='bbox 1955 2200 2258 2270; x_wconf 81' lang='lat' dir='ltr'><strong>Apostolus</strong></span> <span class='ocrx_word' id='word_1_385' title='bbox 2291 2199 2611 2253; x_wconf 85' lang='lat' dir='ltr'><strong>sacerdotes</strong></span> <span class='ocrx_word' id='word_1_386' title='bbox 2638 2197 2872 2268; x_wconf 82' lang='lat' dir='ltr'><strong>cupidos</strong></span> <span class='ocrx_word' id='word_1_387' title='bbox 2897 2196 3236 2260; x_wconf 81' lang='lat' dir='ltr'><strong>honoris,.et</strong></span> <span class='ocrx_word' id='word_1_388' title='bbox 3254 2196 3557 2254; x_wconf 69' lang='lat' dir='ltr'><strong>sacadotil</strong></span> 
     </span>
    </p>
   </div>
   <div class='ocr_carea' id='block_1_49' title="bbox 1954 2281 3557 2357">
    <p class='ocr_par' dir='ltr' id='par_1_49' title="bbox 1954 2281 3557 2357">
     <span class='ocr_line' id='line_1_49' title="bbox 1954 2281 3557 2357; baseline -0.002 -15"><span class='ocrx_word' id='word_1_389' title='bbox 1954 2288 2167 2347; x_wconf 82' lang='lat' dir='ltr'><strong>avidos.</strong></span> <span class='ocrx_word' id='word_1_390' title='bbox 2189 2287 2285 2357; x_wconf 90' lang='lat' dir='ltr'><strong>qui</strong></span> <span class='ocrx_word' id='word_1_391' title='bbox 2306 2292 2508 2357; x_wconf 84' lang='lat' dir='ltr'><strong>sponte</strong></span> <span class='ocrx_word' id='word_1_392' title='bbox 2527 2286 2842 2343; x_wconf 82' lang='lat' dir='ltr'><strong>immittunt</strong></span> <span class='ocrx_word' id='word_1_393' title='bbox 2859 2300 2920 2340; x_wconf 85' lang='lat' dir='ltr'><strong>se</strong></span> <span class='ocrx_word' id='word_1_394' title='bbox 2938 2288 2997 2340; x_wconf 85' lang='lat' dir='ltr'><strong>et</strong></span> <span class='ocrx_word' id='word_1_395' title='bbox 3013 2283 3281 2355; x_wconf 75' lang='lat' dir='ltr'><strong>ingerunt</strong></span> <span class='ocrx_word' id='word_1_396' title='bbox 3297 2283 3369 2339; x_wconf 82' lang='lat' dir='ltr'><strong>ad</strong></span> <span class='ocrx_word' id='word_1_397' title='bbox 3388 2281 3557 2339; x_wconf 65' lang='lat' dir='ltr'><strong>mini!-</strong></span> 
     </span>
    </p>
   </div>
   <div class='ocr_carea' id='block_1_50' title="bbox 1954 2371 3557 2447">
    <p class='ocr_par' dir='ltr' id='par_1_50' title="bbox 1954 2371 3557 2447">
     <span class='ocr_line' id='line_1_50' title="bbox 1954 2371 3557 2447; baseline -0.002 -16"><span class='ocrx_word' id='word_1_398' title='bbox 1954 2376 2188 2431; x_wconf 84' lang='lat' dir='ltr'><strong>sterium</strong></span> <span class='ocrx_word' id='word_1_399' title='bbox 2213 2382 2219 2391; x_wconf 91' lang='lat'><strong>&#39;</strong></span> <span class='ocrx_word' id='word_1_400' title='bbox 2247 2375 2616 2439; x_wconf 72' lang='lat' dir='ltr'><strong>sacerdotale,</strong></span> <span class='ocrx_word' id='word_1_401' title='bbox 2664 2390 2776 2429; x_wconf 85' lang='lat' dir='ltr'><strong>non</strong></span> <span class='ocrx_word' id='word_1_402' title='bbox 2835 2372 3123 2447; x_wconf 55' lang='lat' dir='ltr'><strong>rogatione</strong></span> <span class='ocrx_word' id='word_1_403' title='bbox 3173 2371 3274 2429; x_wconf 88' lang='lat' dir='ltr'><strong>Dei</strong></span> <span class='ocrx_word' id='word_1_404' title='bbox 3320 2372 3408 2429; x_wconf 78' lang='lat' dir='ltr'><strong>vel</strong></span> <span class='ocrx_word' id='word_1_405' title='bbox 3455 2387 3557 2427; x_wconf 62' lang='grc' dir='ltr'><strong>νος</strong></span> 
     </span>
    </p>
   </div>
   <div class='ocr_carea' id='block_1_51' title="bbox 1954 2460 3556 2533">
    <p class='ocr_par' dir='ltr' id='par_1_51' title="bbox 1954 2460 3556 2533">
     <span class='ocr_line' id='line_1_51' title="bbox 1954 2460 3556 2533; baseline -0.001 -15"><span class='ocrx_word' id='word_1_406' title='bbox 1954 2465 2194 2528; x_wconf 85' lang='lat' dir='ltr'><strong>luntate,</strong></span> <span class='ocrx_word' id='word_1_407' title='bbox 2243 2464 2341 2519; x_wconf 83' lang='lat' dir='ltr'><strong>sed</strong></span> <span class='ocrx_word' id='word_1_408' title='bbox 2398 2463 2589 2533; x_wconf 82' lang='lat' dir='ltr'><strong>potius</strong></span> <span class='ocrx_word' id='word_1_409' title='bbox 2640 2462 2959 2520; x_wconf 77' lang='lat' dir='ltr'><strong>interventu</strong></span> <span class='ocrx_word' id='word_1_410' title='bbox 3013 2475 3314 2531; x_wconf 75' lang='lat' dir='ltr'><strong>munerum</strong></span> <span class='ocrx_word' id='word_1_411' title='bbox 3354 2475 3369 2515; x_wconf 73' lang='grc' dir='ltr'><strong><em>ι</em></strong></span> <span class='ocrx_word' id='word_1_412' title='bbox 3420 2460 3556 2531; x_wconf 75' lang='lat' dir='ltr'><strong>quia</strong></span> 
     </span>
    </p>
   </div>
   <div class='ocr_carea' id='block_1_52' title="bbox 1956 2548 3556 2624">
    <p class='ocr_par' dir='ltr' id='par_1_52' title="bbox 1956 2548 3556 2624">
     <span class='ocr_line' id='line_1_52' title="bbox 1956 2548 3556 2624; baseline -0.003 -13"><span class='ocrx_word' id='word_1_413' title='bbox 1956 2569 2068 2611; x_wconf 83' lang='lat' dir='ltr'><strong>non</strong></span> <span class='ocrx_word' id='word_1_414' title='bbox 2087 2569 2189 2624; x_wconf 88' lang='lat' dir='ltr'><strong>pro</strong></span> <span class='ocrx_word' id='word_1_415' title='bbox 2209 2553 2392 2619; x_wconf 72' lang='lat' dir='ltr'><strong>salute</strong></span> <span class='ocrx_word' id='word_1_416' title='bbox 2420 2551 2630 2621; x_wconf 85' lang='lat' dir='ltr'><strong>populi,</strong></span> <span class='ocrx_word' id='word_1_417' title='bbox 2652 2550 2754 2607; x_wconf 85' lang='lat' dir='ltr'><strong>sed</strong></span> <span class='ocrx_word' id='word_1_418' title='bbox 2778 2566 2881 2620; x_wconf 78' lang='lat' dir='ltr'><strong>pro</strong></span> <span class='ocrx_word' id='word_1_419' title='bbox 2907 2548 3215 2621; x_wconf 80' lang='lat' dir='ltr'><strong>ambitionq</strong></span> <span class='ocrx_word' id='word_1_420' title='bbox 3232 2548 3423 2606; x_wconf 66' lang='lat' dir='ltr'><strong>saeculi</strong></span> <span class='ocrx_word' id='word_1_421' title='bbox 3447 2548 3556 2607; x_wconf 81' lang='lat' dir='ltr'><strong>hoc</strong></span> 
     </span>
    </p>
   </div>
   <div class='ocr_carea' id='block_1_53' title="bbox 1956 2648 3479 2712">
    <p class='ocr_par' dir='ltr' id='par_1_53' title="bbox 1956 2648 3479 2712">
     <span class='ocr_line' id='line_1_53' title="bbox 1956 2648 3479 2712; baseline -0.005 -15"><span class='ocrx_word' id='word_1_422' title='bbox 1956 2648 2151 2712; x_wconf 79' lang='lat' dir='ltr'><strong>agunt.</strong></span> <span class='ocrx_word' id='word_1_423' title='bbox 3216 2700 3227 2711; x_wconf 27' lang='grc' dir='ltr'><strong>κ</strong></span> <span class='ocrx_word' id='word_1_424' title='bbox 3474 2684 3479 2689; x_wconf 84' lang='grc'><strong>.</strong></span> 
     </span>
    </p>
   </div>
   <div class='ocr_carea' id='block_1_54' title="bbox 1998 2728 3553 2799">
    <p class='ocr_par' dir='ltr' id='par_1_54' title="bbox 1998 2728 3553 2799">
     <span class='ocr_line' id='line_1_54' title="bbox 1998 2728 3553 2799; baseline -0.002 -13"><span class='ocrx_word' id='word_1_425' title='bbox 1998 2732 2001 2735; x_wconf 83' lang='grc'><em>’</em></span> <span class='ocrx_word' id='word_1_426' title='bbox 2025 2735 2121 2786; x_wconf 67' lang='lat' dir='ltr'><strong>Sic</strong></span> <span class='ocrx_word' id='word_1_427' title='bbox 2136 2736 2187 2785; x_wconf 83' lang='lat' dir='ltr'><strong>et</strong></span> <span class='ocrx_word' id='word_1_428' title='bbox 2215 2731 2466 2786; x_wconf 74' lang='lat' dir='ltr'><strong>Christus</strong></span> <span class='ocrx_word' id='word_1_429' title='bbox 2490 2745 2602 2784; x_wconf 78' lang='lat' dir='ltr'><strong>non</strong></span> <span class='ocrx_word' id='word_1_430' title='bbox 2622 2730 2969 2799; x_wconf 75' lang='lat' dir='ltr'><strong>semetipsum</strong></span> <span class='ocrx_word' id='word_1_431' title='bbox 2989 2728 3318 2794; x_wconf 73' lang='lat' dir='ltr'><strong>clariﬁcauit</strong></span> <span class='ocrx_word' id='word_1_432' title='bbox 3338 2730 3403 2783; x_wconf 76' lang='lat' dir='ltr'><strong>ut</strong></span> <span class='ocrx_word' id='word_1_433' title='bbox 3417 2740 3553 2794; x_wconf 70' lang='lat' dir='ltr'><strong>pan-</strong></span> 
     </span>
    </p>
   </div>
   <div class='ocr_carea' id='block_1_55' title="bbox 1958 2815 3552 2886">
    <p class='ocr_par' dir='ltr' id='par_1_55' title="bbox 1958 2815 3552 2886">
     <span class='ocr_line' id='line_1_55' title="bbox 1958 2815 3552 2886; baseline 0.001 -14"><span class='ocrx_word' id='word_1_434' title='bbox 1958 2820 2091 2886; x_wconf 69' lang='lat' dir='ltr'><strong>tifec</strong></span> <span class='ocrx_word' id='word_1_435' title='bbox 2118 2821 2292 2886; x_wconf 61' lang='grc' dir='ltr'><strong>βάτεαι,</strong></span> <span class='ocrx_word' id='word_1_436' title='bbox 2320 2819 2410 2873; x_wconf 84' lang='lat' dir='ltr'><strong>sed</strong></span> <span class='ocrx_word' id='word_1_437' title='bbox 2440 2818 2536 2875; x_wconf 83' lang='lat' dir='ltr'><strong>ille</strong></span> <span class='ocrx_word' id='word_1_438' title='bbox 2560 2819 2661 2885; x_wconf 83' lang='lat' dir='ltr'><strong>qui</strong></span> <span class='ocrx_word' id='word_1_439' title='bbox 2695 2818 2909 2875; x_wconf 79' lang='lat' dir='ltr'><strong>locutus</strong></span> <span class='ocrx_word' id='word_1_440' title='bbox 2949 2820 3026 2871; x_wconf 75' lang='lat' dir='ltr'><strong>est</strong></span> <span class='ocrx_word' id='word_1_441' title='bbox 3066 2815 3142 2871; x_wconf 83' lang='lat' dir='ltr'><strong>ad</strong></span> <span class='ocrx_word' id='word_1_442' title='bbox 3168 2830 3295 2871; x_wconf 84' lang='lat' dir='ltr'><strong>eum</strong></span> <span class='ocrx_word' id='word_1_443' title='bbox 3324 2832 3344 2869; x_wconf 90' lang='lat'><strong><em>:</em></strong></span> <span class='ocrx_word' id='word_1_444' title='bbox 3372 2815 3552 2874; x_wconf 72' lang='lat' dir='ltr'><strong>Filius</strong></span> 
     </span>
    </p>
   </div>
   <div class='ocr_carea' id='block_1_56' title="bbox 262 2901 3551 2979">
    <p class='ocr_par' dir='ltr' id='par_1_56' title="bbox 262 2901 3551 2979">
     <span class='ocr_line' id='line_1_56' title="bbox 262 2901 3551 2979; baseline 0.001 -22"><span class='ocrx_word' id='word_1_445' title='bbox 262 2901 394 2957; x_wconf 83' lang='lat' dir='ltr'><strong>Hoc</strong></span> <span class='ocrx_word' id='word_1_446' title='bbox 407 2906 468 2956; x_wconf 91' lang='lat' dir='ltr'><strong>et</strong></span> <span class='ocrx_word' id='word_1_447' title='bbox 477 2901 735 2956; x_wconf 87' lang='lat' dir='ltr'><strong>Christus</strong></span> <span class='ocrx_word' id='word_1_448' title='bbox 748 2919 850 2974; x_wconf 84' lang='lat' dir='ltr'><strong>per</strong></span> <span class='ocrx_word' id='word_1_449' title='bbox 858 2903 961 2974; x_wconf 81' lang='lat' dir='ltr'><strong>hoc</strong></span> <span class='ocrx_word' id='word_1_450' title='bbox 977 2903 1123 2974; x_wconf 90' lang='lat' dir='ltr'><strong>quod</strong></span> <span class='ocrx_word' id='word_1_451' title='bbox 1138 2908 1197 2958; x_wconf 91' lang='lat' dir='ltr'><strong>et</strong></span> <span class='ocrx_word' id='word_1_452' title='bbox 1206 2904 1375 2975; x_wconf 83' lang='lat' dir='ltr'><strong>homo</strong></span> <span class='ocrx_word' id='word_1_453' title='bbox 1388 2910 1445 2959; x_wconf 90' lang='lat' dir='ltr'><strong>et</strong></span> <span class='ocrx_word' id='word_1_454' title='bbox 1461 2905 1608 2963; x_wconf 88' lang='lat' dir='ltr'><strong>Deus</strong></span> <span class='ocrx_word' id='word_1_455' title='bbox 1623 2911 1709 2960; x_wconf 86' lang='lat' dir='ltr'><strong>est</strong></span> <span class='ocrx_word' id='word_1_456' title='bbox 1722 2905 1869 2973; x_wconf 73' lang='lat' dir='ltr'><strong>fecit,</strong></span> <span class='ocrx_word' id='word_1_457' title='bbox 1896 2972 1930 2979; x_wconf 41' lang='grc' dir='ltr'>κ</span> <span class='ocrx_word' id='word_1_458' title='bbox 1955 2922 2109 2963; x_wconf 81' lang='lat' dir='ltr'><strong>meus</strong></span> <span class='ocrx_word' id='word_1_459' title='bbox 2136 2924 2189 2961; x_wconf 83' lang='lat' dir='ltr'><strong>es</strong></span> <span class='ocrx_word' id='word_1_460' title='bbox 2220 2912 2281 2961; x_wconf 85' lang='lat' dir='ltr'><strong>tu</strong></span> <span class='ocrx_word' id='word_1_461' title='bbox 2300 2925 2313 2973; x_wconf 92' lang='lat'><strong>;</strong></span> <span class='ocrx_word' id='word_1_462' title='bbox 2341 2924 2432 2974; x_wconf 79' lang='lat' dir='ltr'><strong>ego</strong></span> <span class='ocrx_word' id='word_1_463' title='bbox 2461 2907 2615 2961; x_wconf 88' lang='lat' dir='ltr'><strong>hodie</strong></span> <span class='ocrx_word' id='word_1_464' title='bbox 2632 2907 2803 2979; x_wconf 68' lang='lat' dir='ltr'><strong>genui</strong></span> <span class='ocrx_word' id='word_1_465' title='bbox 2822 2909 2888 2961; x_wconf 82' lang='lat' dir='ltr'><strong>te.</strong></span> <span class='ocrx_word' id='word_1_466' title='bbox 2911 2902 3197 2969; x_wconf 80' lang='lat' dir='ltr'><strong>Gloriﬁco,</strong></span> <span class='ocrx_word' id='word_1_467' title='bbox 3216 2902 3551 2971; x_wconf 77' lang='lat' dir='ltr'><strong>honoriﬁco,</strong></span> 
     </span>
    </p>
   </div>
   <div class='ocr_carea' id='block_1_57' title="bbox 264 2972 3551 3067">
    <p class='ocr_par' dir='ltr' id='par_1_57' title="bbox 264 2972 3551 3067">
     <span class='ocr_line' id='line_1_57' title="bbox 264 2972 3551 3067; baseline 0.002 -23"><span class='ocrx_word' id='word_1_468' title='bbox 264 2990 347 3044; x_wconf 87' lang='lat' dir='ltr'><strong>sei</strong></span> <span class='ocrx_word' id='word_1_469' title='bbox 354 3007 528 3060; x_wconf 86' lang='lat' dir='ltr'><strong>psum</strong></span> <span class='ocrx_word' id='word_1_470' title='bbox 548 2972 787 3046; x_wconf 14' lang='lat' dir='ltr'><strong>olferen‘s</strong></span> <span class='ocrx_word' id='word_1_471' title='bbox 812 2972 912 3062; x_wconf 90' lang='lat' dir='ltr'><strong>pro</strong></span> <span class='ocrx_word' id='word_1_472' title='bbox 941 2972 1184 3062; x_wconf 78' lang='lat' dir='ltr'><strong>peccatis</strong></span> <span class='ocrx_word' id='word_1_473' title='bbox 1204 2972 1431 3056; x_wconf 85' lang='lat' dir='ltr'><strong>nostris.</strong></span> <span class='ocrx_word' id='word_1_474' title='bbox 1456 3010 1667 3062; x_wconf 78' lang='lat' dir='ltr'><strong>semper</strong></span> <span class='ocrx_word' id='word_1_475' title='bbox 1690 2998 1874 3051; x_wconf 76' lang='lat' dir='ltr'><strong>ciuem</strong></span> <span class='ocrx_word' id='word_1_476' title='bbox 1955 2996 2219 3062; x_wconf 74' lang='lat' dir='ltr'><strong>clariﬁco,</strong></span> <span class='ocrx_word' id='word_1_477' title='bbox 2245 2995 2356 3053; x_wconf 87' lang='lat' dir='ltr'><strong>tria</strong></span> <span class='ocrx_word' id='word_1_478' title='bbox 2370 2972 2600 3066; x_wconf 80' lang='lat' dir='ltr'><strong>quidem</strong></span> <span class='ocrx_word' id='word_1_479' title='bbox 2620 2972 2759 3049; x_wconf 69' lang='lat' dir='ltr'><strong>sunt</strong></span> <span class='ocrx_word' id='word_1_480' title='bbox 2782 2990 2974 3058; x_wconf 77' lang='lat' dir='ltr'><strong>verba,</strong></span> <span class='ocrx_word' id='word_1_481' title='bbox 2999 2992 3098 3054; x_wconf 78' lang='lat' dir='ltr'><strong>sed</strong></span> <span class='ocrx_word' id='word_1_482' title='bbox 3114 3007 3296 3051; x_wconf 77' lang='lat' dir='ltr'><strong>unum</strong></span> <span class='ocrx_word' id='word_1_483' title='bbox 3320 3007 3551 3067; x_wconf 66' lang='lat' dir='ltr'><strong>sensum</strong></span> 
     </span>
    </p>
   </div>
   <div class='ocr_carea' id='block_1_58' title="bbox 261 3080 1866 3154">
    <p class='ocr_par' dir='ltr' id='par_1_58' title="bbox 261 3080 1866 3154">
     <span class='ocr_line' id='line_1_58' title="bbox 261 3080 1866 3154; baseline 0.004 -23"><span class='ocrx_word' id='word_1_484' title='bbox 261 3080 338 3132; x_wconf 81' lang='lat' dir='ltr'><strong>ad</strong></span> <span class='ocrx_word' id='word_1_485' title='bbox 360 3081 841 3147; x_wconf 79' lang='lat' dir='ltr'><strong>interpellandum</strong></span> <span class='ocrx_word' id='word_1_486' title='bbox 856 3082 1035 3149; x_wconf 69' lang='lat' dir='ltr'><strong>Deum</strong></span> <span class='ocrx_word' id='word_1_487' title='bbox 1054 3082 1280 3136; x_wconf 85' lang='lat' dir='ltr'><strong>Patrem</strong></span> <span class='ocrx_word' id='word_1_488' title='bbox 1295 3098 1401 3151; x_wconf 80' lang='lat' dir='ltr'><strong>pro</strong></span> <span class='ocrx_word' id='word_1_489' title='bbox 1420 3085 1573 3138; x_wconf 76' lang='lat' dir='ltr'><strong>nobis</strong></span> <span class='ocrx_word' id='word_1_490' title='bbox 1585 3084 1736 3154; x_wconf 66' lang='lat' dir='ltr'><strong>(Heln.</strong></span> <span class='ocrx_word' id='word_1_491' title='bbox 1751 3088 1866 3151; x_wconf 77' lang='lat' dir='ltr'><strong>vlt).</strong></span> 
     </span>
    </p>
   </div>
   <div class='ocr_carea' id='block_1_59' title="bbox 263 3167 1871 3243">
    <p class='ocr_par' dir='ltr' id='par_1_59' title="bbox 263 3167 1871 3243">
     <span class='ocr_line' id='line_1_59' title="bbox 263 3167 1871 3243; baseline 0.002 -20"><span class='ocrx_word' id='word_1_492' title='bbox 263 3167 462 3237; x_wconf 78' lang='lat' dir='ltr'><strong>Semel</strong></span> <span class='ocrx_word' id='word_1_493' title='bbox 486 3168 714 3238; x_wconf 90' lang='lat' dir='ltr'><strong>quidem</strong></span> <span class='ocrx_word' id='word_1_494' title='bbox 736 3185 804 3223; x_wconf 82' lang='lat' dir='ltr'><strong>ex</strong></span> <span class='ocrx_word' id='word_1_495' title='bbox 827 3169 1148 3225; x_wconf 87' lang='lat' dir='ltr'><strong>hominibus</strong></span> <span class='ocrx_word' id='word_1_496' title='bbox 1164 3176 1505 3241; x_wconf 89' lang='lat' dir='ltr'><strong>assumptus,</strong></span> <span class='ocrx_word' id='word_1_497' title='bbox 1530 3188 1753 3243; x_wconf 87' lang='lat' dir='ltr'><strong>semper</strong></span> <span class='ocrx_word' id='word_1_498' title='bbox 1771 3189 1871 3242; x_wconf 88' lang='lat' dir='ltr'><strong>pro</strong></span> 
     </span>
    </p>
   </div>
   <div class='ocr_carea' id='block_1_60' title="bbox 260 3255 1873 3330">
    <p class='ocr_par' dir='ltr' id='par_1_60' title="bbox 260 3255 1873 3330">
     <span class='ocr_line' id='line_1_60' title="bbox 260 3255 1873 3330; baseline 0.005 -21"><span class='ocrx_word' id='word_1_499' title='bbox 260 3255 597 3311; x_wconf 85' lang='lat' dir='ltr'><strong>hominibus</strong></span> <span class='ocrx_word' id='word_1_500' title='bbox 625 3257 966 3328; x_wconf 81' lang='lat' dir='ltr'><strong>interpellat.</strong></span> <span class='ocrx_word' id='word_1_501' title='bbox 994 3258 1206 3314; x_wconf 89' lang='lat' dir='ltr'><strong>Iterum</strong></span> <span class='ocrx_word' id='word_1_502' title='bbox 1232 3260 1379 3330; x_wconf 91' lang='lat' dir='ltr'><strong>quod</strong></span> <span class='ocrx_word' id='word_1_503' title='bbox 1407 3260 1564 3324; x_wconf 88' lang='lat' dir='ltr'><strong>dicit,</strong></span> <span class='ocrx_word' id='word_1_504' title='bbox 1587 3266 1651 3315; x_wconf 90' lang='lat' dir='ltr'><strong>ut</strong></span> <span class='ocrx_word' id='word_1_505' title='bbox 1674 3261 1873 3317; x_wconf 63' lang='lat' dir='ltr'><strong>oderat</strong></span> 
     </span>
    </p>
   </div>
   <div class='ocr_carea' id='block_1_61' title="bbox 261 3346 1871 3421">
    <p class='ocr_par' dir='ltr' id='par_1_61' title="bbox 261 3346 1871 3421">
     <span class='ocr_line' id='line_1_61' title="bbox 261 3346 1871 3421; baseline 0.003 -21"><span class='ocrx_word' id='word_1_506' title='bbox 261 3346 419 3401; x_wconf 87' lang='lat' dir='ltr'><strong>dona</strong></span> <span class='ocrx_word' id='word_1_507' title='bbox 447 3351 507 3400; x_wconf 90' lang='lat' dir='ltr'><strong>et</strong></span> <span class='ocrx_word' id='word_1_508' title='bbox 535 3348 808 3401; x_wconf 82' lang='lat' dir='ltr'><strong>sacriﬁcia</strong></span> <span class='ocrx_word' id='word_1_509' title='bbox 835 3364 936 3419; x_wconf 90' lang='lat' dir='ltr'><strong>pro</strong></span> <span class='ocrx_word' id='word_1_510' title='bbox 966 3351 1231 3419; x_wconf 85' lang='lat' dir='ltr'><strong>peccatis,</strong></span> <span class='ocrx_word' id='word_1_511' title='bbox 1261 3366 1326 3419; x_wconf 75' lang='lat' dir='ltr'><strong>ex</strong></span> <span class='ocrx_word' id='word_1_512' title='bbox 1375 3356 1537 3421; x_wconf 86' lang='lat' dir='ltr'><strong>parte</strong></span> <span class='ocrx_word' id='word_1_513' title='bbox 1575 3366 1871 3411; x_wconf 86' lang='lat' dir='ltr'><strong>commune</strong></span> 
     </span>
    </p>
   </div>
   <div class='ocr_carea' id='block_1_62' title="bbox 259 3437 1871 3509">
    <p class='ocr_par' dir='ltr' id='par_1_62' title="bbox 259 3437 1871 3509">
     <span class='ocr_line' id='line_1_62' title="bbox 259 3437 1871 3509; baseline 0.003 -19"><span class='ocrx_word' id='word_1_514' title='bbox 259 3441 367 3500; x_wconf 86' lang='lat' dir='ltr'><strong>est,</strong></span> <span class='ocrx_word' id='word_1_515' title='bbox 396 3439 456 3489; x_wconf 88' lang='lat' dir='ltr'><strong>et</strong></span> <span class='ocrx_word' id='word_1_516' title='bbox 476 3452 545 3489; x_wconf 85' lang='lat' dir='ltr'><strong>ex</strong></span> <span class='ocrx_word' id='word_1_517' title='bbox 568 3441 728 3507; x_wconf 84' lang='lat' dir='ltr'><strong>parte</strong></span> <span class='ocrx_word' id='word_1_518' title='bbox 753 3437 1005 3501; x_wconf 86' lang='lat' dir='ltr'><strong>minime,</strong></span> <span class='ocrx_word' id='word_1_519' title='bbox 1030 3443 1201 3509; x_wconf 82' lang='lat' dir='ltr'><strong>atque</strong></span> <span class='ocrx_word' id='word_1_520' title='bbox 1217 3439 1510 3493; x_wconf 84' lang='lat' dir='ltr'><strong>dissimile.</strong></span> <span class='ocrx_word' id='word_1_521' title='bbox 1526 3440 1670 3493; x_wconf 84' lang='lat' dir='ltr'><strong>Nam</strong></span> <span class='ocrx_word' id='word_1_522' title='bbox 1690 3439 1747 3494; x_wconf 91' lang='lat' dir='ltr'><strong>in</strong></span> <span class='ocrx_word' id='word_1_523' title='bbox 1768 3440 1871 3495; x_wconf 81' lang='lat' dir='ltr'><strong>hoc</strong></span> 
     </span>
    </p>
   </div>
   <div class='ocr_carea' id='block_1_63' title="bbox 258 3523 1863 3597">
    <p class='ocr_par' dir='ltr' id='par_1_63' title="bbox 258 3523 1863 3597">
     <span class='ocr_line' id='line_1_63' title="bbox 258 3523 1863 3597; baseline 0.003 -19"><span class='ocrx_word' id='word_1_524' title='bbox 258 3523 417 3594; x_wconf 89' lang='lat' dir='ltr'><strong>quod</strong></span> <span class='ocrx_word' id='word_1_525' title='bbox 438 3523 698 3584; x_wconf 73' lang='lat' dir='ltr'><strong>Christus</strong></span> <span class='ocrx_word' id='word_1_526' title='bbox 716 3524 1052 3580; x_wconf 79' lang='lat' dir='ltr'><strong>sacriﬁcium</strong></span> <span class='ocrx_word' id='word_1_527' title='bbox 1072 3525 1277 3596; x_wconf 78' lang='lat' dir='ltr'><strong>obtulit</strong></span> <span class='ocrx_word' id='word_1_528' title='bbox 1296 3542 1397 3597; x_wconf 89' lang='lat' dir='ltr'><strong>pro</strong></span> <span class='ocrx_word' id='word_1_529' title='bbox 1415 3526 1604 3597; x_wconf 86' lang='lat' dir='ltr'><strong>populi</strong></span> <span class='ocrx_word' id='word_1_530' title='bbox 1625 3527 1863 3593; x_wconf 84' lang='lat' dir='ltr'><strong>delictis,</strong></span> 
     </span>
    </p>
   </div>
   <div class='ocr_carea' id='block_1_64' title="bbox 257 3612 1866 3685">
    <p class='ocr_par' dir='ltr' id='par_1_64' title="bbox 257 3612 1866 3685">
     <span class='ocr_line' id='line_1_64' title="bbox 257 3612 1866 3685; baseline 0.003 -20"><span class='ocrx_word' id='word_1_531' title='bbox 257 3612 417 3682; x_wconf 89' lang='lat' dir='ltr'><strong>quod</strong></span> <span class='ocrx_word' id='word_1_532' title='bbox 455 3618 514 3665; x_wconf 90' lang='lat' dir='ltr'><strong>et</strong></span> <span class='ocrx_word' id='word_1_533' title='bbox 550 3612 633 3665; x_wconf 90' lang='lat' dir='ltr'><strong>illi</strong></span> <span class='ocrx_word' id='word_1_534' title='bbox 679 3613 922 3683; x_wconf 85' lang='lat' dir='ltr'><strong>agebant</strong></span> <span class='ocrx_word' id='word_1_535' title='bbox 966 3614 1220 3685; x_wconf 58' lang='lat' dir='ltr'><strong>quaedam</strong></span> <span class='ocrx_word' id='word_1_536' title='bbox 1251 3616 1571 3683; x_wconf 78' lang='lat' dir='ltr'><strong>communio</strong></span> <span class='ocrx_word' id='word_1_537' title='bbox 1600 3622 1724 3670; x_wconf 88' lang='lat' dir='ltr'><strong>est:</strong></span> <span class='ocrx_word' id='word_1_538' title='bbox 1767 3617 1866 3670; x_wconf 86' lang='lat' dir='ltr'><strong>sed</strong></span> 
     </span>
    </p>
   </div>
   <div class='ocr_carea' id='block_1_65' title="bbox 254 3700 1866 3774">
    <p class='ocr_par' dir='ltr' id='par_1_65' title="bbox 254 3700 1866 3774">
     <span class='ocr_line' id='line_1_65' title="bbox 254 3700 1866 3774; baseline 0.002 -21"><span class='ocrx_word' id='word_1_539' title='bbox 254 3700 314 3754; x_wconf 90' lang='lat' dir='ltr'><strong>in</strong></span> <span class='ocrx_word' id='word_1_540' title='bbox 342 3700 456 3769; x_wconf 79' lang='lat' dir='ltr'><strong>hoc</strong></span> <span class='ocrx_word' id='word_1_541' title='bbox 478 3702 628 3771; x_wconf 90' lang='lat' dir='ltr'><strong>quod</strong></span> <span class='ocrx_word' id='word_1_542' title='bbox 658 3700 750 3755; x_wconf 90' lang='lat' dir='ltr'><strong>ille</strong></span> <span class='ocrx_word' id='word_1_543' title='bbox 770 3717 871 3773; x_wconf 88' lang='lat' dir='ltr'><strong>pro</strong></span> <span class='ocrx_word' id='word_1_544' title='bbox 891 3718 952 3757; x_wconf 90' lang='lat' dir='ltr'><strong>se</strong></span> <span class='ocrx_word' id='word_1_545' title='bbox 972 3719 1086 3757; x_wconf 91' lang='lat' dir='ltr'><strong>non</strong></span> <span class='ocrx_word' id='word_1_546' title='bbox 1107 3703 1329 3768; x_wconf 87' lang='lat' dir='ltr'><strong>obtulit,</strong></span> <span class='ocrx_word' id='word_1_547' title='bbox 1352 3703 1499 3757; x_wconf 86' lang='lat' dir='ltr'><strong>sicut</strong></span> <span class='ocrx_word' id='word_1_548' title='bbox 1523 3704 1605 3757; x_wconf 90' lang='lat' dir='ltr'><strong>illi</strong></span> <span class='ocrx_word' id='word_1_549' title='bbox 1624 3720 1724 3774; x_wconf 89' lang='lat' dir='ltr'><strong>pro</strong></span> <span class='ocrx_word' id='word_1_550' title='bbox 1749 3706 1866 3759; x_wconf 89' lang='lat' dir='ltr'><strong>suis</strong></span> 
     </span>
    </p>
   </div>
   <div class='ocr_carea' id='block_1_66' title="bbox 254 3789 1861 3863">
    <p class='ocr_par' dir='ltr' id='par_1_66' title="bbox 254 3789 1861 3863">
     <span class='ocr_line' id='line_1_66' title="bbox 254 3789 1861 3863; baseline 0.002 -20"><span class='ocrx_word' id='word_1_551' title='bbox 254 3789 486 3845; x_wconf 86' lang='lat' dir='ltr'><strong>delictis</strong></span> <span class='ocrx_word' id='word_1_552' title='bbox 517 3789 729 3855; x_wconf 82' lang='lat' dir='ltr'><strong>hostias</strong></span> <span class='ocrx_word' id='word_1_553' title='bbox 755 3790 1082 3856; x_wconf 80' lang='lat' dir='ltr'><strong>offerebant,</strong></span> <span class='ocrx_word' id='word_1_554' title='bbox 1111 3794 1232 3863; x_wconf 87' lang='lat' dir='ltr'><strong>jam</strong></span> <span class='ocrx_word' id='word_1_555' title='bbox 1263 3808 1375 3846; x_wconf 89' lang='lat' dir='ltr'><strong>non</strong></span> <span class='ocrx_word' id='word_1_556' title='bbox 1406 3798 1492 3846; x_wconf 87' lang='lat' dir='ltr'><strong>est</strong></span> <span class='ocrx_word' id='word_1_557' title='bbox 1520 3793 1861 3847; x_wconf 88' lang='lat' dir='ltr'><strong>communio.</strong></span> 
     </span>
    </p>
   </div>
   <div class='ocr_carea' id='block_1_67' title="bbox 255 3878 1866 3951">
    <p class='ocr_par' dir='ltr' id='par_1_67' title="bbox 255 3878 1866 3951">
     <span class='ocr_line' id='line_1_67' title="bbox 255 3878 1866 3951; baseline 0.001 -18"><span class='ocrx_word' id='word_1_558' title='bbox 255 3878 319 3933; x_wconf 92' lang='lat' dir='ltr'><strong>Iu</strong></span> <span class='ocrx_word' id='word_1_559' title='bbox 330 3878 448 3933; x_wconf 90' lang='lat' dir='ltr'><strong>hoc</strong></span> <span class='ocrx_word' id='word_1_560' title='bbox 459 3894 683 3949; x_wconf 86' lang='lat' dir='ltr'><strong>quoque</strong></span> <span class='ocrx_word' id='word_1_561' title='bbox 692 3878 1089 3934; x_wconf 86' lang='lat' dir='ltr'><strong>dissimilitudo</strong></span> <span class='ocrx_word' id='word_1_562' title='bbox 1100 3880 1306 3946; x_wconf 82' lang='lat' dir='ltr'><strong>existit,</strong></span> <span class='ocrx_word' id='word_1_563' title='bbox 1322 3881 1456 3951; x_wconf 86' lang='lat' dir='ltr'><strong>quia</strong></span> <span class='ocrx_word' id='word_1_564' title='bbox 1468 3880 1552 3935; x_wconf 88' lang='lat' dir='ltr'><strong>illi</strong></span> <span class='ocrx_word' id='word_1_565' title='bbox 1570 3880 1866 3935; x_wconf 72' lang='lat' dir='ltr'><strong>irrationa~</strong></span> 
     </span>
    </p>
   </div>
   <div class='ocr_carea' id='block_1_68' title="bbox 254 3965 1867 4037">
    <p class='ocr_par' dir='ltr' id='par_1_68' title="bbox 254 3965 1867 4037">
     <span class='ocr_line' id='line_1_68' title="bbox 254 3965 1867 4037; baseline 0.001 -17"><span class='ocrx_word' id='word_1_566' title='bbox 254 3965 401 4020; x_wconf 78' lang='lat' dir='ltr'><strong>bilia</strong></span> <span class='ocrx_word' id='word_1_567' title='bbox 422 3966 735 4021; x_wconf 72' lang='lat' dir='ltr'><strong>offerebant</strong></span> <span class='ocrx_word' id='word_1_568' title='bbox 750 3969 1042 4032; x_wconf 80' lang='lat' dir='ltr'><strong>sacriﬁcia,</strong></span> <span class='ocrx_word' id='word_1_569' title='bbox 1066 3968 1233 4024; x_wconf 85' lang='lat' dir='ltr'><strong>boves</strong></span> <span class='ocrx_word' id='word_1_570' title='bbox 1256 3969 1487 4033; x_wconf 83' lang='lat' dir='ltr'><strong>scilicet,</strong></span> <span class='ocrx_word' id='word_1_571' title='bbox 1507 3968 1734 4037; x_wconf 88' lang='lat' dir='ltr'><strong>arietes,</strong></span> <span class='ocrx_word' id='word_1_572' title='bbox 1752 3968 1867 4037; x_wconf 73' lang='lat' dir='ltr'><strong>hip-</strong></span> 
     </span>
    </p>
   </div>
   <div class='ocr_carea' id='block_1_69' title="bbox 253 4056 1865 4124">
    <p class='ocr_par' dir='ltr' id='par_1_69' title="bbox 253 4056 1865 4124">
     <span class='ocr_line' id='line_1_69' title="bbox 253 4056 1865 4124; baseline 0.002 -15"><span class='ocrx_word' id='word_1_573' title='bbox 253 4071 376 4119; x_wconf 84' lang='lat' dir='ltr'><strong>eos,</strong></span> <span class='ocrx_word' id='word_1_574' title='bbox 402 4059 461 4108; x_wconf 87' lang='lat' dir='ltr'><strong>et</strong></span> <span class='ocrx_word' id='word_1_575' title='bbox 473 4060 674 4109; x_wconf 82' lang='lat' dir='ltr'><strong>caetera</strong></span> <span class='ocrx_word' id='word_1_576' title='bbox 686 4056 853 4124; x_wconf 88' lang='lat' dir='ltr'><strong>talia;</strong></span> <span class='ocrx_word' id='word_1_577' title='bbox 878 4057 1135 4111; x_wconf 74' lang='lat' dir='ltr'><strong>Christus</strong></span> <span class='ocrx_word' id='word_1_578' title='bbox 1151 4074 1280 4111; x_wconf 87' lang='lat' dir='ltr'><strong>vero</strong></span> <span class='ocrx_word' id='word_1_579' title='bbox 1302 4057 1634 4117; x_wconf 84' lang='lat' dir='ltr'><strong>rationabile</strong></span> <span class='ocrx_word' id='word_1_580' title='bbox 1653 4058 1865 4112; x_wconf 86' lang='lat' dir='ltr'><strong>animal</strong></span> 
     </span>
    </p>
   </div>
   <div class='ocr_carea' id='block_1_70' title="bbox 253 4143 1861 4217">
    <p class='ocr_par' dir='ltr' id='par_1_70' title="bbox 253 4143 1861 4217">
     <span class='ocr_line' id='line_1_70' title="bbox 253 4143 1861 4217; baseline 0.003 -21"><span class='ocrx_word' id='word_1_581' title='bbox 253 4159 360 4214; x_wconf 83' lang='lat' dir='ltr'><strong>pro</strong></span> <span class='ocrx_word' id='word_1_582' title='bbox 408 4143 584 4207; x_wconf 80' lang='lat' dir='ltr'><strong>totius</strong></span> <span class='ocrx_word' id='word_1_583' title='bbox 611 4145 809 4199; x_wconf 88' lang='lat' dir='ltr'><strong>mundi</strong></span> <span class='ocrx_word' id='word_1_584' title='bbox 840 4146 1022 4199; x_wconf 87' lang='lat' dir='ltr'><strong>salute</strong></span> <span class='ocrx_word' id='word_1_585' title='bbox 1054 4144 1281 4215; x_wconf 85' lang='lat' dir='ltr'><strong>obtulit,</strong></span> <span class='ocrx_word' id='word_1_586' title='bbox 1311 4146 1415 4200; x_wconf 89' lang='lat' dir='ltr'><strong>hoc</strong></span> <span class='ocrx_word' id='word_1_587' title='bbox 1458 4153 1562 4206; x_wconf 84' lang='lat' dir='ltr'><strong>est,</strong></span> <span class='ocrx_word' id='word_1_588' title='bbox 1594 4147 1861 4217; x_wconf 86' lang='lat' dir='ltr'><strong>seipsum,</strong></span> 
     </span>
    </p>
   </div>
   <div class='ocr_carea' id='block_1_71' title="bbox 1954 3079 3553 3155">
    <p class='ocr_par' dir='ltr' id='par_1_71' title="bbox 1954 3079 3553 3155">
     <span class='ocr_line' id='line_1_71' title="bbox 1954 3079 3553 3155; baseline -0.002 -13"><span class='ocrx_word' id='word_1_589' title='bbox 1954 3084 2219 3142; x_wconf 86' lang='lat' dir='ltr'><strong>habentia</strong></span> <span class='ocrx_word' id='word_1_590' title='bbox 2258 3102 2273 3139; x_wconf 84' lang='lat'><strong>:</strong></span> <span class='ocrx_word' id='word_1_591' title='bbox 2314 3083 2464 3155; x_wconf 88' lang='lat' dir='ltr'><strong>quod</strong></span> <span class='ocrx_word' id='word_1_592' title='bbox 2493 3099 2607 3138; x_wconf 85' lang='lat' dir='ltr'><strong>uno</strong></span> <span class='ocrx_word' id='word_1_593' title='bbox 2632 3081 2800 3139; x_wconf 83' lang='lat' dir='ltr'><strong>verbo</strong></span> <span class='ocrx_word' id='word_1_594' title='bbox 2828 3080 3021 3152; x_wconf 69' lang='lat' dir='ltr'><strong>Graece</strong></span> <span class='ocrx_word' id='word_1_595' title='bbox 3056 3080 3431 3154; x_wconf 80' lang='lat' dir='ltr'><strong>concluditur,</strong></span> <span class='ocrx_word' id='word_1_596' title='bbox 3460 3079 3553 3139; x_wconf 66' lang='lat' dir='ltr'><strong>diu</strong></span> 
     </span>
    </p>
   </div>
   <div class='ocr_carea' id='block_1_72' title="bbox 1954 3168 3635 3240">
    <p class='ocr_par' dir='ltr' id='par_1_72' title="bbox 1954 3168 3635 3240">
     <span class='ocr_line' id='line_1_72' title="bbox 1954 3168 3635 3240; baseline 0.001 -12"><span class='ocrx_word' id='word_1_597' title='bbox 1954 3173 2130 3228; x_wconf 86' lang='lat' dir='ltr'><strong>cendo</strong></span> <span class='ocrx_word' id='word_1_598' title='bbox 2152 3171 2352 3235; x_wconf 73' lang='grc' dir='ltr'><strong>ἂδόξασε</strong></span> <span class='ocrx_word' id='word_1_599' title='bbox 2386 3190 2399 3225; x_wconf 92' lang='lat'><strong>:</strong></span> <span class='ocrx_word' id='word_1_600' title='bbox 2432 3172 2583 3229; x_wconf 86' lang='lat' dir='ltr'><strong>unde</strong></span> <span class='ocrx_word' id='word_1_601' title='bbox 2600 3171 2661 3239; x_wconf 79' lang='lat' dir='ltr'><strong>in</strong></span> <span class='ocrx_word' id='word_1_602' title='bbox 2682 3170 3056 3240; x_wconf 78' lang='lat' dir='ltr'><strong>interpretum</strong></span> <span class='ocrx_word' id='word_1_603' title='bbox 3091 3168 3363 3237; x_wconf 68' lang='lat' dir='ltr'><strong>varietate</strong></span> <span class='ocrx_word' id='word_1_604' title='bbox 3383 3169 3553 3229; x_wconf 74' lang='lat' dir='ltr'><strong>aliter</strong></span> <span class='ocrx_word' id='word_1_605' title='bbox 3626 3178 3635 3187; x_wconf 78' lang='grc'><em>“</em></span> 
     </span>
    </p>
   </div>
   <div class='ocr_carea' id='block_1_73' title="bbox 1953 3257 3550 3332">
    <p class='ocr_par' dir='ltr' id='par_1_73' title="bbox 1953 3257 3550 3332">
     <span class='ocr_line' id='line_1_73' title="bbox 1953 3257 3550 3332; baseline -0.001 -16"><span class='ocrx_word' id='word_1_606' title='bbox 1953 3268 2125 3332; x_wconf 78' lang='lat' dir='ltr'><strong>atque</strong></span> <span class='ocrx_word' id='word_1_607' title='bbox 2153 3261 2320 3323; x_wconf 82' lang='lat' dir='ltr'><strong>aliter</strong></span> <span class='ocrx_word' id='word_1_608' title='bbox 2347 3261 2405 3317; x_wconf 88' lang='lat' dir='ltr'><strong>in</strong></span> <span class='ocrx_word' id='word_1_609' title='bbox 2427 3260 2629 3316; x_wconf 85' lang='lat' dir='ltr'><strong>Latino</strong></span> <span class='ocrx_word' id='word_1_610' title='bbox 2660 3259 2909 3329; x_wconf 79' lang='lat' dir='ltr'><strong>positum</strong></span> <span class='ocrx_word' id='word_1_611' title='bbox 2945 3257 3201 3331; x_wconf 73' lang='lat' dir='ltr'><strong>habetur.</strong></span> <span class='ocrx_word' id='word_1_612' title='bbox 3222 3258 3371 3315; x_wconf 79' lang='lat' dir='ltr'><strong>Nam</strong></span> <span class='ocrx_word' id='word_1_613' title='bbox 3399 3258 3550 3330; x_wconf 82' lang='lat' dir='ltr'><strong>quod</strong></span> 
     </span>
    </p>
   </div>
   <div class='ocr_carea' id='block_1_74' title="bbox 1952 3346 3552 3420">
    <p class='ocr_par' dir='ltr' id='par_1_74' title="bbox 1952 3346 3552 3420">
     <span class='ocr_line' id='line_1_74' title="bbox 1952 3346 3552 3420; baseline 0 -15"><span class='ocrx_word' id='word_1_614' title='bbox 1952 3351 2011 3405; x_wconf 86' lang='lat' dir='ltr'><strong>in</strong></span> <span class='ocrx_word' id='word_1_615' title='bbox 2038 3350 2343 3419; x_wconf 82' lang='lat' dir='ltr'><strong>Evangelia</strong></span> <span class='ocrx_word' id='word_1_616' title='bbox 2363 3349 2708 3420; x_wconf 81' lang='lat' dir='ltr'><strong>evangelista</strong></span> <span class='ocrx_word' id='word_1_617' title='bbox 2730 3347 2869 3405; x_wconf 86' lang='lat' dir='ltr'><strong>dicit</strong></span> <span class='ocrx_word' id='word_1_618' title='bbox 2894 3346 3200 3406; x_wconf 80' lang='lat' dir='ltr'><strong>Dominum</strong></span> <span class='ocrx_word' id='word_1_619' title='bbox 3484 3347 3552 3405; x_wconf 69' lang='lat' dir='ltr'><strong>Si</strong></span> 
     </span>
    </p>
   </div>
   <div class='ocr_carea' id='block_1_75' title="bbox 1951 3436 3549 3509">
    <p class='ocr_par' dir='ltr' id='par_1_75' title="bbox 1951 3436 3549 3509">
     <span class='ocr_line' id='line_1_75' title="bbox 1951 3436 3549 3509; baseline -0.001 -16"><span class='ocrx_word' id='word_1_620' title='bbox 1951 3456 2045 3507; x_wconf 84' lang='lat' dir='ltr'><strong>ego</strong></span> <span class='ocrx_word' id='word_1_621' title='bbox 2059 3442 2305 3507; x_wconf 79' lang='lat' dir='ltr'><strong>glori/ioc</strong></span> <span class='ocrx_word' id='word_1_622' title='bbox 2317 3441 2605 3507; x_wconf 76' lang='lat' dir='ltr'><strong>meipsum,</strong></span> <span class='ocrx_word' id='word_1_623' title='bbox 2620 3439 2801 3507; x_wconf 74' lang='lat' dir='ltr'><strong>gloria</strong></span> <span class='ocrx_word' id='word_1_624' title='bbox 2816 3451 2940 3509; x_wconf 58' lang='lat' dir='ltr'><strong>mea</strong></span> <span class='ocrx_word' id='word_1_625' title='bbox 2955 3436 3104 3493; x_wconf 62' lang='lat' dir='ltr'><strong>nihil</strong></span> <span class='ocrx_word' id='word_1_626' title='bbox 3122 3440 3199 3499; x_wconf 71' lang='lat' dir='ltr'><strong>est</strong></span> <span class='ocrx_word' id='word_1_627' title='bbox 3213 3436 3549 3506; x_wconf 52' lang='lat' dir='ltr'><strong>(locanti),</strong></span> 
     </span>
    </p>
   </div>
   <div class='ocr_carea' id='block_1_76' title="bbox 1948 3522 3551 3598">
    <p class='ocr_par' dir='ltr' id='par_1_76' title="bbox 1948 3522 3551 3598">
     <span class='ocr_line' id='line_1_76' title="bbox 1948 3522 3551 3598; baseline -0.002 -14"><span class='ocrx_word' id='word_1_628' title='bbox 1948 3529 2040 3584; x_wconf 85' lang='lat' dir='ltr'><strong>hic</strong></span> <span class='ocrx_word' id='word_1_629' title='bbox 2084 3528 2386 3598; x_wconf 74' lang='lat' dir='ltr'><strong>Apostolus</strong></span> <span class='ocrx_word' id='word_1_630' title='bbox 2420 3526 2878 3597; x_wconf 82' lang='lat' dir='ltr'><strong>clariﬁoationem</strong></span> <span class='ocrx_word' id='word_1_631' title='bbox 2915 3522 3244 3595; x_wconf 74' lang='lat' dir='ltr'><strong>nominavit.</strong></span> <span class='ocrx_word' id='word_1_632' title='bbox 3292 3523 3551 3581; x_wconf 85' lang='lat' dir='ltr'><strong>Christus</strong></span> 
     </span>
    </p>
   </div>
   <div class='ocr_carea' id='block_1_77' title="bbox 1950 3611 3550 3686">
    <p class='ocr_par' dir='ltr' id='par_1_77' title="bbox 1950 3611 3550 3686">
     <span class='ocr_line' id='line_1_77' title="bbox 1950 3611 3550 3686; baseline -0.003 -15"><span class='ocrx_word' id='word_1_633' title='bbox 1950 3633 2082 3686; x_wconf 84' lang='lat' dir='ltr'><strong>ergo</strong></span> <span class='ocrx_word' id='word_1_634' title='bbox 2115 3615 2478 3686; x_wconf 83' lang='lat' dir='ltr'><strong>semetipsum</strong></span> <span class='ocrx_word' id='word_1_635' title='bbox 2500 3630 2614 3668; x_wconf 89' lang='lat' dir='ltr'><strong>non</strong></span> <span class='ocrx_word' id='word_1_636' title='bbox 2634 3612 2978 3673; x_wconf 77' lang='lat' dir='ltr'><strong>clarificavit,</strong></span> <span class='ocrx_word' id='word_1_637' title='bbox 3004 3611 3062 3668; x_wconf 83' lang='lat' dir='ltr'><strong>id</strong></span> <span class='ocrx_word' id='word_1_638' title='bbox 3084 3616 3172 3669; x_wconf 82' lang='lat' dir='ltr'><strong>est</strong></span> <span class='ocrx_word' id='word_1_639' title='bbox 3192 3625 3306 3669; x_wconf 84' lang='lat' dir='ltr'><strong>non</strong></span> <span class='ocrx_word' id='word_1_640' title='bbox 3331 3611 3550 3684; x_wconf 52' lang='lat' dir='ltr'><strong>31min,</strong></span> 
     </span>
    </p>
   </div>
   <div class='ocr_carea' id='block_1_78' title="bbox 1950 3699 3548 3772">
    <p class='ocr_par' dir='ltr' id='par_1_78' title="bbox 1950 3699 3548 3772">
     <span class='ocr_line' id='line_1_78' title="bbox 1950 3699 3548 3772; baseline -0.001 -14"><span class='ocrx_word' id='word_1_641' title='bbox 1950 3704 2114 3769; x_wconf 80' lang='lat' dir='ltr'><strong>cavit,</strong></span> <span class='ocrx_word' id='word_1_642' title='bbox 2137 3709 2204 3759; x_wconf 89' lang='lat' dir='ltr'><strong>ut</strong></span> <span class='ocrx_word' id='word_1_643' title='bbox 2221 3720 2255 3758; x_wconf 83' lang='lat' dir='ltr'><strong>a</strong></span> <span class='ocrx_word' id='word_1_644' title='bbox 2273 3702 2578 3772; x_wconf 87' lang='lat' dir='ltr'><strong>semetipso</strong></span> <span class='ocrx_word' id='word_1_645' title='bbox 2601 3701 2850 3772; x_wconf 79' lang='lat' dir='ltr'><strong>pontifex</strong></span> <span class='ocrx_word' id='word_1_646' title='bbox 2875 3701 3056 3764; x_wconf 79' lang='lat' dir='ltr'><strong>ﬂeret,</strong></span> <span class='ocrx_word' id='word_1_647' title='bbox 3077 3699 3548 3772; x_wconf 79' lang='lat' dir='ltr'><strong>poutiﬁcatusqus</strong></span> 
     </span>
    </p>
   </div>
   <div class='ocr_carea' id='block_1_79' title="bbox 1947 3788 3548 3862">
    <p class='ocr_par' dir='ltr' id='par_1_79' title="bbox 1947 3788 3548 3862">
     <span class='ocr_line' id='line_1_79' title="bbox 1947 3788 3548 3862; baseline -0.001 -15"><span class='ocrx_word' id='word_1_648' title='bbox 1947 3794 2217 3848; x_wconf 85' lang='lat' dir='ltr'><strong>honorem</strong></span> <span class='ocrx_word' id='word_1_649' title='bbox 2249 3791 2503 3862; x_wconf 80' lang='lat' dir='ltr'><strong>haberet,</strong></span> <span class='ocrx_word' id='word_1_650' title='bbox 2526 3791 2659 3860; x_wconf 88' lang='lat' dir='ltr'><strong>quia</strong></span> <span class='ocrx_word' id='word_1_651' title='bbox 2686 3806 2801 3846; x_wconf 88' lang='lat' dir='ltr'><strong>non</strong></span> <span class='ocrx_word' id='word_1_652' title='bbox 2828 3794 2957 3845; x_wconf 84' lang='lat' dir='ltr'><strong>erat</strong></span> <span class='ocrx_word' id='word_1_653' title='bbox 2974 3805 3008 3844; x_wconf 89' lang='lat' dir='ltr'><strong>a</strong></span> <span class='ocrx_word' id='word_1_654' title='bbox 3027 3788 3309 3859; x_wconf 78' lang='lat' dir='ltr'><strong>seipso.Et</strong></span> <span class='ocrx_word' id='word_1_655' title='bbox 3332 3788 3442 3845; x_wconf 80' lang='lat' dir='ltr'><strong>hoc</strong></span> <span class='ocrx_word' id='word_1_656' title='bbox 3461 3792 3548 3845; x_wconf 80' lang='lat' dir='ltr'><strong>est</strong></span> 
     </span>
    </p>
   </div>
   <div class='ocr_carea' id='block_1_80' title="bbox 1948 3878 3548 3953">
    <p class='ocr_par' dir='ltr' id='par_1_80' title="bbox 1948 3878 3548 3953">
     <span class='ocr_line' id='line_1_80' title="bbox 1948 3878 3548 3953; baseline -0.002 -17"><span class='ocrx_word' id='word_1_657' title='bbox 1948 3881 2097 3953; x_wconf 92' lang='lat' dir='ltr'><strong>quod</strong></span> <span class='ocrx_word' id='word_1_658' title='bbox 2117 3880 2238 3951; x_wconf 88' lang='lat' dir='ltr'><strong>ipse</strong></span> <span class='ocrx_word' id='word_1_659' title='bbox 2263 3880 2321 3934; x_wconf 88' lang='lat' dir='ltr'><strong>in</strong></span> <span class='ocrx_word' id='word_1_660' title='bbox 2353 3879 2655 3948; x_wconf 76' lang='lat' dir='ltr'><strong>Evangelia</strong></span> <span class='ocrx_word' id='word_1_661' title='bbox 2682 3878 2850 3935; x_wconf 86' lang='lat' dir='ltr'><strong>dicit:</strong></span> <span class='ocrx_word' id='word_1_662' title='bbox 2871 3878 2997 3935; x_wconf 64' lang='lat' dir='ltr'><strong>Non</strong></span> <span class='ocrx_word' id='word_1_663' title='bbox 3017 3881 3146 3933; x_wconf 73' lang='lat' dir='ltr'><strong>ueni</strong></span> <span class='ocrx_word' id='word_1_664' title='bbox 3160 3894 3198 3931; x_wconf 94' lang='lat' dir='ltr'><strong>a</strong></span> <span class='ocrx_word' id='word_1_665' title='bbox 3216 3880 3439 3945; x_wconf 80' lang='lat' dir='ltr'><strong>moipso,</strong></span> <span class='ocrx_word' id='word_1_666' title='bbox 3456 3878 3548 3933; x_wconf 77' lang='lat' dir='ltr'><strong>sed</strong></span> 
     </span>
    </p>
   </div>
   <div class='ocr_carea' id='block_1_81' title="bbox 1946 3965 3545 4038">
    <p class='ocr_par' dir='ltr' id='par_1_81' title="bbox 1946 3965 3545 4038">
     <span class='ocr_line' id='line_1_81' title="bbox 1946 3965 3545 4038; baseline -0.001 -14"><span class='ocrx_word' id='word_1_667' title='bbox 1946 3974 2042 4025; x_wconf 76' lang='lat' dir='ltr'><strong>ille</strong></span> <span class='ocrx_word' id='word_1_668' title='bbox 2070 3986 2154 4029; x_wconf 75' lang='lat' dir='ltr'><strong>me</strong></span> <span class='ocrx_word' id='word_1_669' title='bbox 2202 3972 2357 4023; x_wconf 83' lang='lat' dir='ltr'><strong>misit</strong></span> <span class='ocrx_word' id='word_1_670' title='bbox 2399 3970 2583 4035; x_wconf 77' lang='lat' dir='ltr'><strong>(Joau.</strong></span> <span class='ocrx_word' id='word_1_671' title='bbox 2615 3965 2731 4035; x_wconf 84' lang='lat' dir='ltr'><strong>vn).</strong></span> <span class='ocrx_word' id='word_1_672' title='bbox 2766 3967 2832 4038; x_wconf 73' lang='lat' dir='ltr'><strong>Et</strong></span> <span class='ocrx_word' id='word_1_673' title='bbox 2868 3966 3074 4022; x_wconf 84' lang='lat' dir='ltr'><strong>iterum</strong></span> <span class='ocrx_word' id='word_1_674' title='bbox 3108 3979 3123 4020; x_wconf 64' lang='grc' dir='ltr'>ε</span> <span class='ocrx_word' id='word_1_675' title='bbox 3152 3965 3264 4034; x_wconf 75' lang='lat' dir='ltr'><strong>Ego</strong></span> <span class='ocrx_word' id='word_1_676' title='bbox 3303 3967 3545 4033; x_wconf 76' lang='lat' dir='ltr'><strong>glorians</strong></span> 
     </span>
    </p>
   </div>
   <div class='ocr_carea' id='block_1_82' title="bbox 1945 4057 3546 4126">
    <p class='ocr_par' dir='ltr' id='par_1_82' title="bbox 1945 4057 3546 4126">
     <span class='ocr_line' id='line_1_82' title="bbox 1945 4057 3546 4126; baseline -0.002 -13"><span class='ocrx_word' id='word_1_677' title='bbox 1945 4075 2126 4115; x_wconf 81' lang='lat' dir='ltr'><strong>meam</strong></span> <span class='ocrx_word' id='word_1_678' title='bbox 2156 4074 2270 4112; x_wconf 80' lang='lat' dir='ltr'><strong>non</strong></span> <span class='ocrx_word' id='word_1_679' title='bbox 2297 4072 2500 4126; x_wconf 66' lang='lat' dir='ltr'><strong>quaero,</strong></span> <span class='ocrx_word' id='word_1_680' title='bbox 2530 4059 2605 4110; x_wconf 84' lang='lat' dir='ltr'><strong>est</strong></span> <span class='ocrx_word' id='word_1_681' title='bbox 2633 4058 2733 4125; x_wconf 78' lang='lat' dir='ltr'><strong>qui</strong></span> <span class='ocrx_word' id='word_1_682' title='bbox 2758 4057 3032 4122; x_wconf 71' lang='lat' dir='ltr'><strong>gloriﬁoat</strong></span> <span class='ocrx_word' id='word_1_683' title='bbox 3061 4070 3166 4125; x_wconf 78' lang='lat' dir='ltr'><strong>me,</strong></span> <span class='ocrx_word' id='word_1_684' title='bbox 3194 4057 3367 4110; x_wconf 74' lang='lat' dir='ltr'><strong>Pater</strong></span> <span class='ocrx_word' id='word_1_685' title='bbox 3390 4069 3546 4110; x_wconf 78' lang='lat' dir='ltr'><strong>meus</strong></span> 
     </span>
    </p>
   </div>
   <div class='ocr_carea' id='block_1_83' title="bbox 1949 4141 3547 4218">
    <p class='ocr_par' dir='ltr' id='par_1_83' title="bbox 1949 4141 3547 4218">
     <span class='ocr_line' id='line_1_83' title="bbox 1949 4141 3547 4218; baseline -0.002 -16"><span class='ocrx_word' id='word_1_686' title='bbox 1949 4149 2134 4218; x_wconf 77' lang='lat' dir='ltr'><strong>(Joan.</strong></span> <span class='ocrx_word' id='word_1_687' title='bbox 2165 4148 2310 4212; x_wconf 85' lang='lat' dir='ltr'><strong>vm).</strong></span> <span class='ocrx_word' id='word_1_688' title='bbox 2344 4145 2502 4200; x_wconf 87' lang='lat' dir='ltr'><strong>Sicut</strong></span> <span class='ocrx_word' id='word_1_689' title='bbox 2527 4159 2664 4214; x_wconf 85' lang='lat' dir='ltr'><strong>ergo</strong></span> <span class='ocrx_word' id='word_1_690' title='bbox 2694 4160 2730 4199; x_wconf 87' lang='lat' dir='ltr'><strong>a</strong></span> <span class='ocrx_word' id='word_1_691' title='bbox 2768 4142 2954 4213; x_wconf 81' lang='lat' dir='ltr'><strong>seipse</strong></span> <span class='ocrx_word' id='word_1_692' title='bbox 2992 4157 3104 4197; x_wconf 89' lang='lat' dir='ltr'><strong>non</strong></span> <span class='ocrx_word' id='word_1_693' title='bbox 3131 4142 3303 4209; x_wconf 86' lang='lat' dir='ltr'><strong>venit,</strong></span> <span class='ocrx_word' id='word_1_694' title='bbox 3343 4141 3481 4212; x_wconf 78' lang='lat' dir='ltr'><strong>quia</strong></span> <span class='ocrx_word' id='word_1_695' title='bbox 3510 4157 3547 4199; x_wconf 74' lang='grc' dir='ltr'>ι</span> 
     </span>
    </p>
   </div>
   <div class='ocr_carea' id='block_1_84' title="bbox 255 4230 3541 4307">
    <p class='ocr_par' dir='ltr' id='par_1_84' title="bbox 255 4230 3541 4307">
     <span class='ocr_line' id='line_1_84' title="bbox 255 4230 3541 4307; baseline 0 -20"><span class='ocrx_word' id='word_1_696' title='bbox 255 4232 356 4303; x_wconf 88' lang='lat' dir='ltr'><strong>qui</strong></span> <span class='ocrx_word' id='word_1_697' title='bbox 407 4237 498 4285; x_wconf 88' lang='lat' dir='ltr'><strong>est</strong></span> <span class='ocrx_word' id='word_1_698' title='bbox 542 4248 721 4303; x_wconf 81' lang='lat' dir='ltr'><strong>agnus</strong></span> <span class='ocrx_word' id='word_1_699' title='bbox 768 4233 1183 4298; x_wconf 79' lang='lat' dir='ltr'><strong>immaculatus,</strong></span> <span class='ocrx_word' id='word_1_700' title='bbox 1213 4236 1375 4304; x_wconf 82' lang='lat' dir='ltr'><strong>juxta</strong></span> <span class='ocrx_word' id='word_1_701' title='bbox 1412 4236 1562 4305; x_wconf 90' lang='lat' dir='ltr'><strong>quod</strong></span> <span class='ocrx_word' id='word_1_702' title='bbox 1598 4236 2130 4307; x_wconf 55' lang='lat' dir='ltr'><strong>Joannemnseipso</strong></span> <span class='ocrx_word' id='word_1_703' title='bbox 2157 4251 2271 4289; x_wconf 88' lang='lat' dir='ltr'><strong>non</strong></span> <span class='ocrx_word' id='word_1_704' title='bbox 2300 4240 2441 4295; x_wconf 86' lang='lat' dir='ltr'><strong>erat,</strong></span> <span class='ocrx_word' id='word_1_705' title='bbox 2491 4248 2764 4303; x_wconf 87' lang='lat' dir='ltr'><strong>suamque</strong></span> <span class='ocrx_word' id='word_1_706' title='bbox 2805 4230 3048 4301; x_wconf 78' lang='lat' dir='ltr'><strong>gloriam</strong></span> <span class='ocrx_word' id='word_1_707' title='bbox 3092 4246 3207 4296; x_wconf 83' lang='lat' dir='ltr'><strong>non</strong></span> <span class='ocrx_word' id='word_1_708' title='bbox 3235 4230 3541 4303; x_wconf 69' lang='lat' dir='ltr'><strong>quiorebat,</strong></span> 
     </span>
    </p>
   </div>
   <div class='ocr_carea' id='block_1_85' title="bbox 1879 4286 1930 4345">
    <p class='ocr_par' dir='ltr' id='par_1_85' title="bbox 1879 4286 1930 4345">
     <span class='ocr_line' id='line_1_85' title="bbox 1879 4286 1930 4345; baseline 0 0"><span class='ocrx_word' id='word_1_709' title='bbox 1879 4286 1930 4345; x_wconf 89' lang='lat' dir='ltr'><strong>D</strong></span> 
     </span>
    </p>
   </div>
   <div class='ocr_carea' id='block_1_86' title="bbox 256 4319 3544 4395">
    <p class='ocr_par' dir='ltr' id='par_1_86' title="bbox 256 4319 3544 4395">
     <span class='ocr_line' id='line_1_86' title="bbox 256 4319 3544 4395; baseline 0.001 -21"><span class='ocrx_word' id='word_1_710' title='bbox 256 4320 439 4374; x_wconf 82' lang='lat' dir='ltr'><strong>dicit:</strong></span> <span class='ocrx_word' id='word_1_711' title='bbox 470 4321 599 4375; x_wconf 78' lang='lat' dir='ltr'><strong>Ecce</strong></span> <span class='ocrx_word' id='word_1_712' title='bbox 627 4337 808 4388; x_wconf 77' lang='lat' dir='ltr'><strong>agnus</strong></span> <span class='ocrx_word' id='word_1_713' title='bbox 836 4323 952 4387; x_wconf 81' lang='lat' dir='ltr'><strong>Dei,</strong></span> <span class='ocrx_word' id='word_1_714' title='bbox 984 4336 1097 4376; x_wconf 77' lang='lat' dir='ltr'><strong>ecce</strong></span> <span class='ocrx_word' id='word_1_715' title='bbox 1126 4326 1226 4390; x_wconf 87' lang='lat' dir='ltr'><strong>qui</strong></span> <span class='ocrx_word' id='word_1_716' title='bbox 1254 4326 1395 4377; x_wconf 81' lang='lat' dir='ltr'><strong>tollit</strong></span> <span class='ocrx_word' id='word_1_717' title='bbox 1420 4329 1637 4392; x_wconf 81' lang='lat' dir='ltr'><strong>peccata</strong></span> <span class='ocrx_word' id='word_1_718' title='bbox 1668 4325 1867 4380; x_wconf 84' lang='lat' dir='ltr'><strong>mundi</strong></span> <span class='ocrx_word' id='word_1_719' title='bbox 1882 4319 2025 4379; x_wconf 81' lang='lat' dir='ltr'><strong>I’ita</strong></span> <span class='ocrx_word' id='word_1_720' title='bbox 2055 4324 2417 4395; x_wconf 88' lang='lat' dir='ltr'><strong>semetipsum</strong></span> <span class='ocrx_word' id='word_1_721' title='bbox 2445 4338 2558 4377; x_wconf 89' lang='lat' dir='ltr'><strong>non</strong></span> <span class='ocrx_word' id='word_1_722' title='bbox 2584 4320 2927 4385; x_wconf 80' lang='lat' dir='ltr'><strong>clariﬁcavit,</strong></span> <span class='ocrx_word' id='word_1_723' title='bbox 2958 4325 3023 4375; x_wconf 88' lang='lat' dir='ltr'><strong>ut</strong></span> <span class='ocrx_word' id='word_1_724' title='bbox 3053 4319 3544 4390; x_wconf 59' lang='lat' dir='ltr'><strong>pontiﬁcatushea</strong></span> 
     </span>
    </p>
   </div>
   <div class='ocr_carea' id='block_1_87' title="bbox 260 4410 1868 4482">
    <p class='ocr_par' dir='ltr' id='par_1_87' title="bbox 260 4410 1868 4482">
     <span class='ocr_line' id='line_1_87' title="bbox 260 4410 1868 4482; baseline 0.002 -19"><span class='ocrx_word' id='word_1_725' title='bbox 260 4411 457 4479; x_wconf 81' lang='lat' dir='ltr'><strong>(Joan.</strong></span> <span class='ocrx_word' id='word_1_726' title='bbox 503 4416 565 4475; x_wconf 74' lang='lat' dir='ltr'><strong>Il.</strong></span> <span class='ocrx_word' id='word_1_727' title='bbox 606 4410 844 4480; x_wconf 81' lang='lat' dir='ltr'><strong>Reliqua</strong></span> <span class='ocrx_word' id='word_1_728' title='bbox 877 4426 1001 4480; x_wconf 83' lang='lat' dir='ltr'><strong>quas</strong></span> <span class='ocrx_word' id='word_1_729' title='bbox 1033 4413 1151 4481; x_wconf 87' lang='lat' dir='ltr'><strong>jam</strong></span> <span class='ocrx_word' id='word_1_730' title='bbox 1200 4418 1535 4482; x_wconf 86' lang='lat' dir='ltr'><strong>sequuntur,</strong></span> <span class='ocrx_word' id='word_1_731' title='bbox 1574 4428 1687 4466; x_wconf 90' lang='lat' dir='ltr'><strong>non</strong></span> <span class='ocrx_word' id='word_1_732' title='bbox 1733 4419 1868 4467; x_wconf 88' lang='lat' dir='ltr'><strong>sunt</strong></span> 
     </span>
    </p>
   </div>
   <div class='ocr_carea' id='block_1_88' title="bbox 259 4497 1866 4583">
    <p class='ocr_par' dir='ltr' id='par_1_88' title="bbox 259 4497 1866 4583">
     <span class='ocr_line' id='line_1_88' title="bbox 259 4497 1866 4583; baseline 0.002 -32"><span class='ocrx_word' id='word_1_733' title='bbox 259 4498 612 4552; x_wconf 84' lang='lat' dir='ltr'><strong>communia.</strong></span> <span class='ocrx_word' id='word_1_734' title='bbox 635 4497 863 4555; x_wconf 83' lang='lat' dir='ltr'><strong>Etenim</strong></span> <span class='ocrx_word' id='word_1_735' title='bbox 892 4500 1040 4583; x_wconf 69' lang='lat' dir='ltr'><strong>qupd</strong></span> <span class='ocrx_word' id='word_1_736' title='bbox 1061 4500 1217 4562; x_wconf 88' lang='lat' dir='ltr'><strong>dicit,</strong></span> <span class='ocrx_word' id='word_1_737' title='bbox 1240 4500 1337 4571; x_wconf 89' lang='lat' dir='ltr'><strong>qui</strong></span> <span class='ocrx_word' id='word_1_738' title='bbox 1366 4501 1542 4571; x_wconf 89' lang='lat' dir='ltr'><strong>possit</strong></span> <span class='ocrx_word' id='word_1_739' title='bbox 1570 4501 1866 4557; x_wconf 89' lang='lat' dir='ltr'><strong>condolere</strong></span> 
     </span>
    </p>
   </div>
   <div class='ocr_carea' id='block_1_89' title="bbox 259 4587 1869 4660">
    <p class='ocr_par' dir='ltr' id='par_1_89' title="bbox 259 4587 1869 4660">
     <span class='ocr_line' id='line_1_89' title="bbox 259 4587 1869 4660; baseline 0.002 -20"><span class='ocrx_word' id='word_1_740' title='bbox 259 4587 353 4641; x_wconf 88' lang='lat' dir='ltr'><strong>his</strong></span> <span class='ocrx_word' id='word_1_741' title='bbox 400 4587 499 4656; x_wconf 87' lang='lat' dir='ltr'><strong>qui</strong></span> <span class='ocrx_word' id='word_1_742' title='bbox 549 4587 813 4657; x_wconf 82' lang='lat' dir='ltr'><strong>ignorant</strong></span> <span class='ocrx_word' id='word_1_743' title='bbox 840 4593 898 4641; x_wconf 90' lang='lat' dir='ltr'><strong>et</strong></span> <span class='ocrx_word' id='word_1_744' title='bbox 926 4595 1136 4656; x_wconf 87' lang='lat' dir='ltr'><strong>errant,</strong></span> <span class='ocrx_word' id='word_1_745' title='bbox 1172 4590 1277 4643; x_wconf 89' lang='lat' dir='ltr'><strong>hoc</strong></span> <span class='ocrx_word' id='word_1_746' title='bbox 1305 4594 1393 4644; x_wconf 85' lang='lat' dir='ltr'><strong>est</strong></span> <span class='ocrx_word' id='word_1_747' title='bbox 1415 4590 1511 4660; x_wconf 90' lang='lat' dir='ltr'><strong>qui</strong></span> <span class='ocrx_word' id='word_1_748' title='bbox 1541 4590 1869 4659; x_wconf 84' lang='lat' dir='ltr'><strong>ignoranter</strong></span> 
     </span>
    </p>
   </div>
   <div class='ocr_carea' id='block_1_90' title="bbox 259 4678 1866 4748">
    <p class='ocr_par' dir='ltr' id='par_1_90' title="bbox 259 4678 1866 4748">
     <span class='ocr_line' id='line_1_90' title="bbox 259 4678 1866 4748; baseline 0.003 -20"><span class='ocrx_word' id='word_1_749' title='bbox 259 4682 504 4746; x_wconf 82' lang='lat' dir='ltr'><strong>peccant</strong></span> <span class='ocrx_word' id='word_1_750' title='bbox 527 4682 585 4729; x_wconf 89' lang='lat' dir='ltr'><strong>et</strong></span> <span class='ocrx_word' id='word_1_751' title='bbox 608 4682 802 4730; x_wconf 88' lang='lat' dir='ltr'><strong>errant</strong></span> <span class='ocrx_word' id='word_1_752' title='bbox 821 4695 834 4731; x_wconf 87' lang='lat'><strong>:</strong></span> <span class='ocrx_word' id='word_1_753' title='bbox 865 4678 1130 4748; x_wconf 85' lang='lat' dir='ltr'><strong>quoniam</strong></span> <span class='ocrx_word' id='word_1_754' title='bbox 1155 4683 1213 4731; x_wconf 88' lang='lat' dir='ltr'><strong>et</strong></span> <span class='ocrx_word' id='word_1_755' title='bbox 1239 4678 1360 4748; x_wconf 88' lang='lat' dir='ltr'><strong>ipse</strong></span> <span class='ocrx_word' id='word_1_756' title='bbox 1378 4678 1760 4733; x_wconf 86' lang='lat' dir='ltr'><strong>circumdatus</strong></span> <span class='ocrx_word' id='word_1_757' title='bbox 1779 4683 1866 4733; x_wconf 87' lang='lat' dir='ltr'><strong>est</strong></span> 
     </span>
    </p>
   </div>
   <div class='ocr_carea' id='block_1_91' title="bbox 259 4764 1866 4837">
    <p class='ocr_par' dir='ltr' id='par_1_91' title="bbox 259 4764 1866 4837">
     <span class='ocr_line' id='line_1_91' title="bbox 259 4764 1866 4837; baseline 0.001 -18"><span class='ocrx_word' id='word_1_758' title='bbox 259 4764 599 4832; x_wconf 77' lang='lat' dir='ltr'><strong>inﬁrmitate</strong></span> <span class='ocrx_word' id='word_1_759' title='bbox 628 4765 832 4829; x_wconf 86' lang='lat' dir='ltr'><strong>carnis,</strong></span> <span class='ocrx_word' id='word_1_760' title='bbox 864 4766 924 4819; x_wconf 93' lang='lat' dir='ltr'><strong>in</strong></span> <span class='ocrx_word' id='word_1_761' title='bbox 950 4781 1061 4836; x_wconf 90' lang='lat' dir='ltr'><strong>qua</strong></span> <span class='ocrx_word' id='word_1_762' title='bbox 1090 4766 1297 4821; x_wconf 86' lang='lat' dir='ltr'><strong>tentari</strong></span> <span class='ocrx_word' id='word_1_763' title='bbox 1324 4767 1509 4835; x_wconf 85' lang='lat' dir='ltr'><strong>potuit</strong></span> <span class='ocrx_word' id='word_1_764' title='bbox 1535 4783 1636 4837; x_wconf 84' lang='lat' dir='ltr'><strong>per</strong></span> <span class='ocrx_word' id='word_1_765' title='bbox 1676 4766 1866 4820; x_wconf 87' lang='lat' dir='ltr'><strong>omnia</strong></span> 
     </span>
    </p>
   </div>
   <div class='ocr_carea' id='block_1_92' title="bbox 260 4853 1865 4926">
    <p class='ocr_par' dir='ltr' id='par_1_92' title="bbox 260 4853 1865 4926">
     <span class='ocr_line' id='line_1_92' title="bbox 260 4853 1865 4926; baseline 0.002 -20"><span class='ocrx_word' id='word_1_766' title='bbox 260 4870 365 4924; x_wconf 88' lang='lat' dir='ltr'><strong>pro</strong></span> <span class='ocrx_word' id='word_1_767' title='bbox 397 4853 772 4907; x_wconf 87' lang='lat' dir='ltr'><strong>similitudine</strong></span> <span class='ocrx_word' id='word_1_768' title='bbox 796 4855 980 4915; x_wconf 81' lang='lat' dir='ltr'><strong>carnis</strong></span> <span class='ocrx_word' id='word_1_769' title='bbox 1007 4854 1221 4925; x_wconf 82' lang='lat' dir='ltr'><strong>peccati</strong></span> <span class='ocrx_word' id='word_1_770' title='bbox 1247 4855 1461 4925; x_wconf 87' lang='lat' dir='ltr'><strong>absque</strong></span> <span class='ocrx_word' id='word_1_771' title='bbox 1488 4862 1736 4926; x_wconf 86' lang='lat' dir='ltr'><strong>peccato.</strong></span> <span class='ocrx_word' id='word_1_772' title='bbox 1762 4855 1865 4909; x_wconf 88' lang='lat' dir='ltr'><strong>Hic</strong></span> 
     </span>
    </p>
   </div>
   <div class='ocr_carea' id='block_1_93' title="bbox 254 4942 1866 5014">
    <p class='ocr_par' dir='ltr' id='par_1_93' title="bbox 254 4942 1866 5014">
     <span class='ocr_line' id='line_1_93' title="bbox 254 4942 1866 5014; baseline 0.001 -17"><span class='ocrx_word' id='word_1_773' title='bbox 254 4944 379 5012; x_wconf 83' lang='lat' dir='ltr'><strong>jam</strong></span> <span class='ocrx_word' id='word_1_774' title='bbox 414 4942 753 4996; x_wconf 82' lang='lat' dir='ltr'><strong>excellentia</strong></span> <span class='ocrx_word' id='word_1_775' title='bbox 772 4949 860 4996; x_wconf 89' lang='lat' dir='ltr'><strong>est</strong></span> <span class='ocrx_word' id='word_1_776' title='bbox 897 4944 1186 5014; x_wconf 88' lang='lat' dir='ltr'><strong>pertinens</strong></span> <span class='ocrx_word' id='word_1_777' title='bbox 1213 4944 1285 4997; x_wconf 88' lang='lat' dir='ltr'><strong>ad</strong></span> <span class='ocrx_word' id='word_1_778' title='bbox 1316 4944 1622 5007; x_wconf 85' lang='lat' dir='ltr'><strong>Christum,</strong></span> <span class='ocrx_word' id='word_1_779' title='bbox 1655 4943 1726 5013; x_wconf 79' lang='lat' dir='ltr'><strong>de</strong></span> <span class='ocrx_word' id='word_1_780' title='bbox 1754 4959 1866 5013; x_wconf 86' lang='lat' dir='ltr'><strong>qua</strong></span> 
     </span>
    </p>
   </div>
   <div class='ocr_carea' id='block_1_94' title="bbox 262 5030 1863 5102">
    <p class='ocr_par' dir='ltr' id='par_1_94' title="bbox 262 5030 1863 5102">
     <span class='ocr_line' id='line_1_94' title="bbox 262 5030 1863 5102; baseline 0.001 -18"><span class='ocrx_word' id='word_1_781' title='bbox 262 5030 436 5101; x_wconf 87' lang='lat' dir='ltr'><strong>paulo</strong></span> <span class='ocrx_word' id='word_1_782' title='bbox 462 5031 723 5101; x_wconf 87' lang='lat' dir='ltr'><strong>superius</strong></span> <span class='ocrx_word' id='word_1_783' title='bbox 749 5031 970 5102; x_wconf 88' lang='lat' dir='ltr'><strong>plenius</strong></span> <span class='ocrx_word' id='word_1_784' title='bbox 1004 5033 1395 5087; x_wconf 84' lang='lat' dir='ltr'><strong>disseruimus.</strong></span> <span class='ocrx_word' id='word_1_785' title='bbox 1428 5034 1536 5086; x_wconf 89' lang='lat' dir='ltr'><strong>Per</strong></span> <span class='ocrx_word' id='word_1_786' title='bbox 1571 5033 1676 5086; x_wconf 90' lang='lat' dir='ltr'><strong>hoc</strong></span> <span class='ocrx_word' id='word_1_787' title='bbox 1712 5032 1863 5086; x_wconf 88' lang='lat' dir='ltr'><strong>enim</strong></span> 
     </span>
    </p>
   </div>
   <div class='ocr_carea' id='block_1_95' title="bbox 261 5119 1867 5192">
    <p class='ocr_par' dir='ltr' id='par_1_95' title="bbox 261 5119 1867 5192">
     <span class='ocr_line' id='line_1_95' title="bbox 261 5119 1867 5192; baseline 0.001 -19"><span class='ocrx_word' id='word_1_788' title='bbox 261 5120 415 5188; x_wconf 87' lang='lat' dir='ltr'><strong>quod</strong></span> <span class='ocrx_word' id='word_1_789' title='bbox 444 5119 656 5174; x_wconf 86' lang='lat' dir='ltr'><strong>similia</strong></span> <span class='ocrx_word' id='word_1_790' title='bbox 677 5137 876 5191; x_wconf 83' lang='lat' dir='ltr'><strong>passus</strong></span> <span class='ocrx_word' id='word_1_791' title='bbox 904 5126 1012 5188; x_wconf 87' lang='lat' dir='ltr'><strong>est,</strong></span> <span class='ocrx_word' id='word_1_792' title='bbox 1033 5127 1231 5192; x_wconf 88' lang='lat' dir='ltr'><strong>potens</strong></span> <span class='ocrx_word' id='word_1_793' title='bbox 1260 5126 1347 5183; x_wconf 79' lang='lat' dir='ltr'><strong>est</strong></span> <span class='ocrx_word' id='word_1_794' title='bbox 1371 5120 1647 5191; x_wconf 87' lang='lat' dir='ltr'><strong>compati;</strong></span> <span class='ocrx_word' id='word_1_795' title='bbox 1681 5126 1739 5173; x_wconf 87' lang='lat' dir='ltr'><strong>et</strong></span> <span class='ocrx_word' id='word_1_796' title='bbox 1767 5136 1867 5189; x_wconf 86' lang='lat' dir='ltr'><strong>per</strong></span> 
     </span>
    </p>
   </div>
   <div class='ocr_carea' id='block_1_96' title="bbox 262 5208 1869 5288">
    <p class='ocr_par' dir='ltr' id='par_1_96' title="bbox 262 5208 1869 5288">
     <span class='ocr_line' id='line_1_96' title="bbox 262 5208 1869 5288; baseline 0.001 -27"><span class='ocrx_word' id='word_1_797' title='bbox 262 5209 371 5261; x_wconf 90' lang='lat' dir='ltr'><strong>hoc</strong></span> <span class='ocrx_word' id='word_1_798' title='bbox 396 5208 546 5277; x_wconf 89' lang='lat' dir='ltr'><strong>quod</strong></span> <span class='ocrx_word' id='word_1_799' title='bbox 572 5209 723 5262; x_wconf 88' lang='lat' dir='ltr'><strong>Deus</strong></span> <span class='ocrx_word' id='word_1_800' title='bbox 742 5214 846 5272; x_wconf 84' lang='lat' dir='ltr'><strong>est,</strong></span> <span class='ocrx_word' id='word_1_801' title='bbox 869 5210 927 5263; x_wconf 88' lang='lat' dir='ltr'><strong>in</strong></span> <span class='ocrx_word' id='word_1_802' title='bbox 958 5214 1198 5280; x_wconf 88' lang='lat' dir='ltr'><strong>utraque</strong></span> <span class='ocrx_word' id='word_1_803' title='bbox 1224 5209 1539 5263; x_wconf 86' lang='lat' dir='ltr'><strong>substantia</strong></span> <span class='ocrx_word' id='word_1_804' title='bbox 1562 5213 1763 5279; x_wconf 87' lang='lat' dir='ltr'><strong>potens</strong></span> <span class='ocrx_word' id='word_1_805' title='bbox 1780 5213 1869 5288; x_wconf 81' lang='lat' dir='ltr'><strong>est</strong></span> 
     </span>
    </p>
   </div>
   <div class='ocr_carea' id='block_1_97' title="bbox 263 5297 1864 5369">
    <p class='ocr_par' dir='ltr' id='par_1_97' title="bbox 263 5297 1864 5369">
     <span class='ocr_line' id='line_1_97' title="bbox 263 5297 1864 5369; baseline 0.002 -20"><span class='ocrx_word' id='word_1_806' title='bbox 263 5297 546 5350; x_wconf 89' lang='lat' dir='ltr'><strong>misereri.</strong></span> <span class='ocrx_word' id='word_1_807' title='bbox 588 5297 747 5360; x_wconf 89' lang='lat' dir='ltr'><strong>Quod</strong></span> <span class='ocrx_word' id='word_1_808' title='bbox 786 5314 915 5351; x_wconf 84' lang='lat' dir='ltr'><strong>vero</strong></span> <span class='ocrx_word' id='word_1_809' title='bbox 953 5298 1227 5368; x_wconf 84' lang='lat' dir='ltr'><strong>adjunxit,</strong></span> <span class='ocrx_word' id='word_1_810' title='bbox 1269 5304 1326 5351; x_wconf 90' lang='lat' dir='ltr'><strong>et</strong></span> <span class='ocrx_word' id='word_1_811' title='bbox 1363 5302 1660 5369; x_wconf 85' lang='lat' dir='ltr'><strong>propterea</strong></span> <span class='ocrx_word' id='word_1_812' title='bbox 1698 5297 1864 5352; x_wconf 82' lang='lat' dir='ltr'><strong>debet</strong></span> 
     </span>
    </p>
   </div>
   <div class='ocr_carea' id='block_1_98' title="bbox 261 5384 1865 5457">
    <p class='ocr_par' dir='ltr' id='par_1_98' title="bbox 261 5384 1865 5457">
     <span class='ocr_line' id='line_1_98' title="bbox 261 5384 1865 5457; baseline 0 -18"><span class='ocrx_word' id='word_1_813' title='bbox 261 5384 741 5455; x_wconf 84' lang='lat' dir='ltr'><strong>quemadmodum</strong></span> <span class='ocrx_word' id='word_1_814' title='bbox 773 5391 831 5440; x_wconf 90' lang='lat' dir='ltr'><strong>et</strong></span> <span class='ocrx_word' id='word_1_815' title='bbox 857 5403 958 5457; x_wconf 88' lang='lat' dir='ltr'><strong>pro</strong></span> <span class='ocrx_word' id='word_1_816' title='bbox 983 5387 1207 5457; x_wconf 87' lang='lat' dir='ltr'><strong>populo,</strong></span> <span class='ocrx_word' id='word_1_817' title='bbox 1227 5386 1309 5439; x_wconf 83' lang='lat' dir='ltr'><strong>ita</strong></span> <span class='ocrx_word' id='word_1_818' title='bbox 1336 5385 1508 5440; x_wconf 87' lang='lat' dir='ltr'><strong>etiam</strong></span> <span class='ocrx_word' id='word_1_819' title='bbox 1533 5402 1634 5456; x_wconf 89' lang='lat' dir='ltr'><strong>pro</strong></span> <span class='ocrx_word' id='word_1_820' title='bbox 1663 5392 1865 5441; x_wconf 85' lang='lat' dir='ltr'><strong>semet-</strong></span> 
     </span>
    </p>
   </div>
   <div class='ocr_carea' id='block_1_99' title="bbox 260 5472 1863 5546">
    <p class='ocr_par' dir='ltr' id='par_1_99' title="bbox 260 5472 1863 5546">
     <span class='ocr_line' id='line_1_99' title="bbox 260 5472 1863 5546; baseline 0.004 -21"><span class='ocrx_word' id='word_1_821' title='bbox 260 5472 391 5544; x_wconf 86' lang='lat' dir='ltr'><strong>ipso</strong></span> <span class='ocrx_word' id='word_1_822' title='bbox 416 5472 621 5527; x_wconf 72' lang='lat' dir='ltr'><strong>offerre</strong></span> <span class='ocrx_word' id='word_1_823' title='bbox 648 5490 748 5545; x_wconf 88' lang='lat' dir='ltr'><strong>pro</strong></span> <span class='ocrx_word' id='word_1_824' title='bbox 774 5475 1037 5546; x_wconf 79' lang='lat' dir='ltr'><strong>peccatis,</strong></span> <span class='ocrx_word' id='word_1_825' title='bbox 1064 5477 1168 5530; x_wconf 86' lang='lat' dir='ltr'><strong>hoc</strong></span> <span class='ocrx_word' id='word_1_826' title='bbox 1192 5476 1263 5529; x_wconf 88' lang='lat' dir='ltr'><strong>ad</strong></span> <span class='ocrx_word' id='word_1_827' title='bbox 1294 5474 1613 5529; x_wconf 78' lang='lat' dir='ltr'><strong>sacerdotes</strong></span> <span class='ocrx_word' id='word_1_828' title='bbox 1629 5475 1863 5545; x_wconf 59' lang='lat' dir='ltr'><strong>legalem</strong></span> 
     </span>
    </p>
   </div>
   <div class='ocr_carea' id='block_1_100' title="bbox 1946 4408 3542 4481">
    <p class='ocr_par' dir='ltr' id='par_1_100' title="bbox 1946 4408 3542 4481">
     <span class='ocr_line' id='line_1_100' title="bbox 1946 4408 3542 4481; baseline -0.003 -14"><span class='ocrx_word' id='word_1_829' title='bbox 1946 4428 2142 4479; x_wconf 82' lang='lat' dir='ltr'><strong>norem</strong></span> <span class='ocrx_word' id='word_1_830' title='bbox 2172 4428 2206 4465; x_wconf 88' lang='lat' dir='ltr'><strong>a</strong></span> <span class='ocrx_word' id='word_1_831' title='bbox 2233 4411 2418 4481; x_wconf 85' lang='lat' dir='ltr'><strong>seipse</strong></span> <span class='ocrx_word' id='word_1_832' title='bbox 2442 4409 2694 4472; x_wconf 86' lang='lat' dir='ltr'><strong>haberet,</strong></span> <span class='ocrx_word' id='word_1_833' title='bbox 2717 4408 2816 4465; x_wconf 89' lang='lat' dir='ltr'><strong>sed</strong></span> <span class='ocrx_word' id='word_1_834' title='bbox 2836 4423 2871 4462; x_wconf 88' lang='lat' dir='ltr'><strong>a</strong></span> <span class='ocrx_word' id='word_1_835' title='bbox 2891 4408 3063 4473; x_wconf 79' lang='lat' dir='ltr'><strong>Patre</strong></span> <span class='ocrx_word' id='word_1_836' title='bbox 3079 4408 3420 4465; x_wconf 78' lang='lat' dir='ltr'><strong>clariﬁcatus</strong></span> <span class='ocrx_word' id='word_1_837' title='bbox 3436 4414 3542 4475; x_wconf 82' lang='lat' dir='ltr'><strong>est,</strong></span> 
     </span>
    </p>
   </div>
   <div class='ocr_carea' id='block_1_101' title="bbox 1948 4496 3548 4571">
    <p class='ocr_par' dir='ltr' id='par_1_101' title="bbox 1948 4496 3548 4571">
     <span class='ocr_line' id='line_1_101' title="bbox 1948 4496 3548 4571; baseline -0.001 -16"><span class='ocrx_word' id='word_1_838' title='bbox 1948 4501 2046 4571; x_wconf 88' lang='lat' dir='ltr'><strong>qui</strong></span> <span class='ocrx_word' id='word_1_839' title='bbox 2075 4501 2295 4567; x_wconf 78' lang='lat' dir='ltr'><strong>locutus</strong></span> <span class='ocrx_word' id='word_1_840' title='bbox 2315 4504 2405 4553; x_wconf 84' lang='lat' dir='ltr'><strong>est</strong></span> <span class='ocrx_word' id='word_1_841' title='bbox 2429 4499 2500 4554; x_wconf 88' lang='lat' dir='ltr'><strong>ad</strong></span> <span class='ocrx_word' id='word_1_842' title='bbox 2519 4515 2648 4564; x_wconf 80' lang='lat' dir='ltr'><strong>eum</strong></span> <span class='ocrx_word' id='word_1_843' title='bbox 2671 4498 2764 4553; x_wconf 87' lang='lat' dir='ltr'><strong>die</strong></span> <span class='ocrx_word' id='word_1_844' title='bbox 2782 4496 3163 4568; x_wconf 78' lang='lat' dir='ltr'><strong>baptismatis,</strong></span> <span class='ocrx_word' id='word_1_845' title='bbox 3183 4497 3378 4554; x_wconf 73' lang='lat' dir='ltr'><strong>dicens</strong></span> <span class='ocrx_word' id='word_1_846' title='bbox 3398 4516 3412 4551; x_wconf 89' lang='lat'><strong>:</strong></span> <span class='ocrx_word' id='word_1_847' title='bbox 3438 4498 3548 4553; x_wconf 65' lang='grc' dir='ltr'><em>Ηὺ</em></span> 
     </span>
    </p>
   </div>
   <div class='ocr_carea' id='block_1_102' title="bbox 1948 4587 3548 4654">
    <p class='ocr_par' dir='ltr' id='par_1_102' title="bbox 1948 4587 3548 4654">
     <span class='ocr_line' id='line_1_102' title="bbox 1948 4587 3548 4654; baseline -0.002 -10"><span class='ocrx_word' id='word_1_848' title='bbox 1948 4595 2025 4645; x_wconf 75' lang='lat' dir='ltr'><strong>est</strong></span> <span class='ocrx_word' id='word_1_849' title='bbox 2062 4591 2237 4653; x_wconf 75' lang='lat' dir='ltr'><strong>Filius</strong></span> <span class='ocrx_word' id='word_1_850' title='bbox 2288 4603 2442 4645; x_wconf 76' lang='lat' dir='ltr'><strong>meus</strong></span> <span class='ocrx_word' id='word_1_851' title='bbox 2491 4589 2741 4651; x_wconf 70' lang='lat' dir='ltr'><strong>dilectus,</strong></span> <span class='ocrx_word' id='word_1_852' title='bbox 2785 4590 2849 4640; x_wconf 80' lang='lat' dir='ltr'><strong>in</strong></span> <span class='ocrx_word' id='word_1_853' title='bbox 2886 4601 2993 4652; x_wconf 87' lang='lat' dir='ltr'><strong>quo</strong></span> <span class='ocrx_word' id='word_1_854' title='bbox 3039 4587 3187 4649; x_wconf 69' lang='lat' dir='ltr'><strong>mihi</strong></span> <span class='ocrx_word' id='word_1_855' title='bbox 3235 4588 3548 4654; x_wconf 78' lang='lat' dir='ltr'><strong>oomploeui</strong></span> 
     </span>
    </p>
   </div>
   <div class='ocr_carea' id='block_1_103' title="bbox 1949 4672 3547 4745">
    <p class='ocr_par' dir='ltr' id='par_1_103' title="bbox 1949 4672 3547 4745">
     <span class='ocr_line' id='line_1_103' title="bbox 1949 4672 3547 4745; baseline -0.003 -13"><span class='ocrx_word' id='word_1_856' title='bbox 1949 4678 2159 4745; x_wconf 71' lang='lat' dir='ltr'><strong>(Matth.</strong></span> <span class='ocrx_word' id='word_1_857' title='bbox 2194 4678 2298 4744; x_wconf 80' lang='lat' dir='ltr'><strong>Ill).</strong></span> <span class='ocrx_word' id='word_1_858' title='bbox 2332 4676 2468 4739; x_wconf 66' lang='lat' dir='ltr'><strong>Quae</strong></span> <span class='ocrx_word' id='word_1_859' title='bbox 2497 4673 2823 4730; x_wconf 85' lang='lat' dir='ltr'><strong>clariﬁcatio</strong></span> <span class='ocrx_word' id='word_1_860' title='bbox 2847 4673 2965 4729; x_wconf 68' lang='lat' dir='ltr'><strong>sive</strong></span> <span class='ocrx_word' id='word_1_861' title='bbox 3004 4672 3337 4743; x_wconf 71' lang='lat' dir='ltr'><strong>glonilieatio</strong></span> <span class='ocrx_word' id='word_1_862' title='bbox 3365 4673 3547 4741; x_wconf 81' lang='lat' dir='ltr'><strong>multp</strong></span> 
     </span>
    </p>
   </div>
   <div class='ocr_carea' id='block_1_104' title="bbox 1946 4760 3545 4835">
    <p class='ocr_par' dir='ltr' id='par_1_104' title="bbox 1946 4760 3545 4835">
     <span class='ocr_line' id='line_1_104' title="bbox 1946 4760 3545 4835; baseline -0.001 -15"><span class='ocrx_word' id='word_1_863' title='bbox 1946 4771 2077 4821; x_wconf 87' lang='lat' dir='ltr'><strong>ante</strong></span> <span class='ocrx_word' id='word_1_864' title='bbox 2096 4782 2198 4835; x_wconf 89' lang='lat' dir='ltr'><strong>per</strong></span> <span class='ocrx_word' id='word_1_865' title='bbox 2224 4764 2579 4835; x_wconf 78' lang='lat' dir='ltr'><strong>prophetam,</strong></span> <span class='ocrx_word' id='word_1_866' title='bbox 2600 4761 2814 4833; x_wconf 83' lang='lat' dir='ltr'><strong>Spiritu</strong></span> <span class='ocrx_word' id='word_1_867' title='bbox 2834 4764 3027 4817; x_wconf 85' lang='lat' dir='ltr'><strong>sancto</strong></span> <span class='ocrx_word' id='word_1_868' title='bbox 3044 4760 3379 4831; x_wconf 76' lang='lat' dir='ltr'><strong>inspirante,</strong></span> <span class='ocrx_word' id='word_1_869' title='bbox 3403 4777 3545 4832; x_wconf 65' lang='lat' dir='ltr'><strong>pm</strong></span> 
     </span>
    </p>
   </div>
   <div class='ocr_carea' id='block_1_105' title="bbox 1947 4845 3547 4921">
    <p class='ocr_par' dir='ltr' id='par_1_105' title="bbox 1947 4845 3547 4921">
     <span class='ocr_line' id='line_1_105' title="bbox 1947 4845 3547 4921; baseline -0.003 -13"><span class='ocrx_word' id='word_1_870' title='bbox 1947 4853 2097 4908; x_wconf 88' lang='lat' dir='ltr'><strong>dicta</strong></span> <span class='ocrx_word' id='word_1_871' title='bbox 2116 4858 2224 4920; x_wconf 85' lang='lat' dir='ltr'><strong>est,</strong></span> <span class='ocrx_word' id='word_1_872' title='bbox 2257 4852 2574 4921; x_wconf 86' lang='lat' dir='ltr'><strong>loquentem</strong></span> <span class='ocrx_word' id='word_1_873' title='bbox 2604 4849 2662 4906; x_wconf 83' lang='lat' dir='ltr'><strong>in</strong></span> <span class='ocrx_word' id='word_1_874' title='bbox 2691 4862 2932 4916; x_wconf 83' lang='lat' dir='ltr'><strong>persona</strong></span> <span class='ocrx_word' id='word_1_875' title='bbox 2957 4845 3086 4903; x_wconf 83' lang='lat' dir='ltr'><strong>Filii</strong></span> <span class='ocrx_word' id='word_1_876' title='bbox 3122 4846 3246 4913; x_wconf 84' lang='lat' dir='ltr'><strong>Dei,</strong></span> <span class='ocrx_word' id='word_1_877' title='bbox 3265 4852 3327 4904; x_wconf 88' lang='lat' dir='ltr'><strong>et</strong></span> <span class='ocrx_word' id='word_1_878' title='bbox 3349 4847 3547 4914; x_wconf 56' lang='lat' dir='ltr'><strong>dicen,</strong></span> 
     </span>
    </p>
   </div>
   <div class='ocr_carea' id='block_1_106' title="bbox 1945 4936 3548 5007">
    <p class='ocr_par' dir='ltr' id='par_1_106' title="bbox 1945 4936 3548 5007">
     <span class='ocr_line' id='line_1_106' title="bbox 1945 4936 3548 5007; baseline -0.004 -9"><span class='ocrx_word' id='word_1_879' title='bbox 1945 4948 2060 4998; x_wconf 83' lang='lat' dir='ltr'><strong>tem</strong></span> <span class='ocrx_word' id='word_1_880' title='bbox 2088 4959 2100 4994; x_wconf 88' lang='lat'><strong>:</strong></span> <span class='ocrx_word' id='word_1_881' title='bbox 2132 4942 2399 4999; x_wconf 75' lang='lat' dir='ltr'><strong>Dominus</strong></span> <span class='ocrx_word' id='word_1_882' title='bbox 2428 4941 2571 4995; x_wconf 62' lang='lat' dir='ltr'><strong>dicit</strong></span> <span class='ocrx_word' id='word_1_883' title='bbox 2599 4938 2672 4994; x_wconf 85' lang='lat' dir='ltr'><strong>ad</strong></span> <span class='ocrx_word' id='word_1_884' title='bbox 2701 4952 2806 4999; x_wconf 82' lang='lat' dir='ltr'><strong>me,</strong></span> <span class='ocrx_word' id='word_1_885' title='bbox 2850 4936 3029 4992; x_wconf 74' lang='lat' dir='ltr'><strong>Filius</strong></span> <span class='ocrx_word' id='word_1_886' title='bbox 3065 4951 3220 4991; x_wconf 77' lang='lat' dir='ltr'><strong>meus</strong></span> <span class='ocrx_word' id='word_1_887' title='bbox 3248 4952 3304 4991; x_wconf 85' lang='lat' dir='ltr'><strong>es</strong></span> <span class='ocrx_word' id='word_1_888' title='bbox 3332 4941 3413 5007; x_wconf 76' lang='lat' dir='ltr'><strong>tu,</strong></span> <span class='ocrx_word' id='word_1_889' title='bbox 3453 4953 3548 5006; x_wconf 70' lang='lat' dir='ltr'><strong>ego</strong></span> 
     </span>
    </p>
   </div>
   <div class='ocr_carea' id='block_1_107' title="bbox 1945 5024 3550 5096">
    <p class='ocr_par' dir='ltr' id='par_1_107' title="bbox 1945 5024 3550 5096">
     <span class='ocr_line' id='line_1_107' title="bbox 1945 5024 3550 5096; baseline -0.001 -13"><span class='ocrx_word' id='word_1_890' title='bbox 1945 5029 2102 5084; x_wconf 81' lang='lat' dir='ltr'><strong>hodie</strong></span> <span class='ocrx_word' id='word_1_891' title='bbox 2129 5030 2298 5096; x_wconf 81' lang='lat' dir='ltr'><strong>genui</strong></span> <span class='ocrx_word' id='word_1_892' title='bbox 2342 5032 2389 5080; x_wconf 75' lang='lat' dir='ltr'><strong>te</strong></span> <span class='ocrx_word' id='word_1_893' title='bbox 2425 5026 2598 5095; x_wconf 75' lang='lat' dir='ltr'><strong>{PsaL</strong></span> <span class='ocrx_word' id='word_1_894' title='bbox 2630 5025 2711 5089; x_wconf 75' lang='lat' dir='ltr'><strong>ul.</strong></span> <span class='ocrx_word' id='word_1_895' title='bbox 2744 5024 2816 5080; x_wconf 83' lang='lat' dir='ltr'><strong>Et</strong></span> <span class='ocrx_word' id='word_1_896' title='bbox 2853 5024 2987 5094; x_wconf 73' lang='lat' dir='ltr'><strong>quia</strong></span> <span class='ocrx_word' id='word_1_897' title='bbox 3027 5024 3400 5096; x_wconf 82' lang='lat' dir='ltr'><strong>omnipotenti</strong></span> <span class='ocrx_word' id='word_1_898' title='bbox 3426 5026 3550 5095; x_wconf 72' lang='lat' dir='ltr'><strong>Dbn</strong></span> 
     </span>
    </p>
   </div>
   <div class='ocr_carea' id='block_1_108' title="bbox 1947 5112 3550 5191">
    <p class='ocr_par' dir='ltr' id='par_1_108' title="bbox 1947 5112 3550 5191">
     <span class='ocr_line' id='line_1_108' title="bbox 1947 5112 3550 5191; baseline 0.001 -20"><span class='ocrx_word' id='word_1_899' title='bbox 1947 5116 2138 5191; x_wconf 79' lang='lat' dir='ltr'><strong>omnia</strong></span> <span class='ocrx_word' id='word_1_900' title='bbox 2182 5116 2395 5179; x_wconf 78' lang='lat' dir='ltr'><strong>futura,</strong></span> <span class='ocrx_word' id='word_1_901' title='bbox 2424 5112 2583 5184; x_wconf 81' lang='lat' dir='ltr'><strong>quasi</strong></span> <span class='ocrx_word' id='word_1_902' title='bbox 2622 5113 2741 5182; x_wconf 78' lang='lat' dir='ltr'><strong>jam</strong></span> <span class='ocrx_word' id='word_1_903' title='bbox 2793 5113 3080 5183; x_wconf 77' lang='lat' dir='ltr'><strong>praeterita</strong></span> <span class='ocrx_word' id='word_1_904' title='bbox 3119 5119 3219 5171; x_wconf 85' lang='lat' dir='ltr'><strong>aut</strong></span> <span class='ocrx_word' id='word_1_905' title='bbox 3249 5115 3550 5186; x_wconf 68' lang='lat' dir='ltr'><strong>praestitis</strong></span> 
     </span>
    </p>
   </div>
   <div class='ocr_carea' id='block_1_109' title="bbox 1946 5200 3548 5277">
    <p class='ocr_par' dir='ltr' id='par_1_109' title="bbox 1946 5200 3548 5277">
     <span class='ocr_line' id='line_1_109' title="bbox 1946 5200 3548 5277; baseline -0.002 -14"><span class='ocrx_word' id='word_1_906' title='bbox 1946 5210 2099 5269; x_wconf 86' lang='lat' dir='ltr'><strong>sunt,</strong></span> <span class='ocrx_word' id='word_1_907' title='bbox 2131 5204 2279 5275; x_wconf 88' lang='lat' dir='ltr'><strong>quod</strong></span> <span class='ocrx_word' id='word_1_908' title='bbox 2316 5203 2368 5261; x_wconf 83' lang='lat' dir='ltr'><strong>ei</strong></span> <span class='ocrx_word' id='word_1_909' title='bbox 2406 5208 2533 5277; x_wconf 70' lang='lat' dir='ltr'><strong>post</strong></span> <span class='ocrx_word' id='word_1_910' title='bbox 2560 5200 2901 5272; x_wconf 77' lang='lat' dir='ltr'><strong>baptismum</strong></span> <span class='ocrx_word' id='word_1_911' title='bbox 2940 5202 3216 5275; x_wconf 83' lang='lat' dir='ltr'><strong>dicturus,</strong></span> <span class='ocrx_word' id='word_1_912' title='bbox 3243 5207 3404 5275; x_wconf 76' lang='lat' dir='ltr'><strong>quasi</strong></span> <span class='ocrx_word' id='word_1_913' title='bbox 3425 5206 3548 5276; x_wconf 76' lang='lat' dir='ltr'><strong>iam</strong></span> 
     </span>
    </p>
   </div>
   <div class='ocr_carea' id='block_1_110' title="bbox 1947 5290 3549 5363">
    <p class='ocr_par' dir='ltr' id='par_1_110' title="bbox 1947 5290 3549 5363">
     <span class='ocr_line' id='line_1_110' title="bbox 1947 5290 3549 5363; baseline 0.001 -14"><span class='ocrx_word' id='word_1_914' title='bbox 1947 5295 2157 5351; x_wconf 82' lang='lat' dir='ltr'><strong>dictum</strong></span> <span class='ocrx_word' id='word_1_915' title='bbox 2186 5290 2448 5351; x_wconf 78' lang='lat' dir='ltr'><strong>habebat.</strong></span> <span class='ocrx_word' id='word_1_916' title='bbox 2481 5291 2839 5361; x_wconf 79' lang='lat' dir='ltr'><strong>Quapropter</strong></span> <span class='ocrx_word' id='word_1_917' title='bbox 2862 5292 3067 5350; x_wconf 81' lang='lat' dir='ltr'><strong>merito</strong></span> <span class='ocrx_word' id='word_1_918' title='bbox 3092 5294 3381 5363; x_wconf 67' lang='lat' dir='ltr'><strong>prseterito</strong></span> <span class='ocrx_word' id='word_1_919' title='bbox 3406 5300 3549 5363; x_wconf 60' lang='lat' dir='ltr'><strong>temo</strong></span> 
     </span>
    </p>
   </div>
   <div class='ocr_carea' id='block_1_111' title="bbox 1947 5380 3551 5454">
    <p class='ocr_par' dir='ltr' id='par_1_111' title="bbox 1947 5380 3551 5454">
     <span class='ocr_line' id='line_1_111' title="bbox 1947 5380 3551 5454; baseline 0.001 -16"><span class='ocrx_word' id='word_1_920' title='bbox 1947 5398 2082 5454; x_wconf 84' lang='lat' dir='ltr'><strong>pore</strong></span> <span class='ocrx_word' id='word_1_921' title='bbox 2106 5396 2243 5440; x_wconf 79' lang='lat' dir='ltr'><strong>usus</strong></span> <span class='ocrx_word' id='word_1_922' title='bbox 2275 5386 2382 5441; x_wconf 66' lang='lat' dir='ltr'><strong>est,</strong></span> <span class='ocrx_word' id='word_1_923' title='bbox 2412 5380 2699 5450; x_wconf 78' lang='lat' dir='ltr'><strong>inquiens:</strong></span> <span class='ocrx_word' id='word_1_924' title='bbox 2735 5380 3008 5441; x_wconf 85' lang='lat' dir='ltr'><strong>Dominus</strong></span> <span class='ocrx_word' id='word_1_925' title='bbox 3032 5380 3176 5441; x_wconf 66' lang='lat' dir='ltr'><strong>dixit</strong></span> <span class='ocrx_word' id='word_1_926' title='bbox 3202 5381 3276 5440; x_wconf 81' lang='lat' dir='ltr'><strong>ad</strong></span> <span class='ocrx_word' id='word_1_927' title='bbox 3295 5397 3405 5439; x_wconf 75' lang='lat' dir='ltr'><strong>me.</strong></span> <span class='ocrx_word' id='word_1_928' title='bbox 3436 5381 3551 5436; x_wconf 67' lang='lat' dir='ltr'><strong>Nos</strong></span> 
     </span>
    </p>
   </div>
   <div class='ocr_carea' id='block_1_112' title="bbox 1948 5466 3549 5545">
    <p class='ocr_par' dir='ltr' id='par_1_112' title="bbox 1948 5466 3549 5545">
     <span class='ocr_line' id='line_1_112' title="bbox 1948 5466 3549 5545; baseline -0.002 -16"><span class='ocrx_word' id='word_1_929' title='bbox 1948 5472 2101 5545; x_wconf 76' lang='lat' dir='ltr'><strong>mine</strong></span> <span class='ocrx_word' id='word_1_930' title='bbox 2128 5474 2321 5530; x_wconf 75' lang='lat' dir='ltr'><strong>autem</strong></span> <span class='ocrx_word' id='word_1_931' title='bbox 2340 5468 2568 5532; x_wconf 79' lang='lat' dir='ltr'><strong>Domini</strong></span> <span class='ocrx_word' id='word_1_932' title='bbox 2593 5469 2775 5530; x_wconf 73' lang='lat' dir='ltr'><strong>Deum</strong></span> <span class='ocrx_word' id='word_1_933' title='bbox 2794 5470 3021 5530; x_wconf 72' lang='lat' dir='ltr'><strong>Patrem</strong></span> <span class='ocrx_word' id='word_1_934' title='bbox 3040 5469 3361 5543; x_wconf 45' lang='lat' dir='ltr'><strong>intentare</strong></span> <span class='ocrx_word' id='word_1_935' title='bbox 3383 5466 3549 5525; x_wconf 67' lang='lat' dir='ltr'><strong>debeo</strong></span> 
     </span>
    </p>
   </div>
  </div>
