  <div class='ocr_page' id='page_1' title='image "/cluster/home/n/w/nwhite01/storage/ocr_20150623/117/hvd.32044054759816/433.png"; bbox 0 0 3992 6166; ppageno 0'>
   <div class='ocr_carea' id='block_1_1' title="bbox 479 166 586 227">
    <p class='ocr_par' dir='ltr' id='par_1_1' title="bbox 479 166 586 227">
     <span class='ocr_line' id='line_1_1' title="bbox 479 166 586 227; baseline 0.009 -2"><span class='ocrx_word' id='word_1_1' title='bbox 479 166 586 227; x_wconf 83' lang='grc'><strong>855</strong></span> 
     </span>
    </p>
   </div>
   <div class='ocr_carea' id='block_1_2' title="bbox 899 170 3328 235">
    <p class='ocr_par' dir='ltr' id='par_1_2' title="bbox 899 170 3328 235">
     <span class='ocr_line' id='line_1_2' title="bbox 899 170 3328 235; baseline 0.001 -9"><span class='ocrx_word' id='word_1_2' title='bbox 899 170 1280 231; x_wconf 82' lang='lat' dir='ltr'><strong>HAYMONIS</strong></span> <span class='ocrx_word' id='word_1_3' title='bbox 1319 174 1811 235; x_wconf 74' lang='lat' dir='ltr'><strong>HALBERSTAT.</strong></span> <span class='ocrx_word' id='word_1_4' title='bbox 1853 177 2078 233; x_wconf 85' lang='lat' dir='ltr'><strong>EPISC.</strong></span> <span class='ocrx_word' id='word_1_5' title='bbox 2122 177 2280 233; x_wconf 91' lang='lat' dir='ltr'><strong>OPP.</strong></span> <span class='ocrx_word' id='word_1_6' title='bbox 2321 177 2506 233; x_wconf 82' lang='lat' dir='ltr'><strong>PARS</strong></span> <span class='ocrx_word' id='word_1_7' title='bbox 2545 177 2590 232; x_wconf 93' lang='grc' dir='ltr'><strong>Ι.</strong></span> <span class='ocrx_word' id='word_1_8' title='bbox 2631 203 2695 218; x_wconf 90' lang='lat'><strong>-</strong></span> <span class='ocrx_word' id='word_1_9' title='bbox 2738 174 3109 231; x_wconf 78' lang='lat' dir='ltr'><strong>COMMENT.</strong></span> <span class='ocrx_word' id='word_1_10' title='bbox 3150 173 3328 229; x_wconf 88' lang='lat' dir='ltr'><strong>BIBL.</strong></span> 
     </span>
    </p>
   </div>
   <div class='ocr_carea' id='block_1_3' title="bbox 3609 173 3705 228">
    <p class='ocr_par' dir='ltr' id='par_1_3' title="bbox 3609 173 3705 228">
     <span class='ocr_line' id='line_1_3' title="bbox 3609 173 3705 228; baseline -0.01 0"><span class='ocrx_word' id='word_1_11' title='bbox 3609 173 3705 228; x_wconf 75' lang='lat'><strong>856</strong></span> 
     </span>
    </p>
   </div>
   <div class='ocr_carea' id='block_1_4' title="bbox 481 295 3707 373">
    <p class='ocr_par' dir='ltr' id='par_1_4' title="bbox 481 295 3707 373">
     <span class='ocr_line' id='line_1_4' title="bbox 481 295 3707 373; baseline -0.001 -21"><span class='ocrx_word' id='word_1_12' title='bbox 481 311 629 352; x_wconf 86' lang='lat' dir='ltr'><strong>mus.</strong></span> <span class='ocrx_word' id='word_1_13' title='bbox 661 295 732 352; x_wconf 80' lang='lat' dir='ltr'><strong>Et</strong></span> <span class='ocrx_word' id='word_1_14' title='bbox 761 299 826 352; x_wconf 81' lang='lat' dir='ltr'><strong>ut</strong></span> <span class='ocrx_word' id='word_1_15' title='bbox 851 296 911 351; x_wconf 84' lang='lat' dir='ltr'><strong>in</strong></span> <span class='ocrx_word' id='word_1_16' title='bbox 941 297 1164 353; x_wconf 85' lang='lat' dir='ltr'><strong>Christo</strong></span> <span class='ocrx_word' id='word_1_17' title='bbox 1189 316 1359 355; x_wconf 89' lang='lat' dir='ltr'><strong>unam</strong></span> <span class='ocrx_word' id='word_1_18' title='bbox 1387 317 1687 373; x_wconf 84' lang='lat' dir='ltr'><strong>personam</strong></span> <span class='ocrx_word' id='word_1_19' title='bbox 1719 319 1841 356; x_wconf 90' lang='lat' dir='ltr'><strong>esse</strong></span> <span class='ocrx_word' id='word_1_20' title='bbox 1881 301 2076 356; x_wconf 84' lang='lat' dir='ltr'><strong>creda-</strong></span> <span class='ocrx_word' id='word_1_21' title='bbox 2095 309 2145 363; x_wconf 88' lang='grc' dir='ltr'><strong>Α</strong></span> <span class='ocrx_word' id='word_1_22' title='bbox 2163 302 2220 355; x_wconf 91' lang='lat' dir='ltr'><strong>in</strong></span> <span class='ocrx_word' id='word_1_23' title='bbox 2246 302 2434 355; x_wconf 88' lang='lat' dir='ltr'><strong>divina</strong></span> <span class='ocrx_word' id='word_1_24' title='bbox 2465 301 2776 372; x_wconf 84' lang='lat' dir='ltr'><strong>Scriptura,</strong></span> <span class='ocrx_word' id='word_1_25' title='bbox 2799 306 2857 354; x_wconf 93' lang='lat' dir='ltr'><strong>et</strong></span> <span class='ocrx_word' id='word_1_26' title='bbox 2885 300 3096 370; x_wconf 84' lang='lat' dir='ltr'><strong>de&#39;ejus</strong></span> <span class='ocrx_word' id='word_1_27' title='bbox 3123 297 3444 363; x_wconf 87' lang='lat' dir='ltr'><strong>sacerdotio,</strong></span> <span class='ocrx_word' id='word_1_28' title='bbox 3473 297 3549 350; x_wconf 82' lang='lat' dir='ltr'><strong>ita</strong></span> <span class='ocrx_word' id='word_1_29' title='bbox 3571 297 3707 352; x_wconf 88' lang='lat' dir='ltr'><strong>Chri-</strong></span> 
     </span>
    </p>
   </div>
   <div class='ocr_carea' id='block_1_5' title="bbox 482 385 2075 460">
    <p class='ocr_par' dir='ltr' id='par_1_5' title="bbox 482 385 2075 460">
     <span class='ocr_line' id='line_1_5' title="bbox 482 385 2075 460; baseline 0.003 -21"><span class='ocrx_word' id='word_1_30' title='bbox 482 400 631 448; x_wconf 88' lang='lat' dir='ltr'><strong>mus,</strong></span> <span class='ocrx_word' id='word_1_31' title='bbox 659 385 866 456; x_wconf 82' lang='lat' dir='ltr'><strong>adjecit</strong></span> <span class='ocrx_word' id='word_1_32' title='bbox 895 399 908 434; x_wconf 86' lang='lat'>:</span> <span class='ocrx_word' id='word_1_33' title='bbox 939 387 1056 458; x_wconf 84' lang='lat' dir='ltr'><strong>Ego</strong></span> <span class='ocrx_word' id='word_1_34' title='bbox 1085 389 1249 442; x_wconf 88' lang='lat' dir='ltr'><strong>hodie</strong></span> <span class='ocrx_word' id='word_1_35' title='bbox 1274 391 1447 460; x_wconf 74' lang='lat' dir='ltr'><strong>genui</strong></span> <span class='ocrx_word' id='word_1_36' title='bbox 1471 396 1560 456; x_wconf 88' lang='lat' dir='ltr'><strong>te;</strong></span> <span class='ocrx_word' id='word_1_37' title='bbox 1601 391 1708 444; x_wconf 92' lang='lat' dir='ltr'><strong>hoc</strong></span> <span class='ocrx_word' id='word_1_38' title='bbox 1737 397 1823 445; x_wconf 91' lang='lat' dir='ltr'><strong>est</strong></span> <span class='ocrx_word' id='word_1_39' title='bbox 1851 391 2036 444; x_wconf 85' lang='lat' dir='ltr'><strong>dicere</strong></span> <span class='ocrx_word' id='word_1_40' title='bbox 2062 408 2075 443; x_wconf 90' lang='lat'><strong>:</strong></span> 
     </span>
    </p>
   </div>
   <div class='ocr_carea' id='block_1_6' title="bbox 484 473 2082 550">
    <p class='ocr_par' dir='ltr' id='par_1_6' title="bbox 484 473 2082 550">
     <span class='ocr_line' id='line_1_6' title="bbox 484 473 2082 550; baseline 0.003 -23"><span class='ocrx_word' id='word_1_41' title='bbox 484 473 602 544; x_wconf 81' lang='lat' dir='ltr'><strong>Ego</strong></span> <span class='ocrx_word' id='word_1_42' title='bbox 631 489 857 545; x_wconf 88' lang='lat' dir='ltr'><strong>semper</strong></span> <span class='ocrx_word' id='word_1_43' title='bbox 874 481 931 529; x_wconf 91' lang='lat' dir='ltr'><strong>et</strong></span> <span class='ocrx_word' id='word_1_44' title='bbox 944 477 1288 532; x_wconf 61' lang='lat' dir='ltr'><strong>aeternaliter</strong></span> <span class='ocrx_word' id='word_1_45' title='bbox 1307 495 1560 545; x_wconf 90' lang='lat' dir='ltr'><strong>manens,</strong></span> <span class='ocrx_word' id='word_1_46' title='bbox 1585 496 1808 550; x_wconf 88' lang='lat' dir='ltr'><strong>semper</strong></span> <span class='ocrx_word' id='word_1_47' title='bbox 1824 486 1880 534; x_wconf 89' lang='lat' dir='ltr'><strong>te</strong></span> <span class='ocrx_word' id='word_1_48' title='bbox 1904 478 2082 532; x_wconf 82' lang='lat' dir='ltr'><strong>habeo</strong></span> 
     </span>
    </p>
   </div>
   <div class='ocr_carea' id='block_1_7' title="bbox 483 561 2082 638">
    <p class='ocr_par' dir='ltr' id='par_1_7' title="bbox 483 561 2082 638">
     <span class='ocr_line' id='line_1_7' title="bbox 483 561 2082 638; baseline 0.004 -23"><span class='ocrx_word' id='word_1_49' title='bbox 483 561 688 616; x_wconf 88' lang='lat' dir='ltr'><strong>Filium</strong></span> <span class='ocrx_word' id='word_1_50' title='bbox 711 569 1048 619; x_wconf 74' lang='lat' dir='ltr'><strong>coseternum</strong></span> <span class='ocrx_word' id='word_1_51' title='bbox 1073 566 1234 620; x_wconf 89' lang='lat' dir='ltr'><strong>mihi.</strong></span> <span class='ocrx_word' id='word_1_52' title='bbox 1257 567 1434 621; x_wconf 89' lang='lat' dir='ltr'><strong>Hodie</strong></span> <span class='ocrx_word' id='word_1_53' title='bbox 1464 584 1737 638; x_wconf 63' lang='lat' dir='ltr'><strong>namque,</strong></span> <span class='ocrx_word' id='word_1_54' title='bbox 1757 569 2082 622; x_wconf 84' lang='lat' dir='ltr'><strong>adverbium</strong></span> 
     </span>
    </p>
   </div>
   <div class='ocr_carea' id='block_1_8' title="bbox 484 652 2080 728">
    <p class='ocr_par' dir='ltr' id='par_1_8' title="bbox 484 652 2080 728">
     <span class='ocr_line' id='line_1_8' title="bbox 484 652 2080 728; baseline 0.003 -22"><span class='ocrx_word' id='word_1_55' title='bbox 484 656 572 706; x_wconf 88' lang='lat' dir='ltr'><strong>est</strong></span> <span class='ocrx_word' id='word_1_56' title='bbox 598 652 890 722; x_wconf 69' lang='lat' dir='ltr'><strong>praesentis</strong></span> <span class='ocrx_word' id='word_1_57' title='bbox 913 654 1200 725; x_wconf 88' lang='lat' dir='ltr'><strong>temporis,</strong></span> <span class='ocrx_word' id='word_1_58' title='bbox 1227 656 1374 726; x_wconf 90' lang='lat' dir='ltr'><strong>quod</strong></span> <span class='ocrx_word' id='word_1_59' title='bbox 1404 657 1629 728; x_wconf 84' lang='lat' dir='ltr'><strong>prOprie</strong></span> <span class='ocrx_word' id='word_1_60' title='bbox 1654 657 1770 711; x_wconf 91' lang='lat' dir='ltr'><strong>Deo</strong></span> <span class='ocrx_word' id='word_1_61' title='bbox 1791 657 2080 728; x_wconf 83' lang='lat' dir='ltr'><strong>competit.</strong></span> 
     </span>
    </p>
   </div>
   <div class='ocr_carea' id='block_1_9' title="bbox 488 738 797 810">
    <p class='ocr_par' dir='ltr' id='par_1_9' title="bbox 488 738 797 810">
     <span class='ocr_line' id='line_1_9' title="bbox 488 738 797 810; baseline -0.01 -16"><span class='ocrx_word' id='word_1_62' title='bbox 488 738 754 810; x_wconf 88' lang='lat' dir='ltr'><strong>Sequitur</strong></span> <span class='ocrx_word' id='word_1_63' title='bbox 784 755 797 790; x_wconf 87' lang='lat'><strong>:</strong></span> 
     </span>
    </p>
   </div>
   <div class='ocr_carea' id='block_1_10' title="bbox 556 831 2087 897">
    <p class='ocr_par' dir='ltr' id='par_1_10' title="bbox 556 831 2087 897">
     <span class='ocr_line' id='line_1_10' title="bbox 556 831 2087 897; baseline 0.004 -15"><span class='ocrx_word' id='word_1_64' title='bbox 556 831 1027 897; x_wconf 76' lang='lat' dir='ltr'><strong>Quemadmodum</strong></span> <span class='ocrx_word' id='word_1_65' title='bbox 1046 837 1097 886; x_wconf 87' lang='lat' dir='ltr'><strong>et</strong></span> <span class='ocrx_word' id='word_1_66' title='bbox 1111 837 1174 886; x_wconf 88' lang='lat' dir='ltr'><strong>in</strong></span> <span class='ocrx_word' id='word_1_67' title='bbox 1193 836 1307 888; x_wconf 84' lang='lat' dir='ltr'><strong>alio</strong></span> <span class='ocrx_word' id='word_1_68' title='bbox 1339 837 1450 888; x_wconf 88' lang='lat' dir='ltr'><strong>loco</strong></span> <span class='ocrx_word' id='word_1_69' title='bbox 1469 836 1602 888; x_wconf 87' lang='lat' dir='ltr'><strong>dicit</strong></span> <span class='ocrx_word' id='word_1_70' title='bbox 1621 853 1637 889; x_wconf 92' lang='lat'><strong><em>:</em></strong></span> <span class='ocrx_word' id='word_1_71' title='bbox 1666 837 1743 889; x_wconf 88' lang='lat' dir='ltr'><strong>Tu</strong></span> <span class='ocrx_word' id='word_1_72' title='bbox 1762 851 1815 890; x_wconf 89' lang='lat' dir='ltr'><strong>es</strong></span> <span class='ocrx_word' id='word_1_73' title='bbox 1840 835 2087 890; x_wconf 79' lang='lat' dir='ltr'><strong>sacerdos</strong></span> 
     </span>
    </p>
   </div>
   <div class='ocr_carea' id='block_1_11' title="bbox 485 921 2088 999">
    <p class='ocr_par' dir='ltr' id='par_1_11' title="bbox 485 921 2088 999">
     <span class='ocr_line' id='line_1_11' title="bbox 485 921 2088 999; baseline 0.004 -27"><span class='ocrx_word' id='word_1_74' title='bbox 485 921 551 972; x_wconf 85' lang='lat' dir='ltr'><strong>in</strong></span> <span class='ocrx_word' id='word_1_75' title='bbox 570 923 838 999; x_wconf 61' lang='lat' dir='ltr'><strong>aternum</strong></span> <span class='ocrx_word' id='word_1_76' title='bbox 867 923 1170 976; x_wconf 85' lang='lat' dir='ltr'><strong>secundum</strong></span> <span class='ocrx_word' id='word_1_77' title='bbox 1193 924 1444 976; x_wconf 77' lang='lat' dir='ltr'><strong>ordinem</strong></span> <span class='ocrx_word' id='word_1_78' title='bbox 1467 925 1869 978; x_wconf 76' lang='lat' dir='ltr'><strong>Melchisedech.</strong></span> <span class='ocrx_word' id='word_1_79' title='bbox 1895 924 1971 978; x_wconf 85' lang='lat' dir='ltr'><strong>Ex</strong></span> <span class='ocrx_word' id='word_1_80' title='bbox 1997 939 2088 978; x_wconf 87' lang='lat' dir='ltr'><strong>su-</strong></span> 
     </span>
    </p>
   </div>
   <div class='ocr_carea' id='block_1_12' title="bbox 483 1001 2082 1082">
    <p class='ocr_par' dir='ltr' id='par_1_12' title="bbox 483 1001 2082 1082">
     <span class='ocr_line' id='line_1_12' title="bbox 483 1001 2082 1082; baseline 0.001 -20"><span class='ocrx_word' id='word_1_81' title='bbox 483 1007 694 1078; x_wconf 90' lang='lat' dir='ltr'><strong>periori</strong></span> <span class='ocrx_word' id='word_1_82' title='bbox 721 1001 992 1063; x_wconf 85' lang='lat' dir='ltr'><strong>versiculo</strong></span> <span class='ocrx_word' id='word_1_83' title='bbox 1029 1009 1136 1064; x_wconf 90' lang='lat' dir='ltr'><strong>ista</strong></span> <span class='ocrx_word' id='word_1_84' title='bbox 1167 1011 1434 1081; x_wconf 86' lang='lat' dir='ltr'><strong>pendent,</strong></span> <span class='ocrx_word' id='word_1_85' title='bbox 1467 1011 1563 1065; x_wconf 93' lang='lat' dir='ltr'><strong>ubi</strong></span> <span class='ocrx_word' id='word_1_86' title='bbox 1590 1012 1728 1067; x_wconf 87' lang='lat' dir='ltr'><strong>dicit</strong></span> <span class='ocrx_word' id='word_1_87' title='bbox 1757 1011 2082 1082; x_wconf 77' lang='lat' dir='ltr'><strong>Apostolus,</strong></span> 
     </span>
    </p>
   </div>
   <div class='ocr_carea' id='block_1_13' title="bbox 487 1096 2088 1171">
    <p class='ocr_par' dir='ltr' id='par_1_13' title="bbox 487 1096 2088 1171">
     <span class='ocr_line' id='line_1_13' title="bbox 487 1096 2088 1171; baseline 0.002 -21"><span class='ocrx_word' id='word_1_88' title='bbox 487 1096 618 1167; x_wconf 86' lang='lat' dir='ltr'><strong>quia</strong></span> <span class='ocrx_word' id='word_1_89' title='bbox 639 1096 897 1152; x_wconf 87' lang='lat' dir='ltr'><strong>Christus</strong></span> <span class='ocrx_word' id='word_1_90' title='bbox 922 1113 1035 1152; x_wconf 91' lang='lat' dir='ltr'><strong>non</strong></span> <span class='ocrx_word' id='word_1_91' title='bbox 1065 1100 1432 1170; x_wconf 87' lang='lat' dir='ltr'><strong>semetipsum</strong></span> <span class='ocrx_word' id='word_1_92' title='bbox 1463 1101 1788 1168; x_wconf 82' lang='lat' dir='ltr'><strong>clarificavit</strong></span> <span class='ocrx_word' id='word_1_93' title='bbox 1808 1105 1874 1154; x_wconf 90' lang='lat' dir='ltr'><strong>ut</strong></span> <span class='ocrx_word' id='word_1_94' title='bbox 1899 1099 2088 1171; x_wconf 84' lang='lat' dir='ltr'><strong>ponti-</strong></span> 
     </span>
    </p>
   </div>
   <div class='ocr_carea' id='block_1_14' title="bbox 486 1184 2088 1259">
    <p class='ocr_par' dir='ltr' id='par_1_14' title="bbox 486 1184 2088 1259">
     <span class='ocr_line' id='line_1_14' title="bbox 486 1184 2088 1259; baseline 0.002 -20"><span class='ocrx_word' id='word_1_95' title='bbox 486 1184 575 1239; x_wconf 84' lang='lat' dir='ltr'><strong>fex</strong></span> <span class='ocrx_word' id='word_1_96' title='bbox 603 1186 783 1251; x_wconf 86' lang='lat' dir='ltr'><strong>ﬁeret,</strong></span> <span class='ocrx_word' id='word_1_97' title='bbox 818 1187 917 1240; x_wconf 89' lang='lat' dir='ltr'><strong>sed</strong></span> <span class='ocrx_word' id='word_1_98' title='bbox 947 1187 1095 1241; x_wconf 91' lang='lat' dir='ltr'><strong>Deus</strong></span> <span class='ocrx_word' id='word_1_99' title='bbox 1128 1188 1294 1242; x_wconf 88' lang='lat' dir='ltr'><strong>Pater</strong></span> <span class='ocrx_word' id='word_1_100' title='bbox 1316 1189 1412 1259; x_wconf 88' lang='lat' dir='ltr'><strong>qui</strong></span> <span class='ocrx_word' id='word_1_101' title='bbox 1444 1189 1663 1243; x_wconf 86' lang='lat' dir='ltr'><strong>locutus</strong></span> <span class='ocrx_word' id='word_1_102' title='bbox 1693 1195 1779 1242; x_wconf 90' lang='lat' dir='ltr'><strong>est</strong></span> <span class='ocrx_word' id='word_1_103' title='bbox 1809 1189 1880 1254; x_wconf 91' lang='lat' dir='ltr'><strong>ei,</strong></span> <span class='ocrx_word' id='word_1_104' title='bbox 1912 1191 2088 1242; x_wconf 76' lang='lat' dir='ltr'><strong>Filius</strong></span> 
     </span>
    </p>
   </div>
   <div class='ocr_carea' id='block_1_15' title="bbox 487 1274 2092 1346">
    <p class='ocr_par' dir='ltr' id='par_1_15' title="bbox 487 1274 2092 1346">
     <span class='ocr_line' id='line_1_15' title="bbox 487 1274 2092 1346; baseline 0.002 -19"><span class='ocrx_word' id='word_1_105' title='bbox 487 1290 640 1328; x_wconf 86' lang='lat' dir='ltr'><strong>meus</strong></span> <span class='ocrx_word' id='word_1_106' title='bbox 672 1291 725 1328; x_wconf 90' lang='lat' dir='ltr'><strong>es</strong></span> <span class='ocrx_word' id='word_1_107' title='bbox 756 1279 836 1340; x_wconf 88' lang='lat' dir='ltr'><strong>tu,</strong></span> <span class='ocrx_word' id='word_1_108' title='bbox 871 1274 990 1345; x_wconf 87' lang='lat' dir='ltr'><strong>ipse</strong></span> <span class='ocrx_word' id='word_1_109' title='bbox 1009 1275 1335 1330; x_wconf 78' lang='lat' dir='ltr'><strong>clarificavit</strong></span> <span class='ocrx_word' id='word_1_110' title='bbox 1357 1293 1508 1342; x_wconf 89' lang='lat' dir='ltr'><strong>eum,</strong></span> <span class='ocrx_word' id='word_1_111' title='bbox 1533 1277 2006 1346; x_wconf 88' lang='lat' dir='ltr'><strong>quemadmodum</strong></span> <span class='ocrx_word' id='word_1_112' title='bbox 2033 1282 2092 1332; x_wconf 90' lang='lat' dir='ltr'><strong>et</strong></span> 
     </span>
    </p>
   </div>
   <div class='ocr_carea' id='block_1_16' title="bbox 487 1360 2088 1433">
    <p class='ocr_par' dir='ltr' id='par_1_16' title="bbox 487 1360 2088 1433">
     <span class='ocr_line' id='line_1_16' title="bbox 487 1360 2088 1433; baseline 0.002 -18"><span class='ocrx_word' id='word_1_113' title='bbox 487 1360 549 1416; x_wconf 90' lang='lat' dir='ltr'><strong>in</strong></span> <span class='ocrx_word' id='word_1_114' title='bbox 571 1362 683 1415; x_wconf 91' lang='lat' dir='ltr'><strong>alio</strong></span> <span class='ocrx_word' id='word_1_115' title='bbox 710 1362 832 1416; x_wconf 90' lang='lat' dir='ltr'><strong>loco</strong></span> <span class='ocrx_word' id='word_1_116' title='bbox 862 1363 1000 1417; x_wconf 90' lang='lat' dir='ltr'><strong>dicit</strong></span> <span class='ocrx_word' id='word_1_117' title='bbox 1027 1362 1147 1433; x_wconf 91' lang='lat' dir='ltr'><strong>ipse</strong></span> <span class='ocrx_word' id='word_1_118' title='bbox 1175 1365 1245 1418; x_wconf 90' lang='lat' dir='ltr'><strong>ad</strong></span> <span class='ocrx_word' id='word_1_119' title='bbox 1275 1365 1479 1420; x_wconf 89' lang='lat' dir='ltr'><strong>Filium</strong></span> <span class='ocrx_word' id='word_1_120' title='bbox 1513 1380 1522 1412; x_wconf 90' lang='lat'><strong>:</strong></span> <span class='ocrx_word' id='word_1_121' title='bbox 1564 1368 1640 1420; x_wconf 88' lang='lat' dir='ltr'><strong>Tu</strong></span> <span class='ocrx_word' id='word_1_122' title='bbox 1669 1382 1720 1420; x_wconf 88' lang='lat' dir='ltr'><strong>es</strong></span> <span class='ocrx_word' id='word_1_123' title='bbox 1748 1367 1996 1419; x_wconf 78' lang='lat' dir='ltr'><strong>sacerdos</strong></span> <span class='ocrx_word' id='word_1_124' title='bbox 2024 1369 2088 1419; x_wconf 84' lang='lat' dir='ltr'><strong>in</strong></span> 
     </span>
    </p>
   </div>
   <div class='ocr_carea' id='block_1_17' title="bbox 491 1451 2090 1516">
    <p class='ocr_par' dir='ltr' id='par_1_17' title="bbox 491 1451 2090 1516">
     <span class='ocr_line' id='line_1_17' title="bbox 491 1451 2090 1516; baseline 0.003 -12"><span class='ocrx_word' id='word_1_125' title='bbox 491 1453 781 1516; x_wconf 67' lang='lat' dir='ltr'><strong>aternum,</strong></span> <span class='ocrx_word' id='word_1_126' title='bbox 803 1455 907 1506; x_wconf 90' lang='lat' dir='ltr'><strong>etc.</strong></span> <span class='ocrx_word' id='word_1_127' title='bbox 940 1451 1423 1507; x_wconf 85' lang='lat' dir='ltr'><strong>Considerandum</strong></span> <span class='ocrx_word' id='word_1_128' title='bbox 1454 1459 1641 1509; x_wconf 87' lang='lat' dir='ltr'><strong>autem</strong></span> <span class='ocrx_word' id='word_1_129' title='bbox 1670 1455 1956 1509; x_wconf 88' lang='lat' dir='ltr'><strong>Christum</strong></span> <span class='ocrx_word' id='word_1_130' title='bbox 1976 1469 2090 1508; x_wconf 90' lang='lat' dir='ltr'><strong>non</strong></span> 
     </span>
    </p>
   </div>
   <div class='ocr_carea' id='block_1_18' title="bbox 2163 385 3708 461">
    <p class='ocr_par' dir='ltr' id='par_1_18' title="bbox 2163 385 3708 461">
     <span class='ocr_line' id='line_1_18' title="bbox 2163 385 3708 461; baseline -0.003 -17"><span class='ocrx_word' id='word_1_131' title='bbox 2163 397 2283 444; x_wconf 88' lang='lat' dir='ltr'><strong>stus</strong></span> <span class='ocrx_word' id='word_1_132' title='bbox 2329 391 2502 445; x_wconf 90' lang='lat' dir='ltr'><strong>semel</strong></span> <span class='ocrx_word' id='word_1_133' title='bbox 2545 390 2910 461; x_wconf 86' lang='lat' dir='ltr'><strong>semetipsum</strong></span> <span class='ocrx_word' id='word_1_134' title='bbox 2952 389 3154 442; x_wconf 86' lang='lat' dir='ltr'><strong>obtulit</strong></span> <span class='ocrx_word' id='word_1_135' title='bbox 3201 385 3589 440; x_wconf 88' lang='lat' dir='ltr'><strong>immolandum</strong></span> <span class='ocrx_word' id='word_1_136' title='bbox 3625 401 3708 457; x_wconf 88' lang='lat' dir='ltr'><strong>pro</strong></span> 
     </span>
    </p>
   </div>
   <div class='ocr_carea' id='block_1_19' title="bbox 2165 479 2680 550">
    <p class='ocr_par' dir='ltr' id='par_1_19' title="bbox 2165 479 2680 550">
     <span class='ocr_line' id='line_1_19' title="bbox 2165 479 2680 550; baseline -0.002 -17"><span class='ocrx_word' id='word_1_137' title='bbox 2165 479 2343 533; x_wconf 90' lang='lat' dir='ltr'><strong>nobis.</strong></span> <span class='ocrx_word' id='word_1_138' title='bbox 2379 480 2644 550; x_wconf 89' lang='lat' dir='ltr'><strong>Sequitur</strong></span> <span class='ocrx_word' id='word_1_139' title='bbox 2668 498 2680 533; x_wconf 88' lang='lat'><strong>:</strong></span> 
     </span>
    </p>
   </div>
   <div class='ocr_carea' id='block_1_20' title="bbox 2237 566 3714 635">
    <p class='ocr_par' dir='ltr' id='par_1_20' title="bbox 2237 566 3714 635">
     <span class='ocr_line' id='line_1_20' title="bbox 2237 566 3714 635; baseline -0.003 -13"><span class='ocrx_word' id='word_1_140' title='bbox 2237 571 2345 635; x_wconf 75' lang='lat' dir='ltr'><strong>Qui</strong></span> <span class='ocrx_word' id='word_1_141' title='bbox 2369 571 2429 621; x_wconf 88' lang='lat' dir='ltr'><strong>in</strong></span> <span class='ocrx_word' id='word_1_142' title='bbox 2453 570 2640 621; x_wconf 85' lang='lat' dir='ltr'><strong>diebus</strong></span> <span class='ocrx_word' id='word_1_143' title='bbox 2675 569 2863 619; x_wconf 88' lang='lat' dir='ltr'><strong>carnis</strong></span> <span class='ocrx_word' id='word_1_144' title='bbox 2891 581 3001 618; x_wconf 73' lang='lat' dir='ltr'><strong>suae</strong></span> <span class='ocrx_word' id='word_1_145' title='bbox 3031 580 3213 633; x_wconf 80' lang='lat' dir='ltr'><strong>preces</strong></span> <span class='ocrx_word' id='word_1_146' title='bbox 3233 566 3714 632; x_wconf 77' lang='lat' dir='ltr'><strong>supplicationesque</strong></span> 
     </span>
    </p>
   </div>
   <div class='ocr_carea' id='block_1_21' title="bbox 2163 655 3716 724">
    <p class='ocr_par' dir='ltr' id='par_1_21' title="bbox 2163 655 3716 724">
     <span class='ocr_line' id='line_1_21' title="bbox 2163 655 3716 724; baseline -0.002 -13"><span class='ocrx_word' id='word_1_147' title='bbox 2163 658 2237 711; x_wconf 91' lang='lat' dir='ltr'><strong>ad</strong></span> <span class='ocrx_word' id='word_1_148' title='bbox 2263 673 2387 709; x_wconf 88' lang='lat' dir='ltr'><strong>eum</strong></span> <span class='ocrx_word' id='word_1_149' title='bbox 2419 659 2518 724; x_wconf 84' lang='lat' dir='ltr'><strong>qui</strong></span> <span class='ocrx_word' id='word_1_150' title='bbox 2535 659 2702 724; x_wconf 81' lang='lat' dir='ltr'><strong>possit</strong></span> <span class='ocrx_word' id='word_1_151' title='bbox 2730 657 2897 708; x_wconf 81' lang='lat' dir='ltr'><strong>illum</strong></span> <span class='ocrx_word' id='word_1_152' title='bbox 2917 655 3134 707; x_wconf 82' lang='lat' dir='ltr'><strong>salvum</strong></span> <span class='ocrx_word' id='word_1_153' title='bbox 3151 655 3330 720; x_wconf 80' lang='lat' dir='ltr'><strong>facere</strong></span> <span class='ocrx_word' id='word_1_154' title='bbox 3348 669 3383 706; x_wconf 90' lang='lat' dir='ltr'><strong>a</strong></span> <span class='ocrx_word' id='word_1_155' title='bbox 3412 657 3589 715; x_wconf 87' lang='lat' dir='ltr'><strong>morte,</strong></span> <span class='ocrx_word' id='word_1_156' title='bbox 3614 670 3716 709; x_wconf 84' lang='lat' dir='ltr'><strong>cum</strong></span> 
     </span>
    </p>
   </div>
   <div class='ocr_carea' id='block_1_22' title="bbox 2167 741 3717 812">
    <p class='ocr_par' dir='ltr' id='par_1_22' title="bbox 2167 741 3717 812">
     <span class='ocr_line' id='line_1_22' title="bbox 2167 741 3717 812; baseline -0.005 -13"><span class='ocrx_word' id='word_1_157' title='bbox 2167 748 2403 799; x_wconf 80' lang='lat' dir='ltr'><strong>clamore</strong></span> <span class='ocrx_word' id='word_1_158' title='bbox 2422 747 2604 799; x_wconf 77' lang='lat' dir='ltr'><strong>valido</strong></span> <span class='ocrx_word' id='word_1_159' title='bbox 2623 749 2673 798; x_wconf 89' lang='lat' dir='ltr'><strong>et</strong></span> <span class='ocrx_word' id='word_1_160' title='bbox 2690 746 2955 812; x_wconf 84' lang='lat' dir='ltr'><strong>lacrymis</strong></span> <span class='ocrx_word' id='word_1_161' title='bbox 2977 744 3223 808; x_wconf 79' lang='lat' dir='ltr'><strong>offerens,</strong></span> <span class='ocrx_word' id='word_1_162' title='bbox 3251 741 3538 793; x_wconf 72' lang='lat' dir='ltr'><strong>exauditus</strong></span> <span class='ocrx_word' id='word_1_163' title='bbox 3555 745 3622 793; x_wconf 87' lang='lat' dir='ltr'><strong>est</strong></span> <span class='ocrx_word' id='word_1_164' title='bbox 3634 753 3717 808; x_wconf 84' lang='lat' dir='ltr'><strong>pro</strong></span> 
     </span>
    </p>
   </div>
   <div class='ocr_carea' id='block_1_23' title="bbox 2170 827 3721 899">
    <p class='ocr_par' dir='ltr' id='par_1_23' title="bbox 2170 827 3721 899">
     <span class='ocr_line' id='line_1_23' title="bbox 2170 827 3721 899; baseline -0.004 -11"><span class='ocrx_word' id='word_1_165' title='bbox 2170 851 2271 888; x_wconf 82' lang='lat' dir='ltr'><strong>sua</strong></span> <span class='ocrx_word' id='word_1_166' title='bbox 2301 836 2627 888; x_wconf 82' lang='lat' dir='ltr'><strong>reverentia.</strong></span> <span class='ocrx_word' id='word_1_167' title='bbox 2653 833 2770 886; x_wconf 87' lang='lat' dir='ltr'><strong>Hoc</strong></span> <span class='ocrx_word' id='word_1_168' title='bbox 2789 848 2901 886; x_wconf 91' lang='lat' dir='ltr'><strong>non</strong></span> <span class='ocrx_word' id='word_1_169' title='bbox 2931 831 3000 885; x_wconf 88' lang='lat' dir='ltr'><strong>de</strong></span> <span class='ocrx_word' id='word_1_170' title='bbox 3025 828 3429 884; x_wconf 85' lang='lat' dir='ltr'><strong>Melchisedech</strong></span> <span class='ocrx_word' id='word_1_171' title='bbox 3455 827 3582 882; x_wconf 88' lang='lat' dir='ltr'><strong>dicit</strong></span> <span class='ocrx_word' id='word_1_172' title='bbox 3605 830 3721 899; x_wconf 84' lang='lat' dir='ltr'><strong>Apo-</strong></span> 
     </span>
    </p>
   </div>
   <div class='ocr_carea' id='block_1_24' title="bbox 2169 916 3719 988">
    <p class='ocr_par' dir='ltr' id='par_1_24' title="bbox 2169 916 3719 988">
     <span class='ocr_line' id='line_1_24' title="bbox 2169 916 3719 988; baseline -0.003 -11"><span class='ocrx_word' id='word_1_173' title='bbox 2169 923 2365 987; x_wconf 90' lang='lat' dir='ltr'><strong>stolus,</strong></span> <span class='ocrx_word' id='word_1_174' title='bbox 2389 922 2486 976; x_wconf 91' lang='lat' dir='ltr'><strong>sed</strong></span> <span class='ocrx_word' id='word_1_175' title='bbox 2501 921 2570 976; x_wconf 91' lang='lat' dir='ltr'><strong>de</strong></span> <span class='ocrx_word' id='word_1_176' title='bbox 2592 921 2836 984; x_wconf 76' lang='lat' dir='ltr'><strong>Christo,</strong></span> <span class='ocrx_word' id='word_1_177' title='bbox 2857 920 3044 973; x_wconf 88' lang='lat' dir='ltr'><strong>volens</strong></span> <span class='ocrx_word' id='word_1_178' title='bbox 3061 917 3270 973; x_wconf 83' lang='lat' dir='ltr'><strong>certius</strong></span> <span class='ocrx_word' id='word_1_179' title='bbox 3285 916 3583 988; x_wconf 84' lang='lat' dir='ltr'><strong>exprimere</strong></span> <span class='ocrx_word' id='word_1_180' title='bbox 3601 917 3719 987; x_wconf 86' lang='lat' dir='ltr'><strong>quod</strong></span> 
     </span>
    </p>
   </div>
   <div class='ocr_carea' id='block_1_25' title="bbox 2167 1005 3720 1084">
    <p class='ocr_par' dir='ltr' id='par_1_25' title="bbox 2167 1005 3720 1084">
     <span class='ocr_line' id='line_1_25' title="bbox 2167 1005 3720 1084; baseline -0.003 -19"><span class='ocrx_word' id='word_1_181' title='bbox 2167 1011 2414 1084; x_wconf 84' lang='lat' dir='ltr'><strong>pontifex</strong></span> <span class='ocrx_word' id='word_1_182' title='bbox 2439 1017 2631 1064; x_wconf 90' lang='lat' dir='ltr'><strong>noster</strong></span> <span class='ocrx_word' id='word_1_183' title='bbox 2652 1011 2857 1078; x_wconf 79' lang='lat' dir='ltr'><strong>egisset</strong></span> <span class='ocrx_word' id='word_1_184' title='bbox 2888 1010 2947 1062; x_wconf 91' lang='lat' dir='ltr'><strong>in</strong></span> <span class='ocrx_word' id='word_1_185' title='bbox 2976 1025 3078 1062; x_wconf 90' lang='lat' dir='ltr'><strong>suo</strong></span> <span class='ocrx_word' id='word_1_186' title='bbox 3101 1023 3232 1062; x_wconf 91' lang='lat' dir='ltr'><strong>vero</strong></span> <span class='ocrx_word' id='word_1_187' title='bbox 3262 1005 3578 1060; x_wconf 90' lang='lat' dir='ltr'><strong>sacerdotio.</strong></span> <span class='ocrx_word' id='word_1_188' title='bbox 3602 1005 3720 1070; x_wconf 85' lang='lat' dir='ltr'><strong>Quid</strong></span> 
     </span>
    </p>
   </div>
   <div class='ocr_carea' id='block_1_26' title="bbox 2169 1094 3722 1166">
    <p class='ocr_par' dir='ltr' id='par_1_26' title="bbox 2169 1094 3722 1166">
     <span class='ocr_line' id='line_1_26' title="bbox 2169 1094 3722 1166; baseline -0.004 -12"><span class='ocrx_word' id='word_1_189' title='bbox 2169 1105 2255 1154; x_wconf 91' lang='lat' dir='ltr'><strong>est</strong></span> <span class='ocrx_word' id='word_1_190' title='bbox 2283 1118 2294 1152; x_wconf 89' lang='lat'><strong>:</strong></span> <span class='ocrx_word' id='word_1_191' title='bbox 2332 1098 2400 1153; x_wconf 90' lang='lat' dir='ltr'><strong>In</strong></span> <span class='ocrx_word' id='word_1_192' title='bbox 2429 1099 2627 1153; x_wconf 91' lang='lat' dir='ltr'><strong>diebus</strong></span> <span class='ocrx_word' id='word_1_193' title='bbox 2656 1099 2840 1152; x_wconf 85' lang='lat' dir='ltr'><strong>carnis</strong></span> <span class='ocrx_word' id='word_1_194' title='bbox 2867 1097 3020 1152; x_wconf 66' lang='lat' dir='ltr'><strong>suae?</strong></span> <span class='ocrx_word' id='word_1_195' title='bbox 3049 1096 3168 1151; x_wconf 88' lang='lat' dir='ltr'><strong>Hoc</strong></span> <span class='ocrx_word' id='word_1_196' title='bbox 3195 1100 3302 1161; x_wconf 89' lang='lat' dir='ltr'><strong>est,</strong></span> <span class='ocrx_word' id='word_1_197' title='bbox 3329 1094 3568 1166; x_wconf 89' lang='lat' dir='ltr'><strong>quandiu</strong></span> <span class='ocrx_word' id='word_1_198' title='bbox 3591 1094 3722 1148; x_wconf 85' lang='lat' dir='ltr'><strong>habi-</strong></span> 
     </span>
    </p>
   </div>
   <div class='ocr_carea' id='block_1_27' title="bbox 2168 1182 3721 1259">
    <p class='ocr_par' dir='ltr' id='par_1_27' title="bbox 2168 1182 3721 1259">
     <span class='ocr_line' id='line_1_27' title="bbox 2168 1182 3721 1259; baseline -0.006 -15"><span class='ocrx_word' id='word_1_199' title='bbox 2168 1189 2310 1244; x_wconf 82' lang='lat' dir='ltr'><strong>tavit</strong></span> <span class='ocrx_word' id='word_1_200' title='bbox 2333 1188 2392 1242; x_wconf 89' lang='lat' dir='ltr'><strong>in</strong></span> <span class='ocrx_word' id='word_1_201' title='bbox 2420 1204 2652 1259; x_wconf 91' lang='lat' dir='ltr'><strong>corpore</strong></span> <span class='ocrx_word' id='word_1_202' title='bbox 2693 1187 2937 1252; x_wconf 86' lang='lat' dir='ltr'><strong>mortali,</strong></span> <span class='ocrx_word' id='word_1_203' title='bbox 2980 1202 3189 1258; x_wconf 87' lang='lat' dir='ltr'><strong>preces,</strong></span> <span class='ocrx_word' id='word_1_204' title='bbox 3223 1182 3721 1255; x_wconf 77' lang='lat' dir='ltr'><strong>SUpplicationesque</strong></span> 
     </span>
    </p>
   </div>
   <div class='ocr_carea' id='block_1_28' title="bbox 2169 1271 3720 1345">
    <p class='ocr_par' dir='ltr' id='par_1_28' title="bbox 2169 1271 3720 1345">
     <span class='ocr_line' id='line_1_28' title="bbox 2169 1271 3720 1345; baseline -0.005 -13"><span class='ocrx_word' id='word_1_205' title='bbox 2169 1294 2297 1332; x_wconf 89' lang='lat' dir='ltr'><strong>cum</strong></span> <span class='ocrx_word' id='word_1_206' title='bbox 2340 1278 2584 1331; x_wconf 89' lang='lat' dir='ltr'><strong>clamore</strong></span> <span class='ocrx_word' id='word_1_207' title='bbox 2633 1276 2815 1330; x_wconf 86' lang='lat' dir='ltr'><strong>valido</strong></span> <span class='ocrx_word' id='word_1_208' title='bbox 2855 1281 2912 1328; x_wconf 88' lang='lat' dir='ltr'><strong>et</strong></span> <span class='ocrx_word' id='word_1_209' title='bbox 2954 1274 3220 1345; x_wconf 87' lang='lat' dir='ltr'><strong>lacrymis</strong></span> <span class='ocrx_word' id='word_1_210' title='bbox 3249 1273 3485 1327; x_wconf 69' lang='lat' dir='ltr'><strong>offerens</strong></span> <span class='ocrx_word' id='word_1_211' title='bbox 3512 1271 3575 1324; x_wconf 87' lang='lat' dir='ltr'><strong>ad</strong></span> <span class='ocrx_word' id='word_1_212' title='bbox 3602 1287 3720 1333; x_wconf 88' lang='lat' dir='ltr'><strong>eum,</strong></span> 
     </span>
    </p>
   </div>
   <div class='ocr_carea' id='block_1_29' title="bbox 2170 1359 3718 1423">
    <p class='ocr_par' dir='ltr' id='par_1_29' title="bbox 2170 1359 3718 1423">
     <span class='ocr_line' id='line_1_29' title="bbox 2170 1359 3718 1423; baseline -0.005 -3"><span class='ocrx_word' id='word_1_213' title='bbox 2170 1367 2275 1420; x_wconf 93' lang='lat' dir='ltr'><strong>hoc</strong></span> <span class='ocrx_word' id='word_1_214' title='bbox 2295 1371 2381 1420; x_wconf 87' lang='lat' dir='ltr'><strong>est</strong></span> <span class='ocrx_word' id='word_1_215' title='bbox 2399 1366 2471 1420; x_wconf 90' lang='lat' dir='ltr'><strong>ad</strong></span> <span class='ocrx_word' id='word_1_216' title='bbox 2492 1367 2671 1420; x_wconf 88' lang='lat' dir='ltr'><strong>Deum</strong></span> <span class='ocrx_word' id='word_1_217' title='bbox 2692 1365 2938 1418; x_wconf 84' lang='lat' dir='ltr'><strong>Patrem.</strong></span> <span class='ocrx_word' id='word_1_218' title='bbox 2962 1363 3093 1418; x_wconf 88' lang='lat' dir='ltr'><strong>Dies</strong></span> <span class='ocrx_word' id='word_1_219' title='bbox 3112 1362 3301 1416; x_wconf 89' lang='lat' dir='ltr'><strong>carnis</strong></span> <span class='ocrx_word' id='word_1_220' title='bbox 3322 1361 3536 1416; x_wconf 91' lang='lat' dir='ltr'><strong>Domini</strong></span> <span class='ocrx_word' id='word_1_221' title='bbox 3557 1359 3718 1423; x_wconf 86' lang='lat' dir='ltr'><strong>nostri,</strong></span> 
     </span>
    </p>
   </div>
   <div class='ocr_carea' id='block_1_30' title="bbox 2171 1447 3722 1524">
    <p class='ocr_par' dir='ltr' id='par_1_30' title="bbox 2171 1447 3722 1524">
     <span class='ocr_line' id='line_1_30' title="bbox 2171 1447 3722 1524; baseline -0.005 -15"><span class='ocrx_word' id='word_1_222' title='bbox 2171 1455 2289 1509; x_wconf 91' lang='lat' dir='ltr'><strong>dies</strong></span> <span class='ocrx_word' id='word_1_223' title='bbox 2337 1460 2470 1510; x_wconf 89' lang='lat' dir='ltr'><strong>sunt</strong></span> <span class='ocrx_word' id='word_1_224' title='bbox 2511 1455 2570 1508; x_wconf 91' lang='lat' dir='ltr'><strong>in</strong></span> <span class='ocrx_word' id='word_1_225' title='bbox 2601 1453 2802 1524; x_wconf 78' lang='lat' dir='ltr'><strong>quibus</strong></span> <span class='ocrx_word' id='word_1_226' title='bbox 2840 1469 3066 1506; x_wconf 85' lang='lat' dir='ltr'><strong>carnem</strong></span> <span class='ocrx_word' id='word_1_227' title='bbox 3105 1451 3435 1522; x_wconf 86' lang='lat' dir='ltr'><strong>assumpsit,</strong></span> <span class='ocrx_word' id='word_1_228' title='bbox 3467 1451 3520 1504; x_wconf 89' lang='lat' dir='ltr'><strong>in</strong></span> <span class='ocrx_word' id='word_1_229' title='bbox 3560 1447 3722 1520; x_wconf 88' lang='lat' dir='ltr'><strong>quibus</strong></span> 
     </span>
    </p>
   </div>
   <div class='ocr_carea' id='block_1_31' title="bbox 491 1537 3726 1614">
    <p class='ocr_par' dir='ltr' id='par_1_31' title="bbox 491 1537 3726 1614">
     <span class='ocr_line' id='line_1_31' title="bbox 491 1537 3726 1614; baseline 0 -24"><span class='ocrx_word' id='word_1_230' title='bbox 491 1551 616 1591; x_wconf 91' lang='lat' dir='ltr'><strong>esse</strong></span> <span class='ocrx_word' id='word_1_231' title='bbox 633 1537 981 1592; x_wconf 85' lang='lat' dir='ltr'><strong>sacerdotem</strong></span> <span class='ocrx_word' id='word_1_232' title='bbox 1003 1541 1310 1596; x_wconf 90' lang='lat' dir='ltr'><strong>secundum</strong></span> <span class='ocrx_word' id='word_1_233' title='bbox 1331 1542 1390 1596; x_wconf 91' lang='lat' dir='ltr'><strong>id</strong></span> <span class='ocrx_word' id='word_1_234' title='bbox 1408 1544 1555 1613; x_wconf 93' lang='lat' dir='ltr'><strong>quod</strong></span> <span class='ocrx_word' id='word_1_235' title='bbox 1577 1543 1804 1614; x_wconf 88' lang='lat' dir='ltr'><strong>genitus</strong></span> <span class='ocrx_word' id='word_1_236' title='bbox 1820 1550 1907 1598; x_wconf 91' lang='lat' dir='ltr'><strong>est</strong></span> <span class='ocrx_word' id='word_1_237' title='bbox 1923 1560 1954 1596; x_wconf 90' lang='lat' dir='ltr'><strong>a</strong></span> <span class='ocrx_word' id='word_1_238' title='bbox 1972 1543 2090 1597; x_wconf 90' lang='lat' dir='ltr'><strong>Deo</strong></span> <span class='ocrx_word' id='word_1_239' title='bbox 2172 1549 2423 1598; x_wconf 88' lang='lat' dir='ltr'><strong>tentatus</strong></span> <span class='ocrx_word' id='word_1_240' title='bbox 2453 1549 2539 1598; x_wconf 91' lang='lat' dir='ltr'><strong>est</strong></span> <span class='ocrx_word' id='word_1_241' title='bbox 2575 1549 2632 1596; x_wconf 88' lang='lat' dir='ltr'><strong>et</strong></span> <span class='ocrx_word' id='word_1_242' title='bbox 2660 1558 2877 1613; x_wconf 90' lang='lat' dir='ltr'><strong>passus,</strong></span> <span class='ocrx_word' id='word_1_243' title='bbox 2903 1547 2959 1595; x_wconf 93' lang='lat' dir='ltr'><strong>et</strong></span> <span class='ocrx_word' id='word_1_244' title='bbox 2986 1542 3043 1594; x_wconf 87' lang='lat' dir='ltr'><strong>in</strong></span> <span class='ocrx_word' id='word_1_245' title='bbox 3073 1541 3280 1611; x_wconf 91' lang='lat' dir='ltr'><strong>quibus</strong></span> <span class='ocrx_word' id='word_1_246' title='bbox 3308 1539 3538 1594; x_wconf 87' lang='lat' dir='ltr'><strong>mortale</strong></span> <span class='ocrx_word' id='word_1_247' title='bbox 3563 1553 3726 1608; x_wconf 88' lang='lat' dir='ltr'><strong>corpus</strong></span> 
     </span>
    </p>
   </div>
   <div class='ocr_carea' id='block_1_32' title="bbox 489 1615 3725 1702">
    <p class='ocr_par' dir='ltr' id='par_1_32' title="bbox 489 1615 3725 1702">
     <span class='ocr_line' id='line_1_32' title="bbox 489 1615 3725 1702; baseline -0.001 -21"><span class='ocrx_word' id='word_1_248' title='bbox 489 1624 659 1681; x_wconf 85' lang='lat' dir='ltr'><strong>Patre</strong></span> <span class='ocrx_word' id='word_1_249' title='bbox 680 1632 810 1681; x_wconf 86' lang='lat' dir='ltr'><strong>ante</strong></span> <span class='ocrx_word' id='word_1_250' title='bbox 829 1628 1020 1682; x_wconf 82' lang='lat' dir='ltr'><strong>omnia</strong></span> <span class='ocrx_word' id='word_1_251' title='bbox 1039 1630 1261 1696; x_wconf 62' lang='lat' dir='ltr'><strong>saecula,</strong></span> <span class='ocrx_word' id='word_1_252' title='bbox 1281 1637 1593 1686; x_wconf 68' lang='lat' dir='ltr'><strong>coaeternus</strong></span> <span class='ocrx_word' id='word_1_253' title='bbox 1610 1631 1866 1702; x_wconf 81' lang='lat' dir='ltr'><strong>gignenti</strong></span> <span class='ocrx_word' id='word_1_254' title='bbox 1889 1637 1946 1686; x_wconf 93' lang='lat' dir='ltr'><strong>et</strong></span> <span class='ocrx_word' id='word_1_255' title='bbox 1963 1647 2092 1685; x_wconf 91' lang='lat' dir='ltr'><strong>con-</strong></span> <span class='ocrx_word' id='word_1_256' title='bbox 2110 1615 2157 1675; x_wconf 83' lang='grc' dir='ltr'>Β</span> <span class='ocrx_word' id='word_1_257' title='bbox 2176 1632 2528 1686; x_wconf 89' lang='lat' dir='ltr'><strong>inhabitavit.</strong></span> <span class='ocrx_word' id='word_1_258' title='bbox 2573 1631 2778 1685; x_wconf 87' lang='lat' dir='ltr'><strong>Omnia</strong></span> <span class='ocrx_word' id='word_1_259' title='bbox 2807 1635 2996 1684; x_wconf 91' lang='lat' dir='ltr'><strong>autem</strong></span> <span class='ocrx_word' id='word_1_260' title='bbox 3029 1647 3152 1700; x_wconf 64' lang='lat' dir='ltr'><strong>quae</strong></span> <span class='ocrx_word' id='word_1_261' title='bbox 3183 1629 3304 1700; x_wconf 90' lang='lat' dir='ltr'><strong>ipse</strong></span> <span class='ocrx_word' id='word_1_262' title='bbox 3334 1629 3447 1698; x_wconf 84' lang='lat' dir='ltr'><strong>egit</strong></span> <span class='ocrx_word' id='word_1_263' title='bbox 3482 1627 3536 1682; x_wconf 91' lang='lat' dir='ltr'><strong>in</strong></span> <span class='ocrx_word' id='word_1_264' title='bbox 3573 1643 3725 1693; x_wconf 85' lang='lat' dir='ltr'><strong>carne,</strong></span> 
     </span>
    </p>
   </div>
   <div class='ocr_carea' id='block_1_33' title="bbox 491 1713 2092 1792">
    <p class='ocr_par' dir='ltr' id='par_1_33' title="bbox 491 1713 2092 1792">
     <span class='ocr_line' id='line_1_33' title="bbox 491 1713 2092 1792; baseline 0.004 -24"><span class='ocrx_word' id='word_1_265' title='bbox 491 1713 879 1770; x_wconf 86' lang='lat' dir='ltr'><strong>substantialis</strong></span> <span class='ocrx_word' id='word_1_266' title='bbox 906 1733 1071 1770; x_wconf 89' lang='lat' dir='ltr'><strong>verus</strong></span> <span class='ocrx_word' id='word_1_267' title='bbox 1100 1718 1250 1773; x_wconf 88' lang='lat' dir='ltr'><strong>Deus</strong></span> <span class='ocrx_word' id='word_1_268' title='bbox 1276 1736 1510 1774; x_wconf 89' lang='lat' dir='ltr'><strong>manens</strong></span> <span class='ocrx_word' id='word_1_269' title='bbox 1542 1722 1690 1792; x_wconf 90' lang='lat' dir='ltr'><strong>apud</strong></span> <span class='ocrx_word' id='word_1_270' title='bbox 1721 1723 1966 1784; x_wconf 83' lang='lat' dir='ltr'><strong>Patrem,</strong></span> <span class='ocrx_word' id='word_1_271' title='bbox 1993 1720 2092 1774; x_wconf 87' lang='lat' dir='ltr'><strong>sed</strong></span> 
     </span>
    </p>
   </div>
   <div class='ocr_carea' id='block_1_34' title="bbox 492 1803 2092 1879">
    <p class='ocr_par' dir='ltr' id='par_1_34' title="bbox 492 1803 2092 1879">
     <span class='ocr_line' id='line_1_34' title="bbox 492 1803 2092 1879; baseline 0.003 -22"><span class='ocrx_word' id='word_1_272' title='bbox 492 1803 800 1858; x_wconf 86' lang='lat' dir='ltr'><strong>secundum</strong></span> <span class='ocrx_word' id='word_1_273' title='bbox 829 1804 936 1859; x_wconf 89' lang='lat' dir='ltr'><strong>hoc</strong></span> <span class='ocrx_word' id='word_1_274' title='bbox 967 1807 1116 1877; x_wconf 92' lang='lat' dir='ltr'><strong>quod</strong></span> <span class='ocrx_word' id='word_1_275' title='bbox 1145 1813 1311 1863; x_wconf 89' lang='lat' dir='ltr'><strong>natus</strong></span> <span class='ocrx_word' id='word_1_276' title='bbox 1341 1814 1427 1863; x_wconf 90' lang='lat' dir='ltr'><strong>est</strong></span> <span class='ocrx_word' id='word_1_277' title='bbox 1453 1826 1520 1864; x_wconf 88' lang='lat' dir='ltr'><strong>ex</strong></span> <span class='ocrx_word' id='word_1_278' title='bbox 1548 1815 1712 1864; x_wconf 89' lang='lat' dir='ltr'><strong>utero</strong></span> <span class='ocrx_word' id='word_1_279' title='bbox 1741 1807 2003 1879; x_wconf 85' lang='lat' dir='ltr'><strong>virginali</strong></span> <span class='ocrx_word' id='word_1_280' title='bbox 2033 1807 2092 1861; x_wconf 90' lang='lat' dir='ltr'><strong>in</strong></span> 
     </span>
    </p>
   </div>
   <div class='ocr_carea' id='block_1_35' title="bbox 491 1891 2095 1970">
    <p class='ocr_par' dir='ltr' id='par_1_35' title="bbox 491 1891 2095 1970">
     <span class='ocr_line' id='line_1_35' title="bbox 491 1891 2095 1970; baseline 0.003 -25"><span class='ocrx_word' id='word_1_281' title='bbox 491 1891 605 1946; x_wconf 83' lang='lat' dir='ltr'><strong>ﬁne</strong></span> <span class='ocrx_word' id='word_1_282' title='bbox 635 1897 954 1964; x_wconf 86' lang='lat' dir='ltr'><strong>temporum</strong></span> <span class='ocrx_word' id='word_1_283' title='bbox 983 1894 1150 1950; x_wconf 91' lang='lat' dir='ltr'><strong>homo</strong></span> <span class='ocrx_word' id='word_1_284' title='bbox 1189 1896 1388 1962; x_wconf 81' lang='lat' dir='ltr'><strong>tactus,</strong></span> <span class='ocrx_word' id='word_1_285' title='bbox 1419 1915 1634 1953; x_wconf 87' lang='lat' dir='ltr'><strong>necnon</strong></span> <span class='ocrx_word' id='word_1_286' title='bbox 1665 1904 1894 1970; x_wconf 91' lang='lat' dir='ltr'><strong>propter</strong></span> <span class='ocrx_word' id='word_1_287' title='bbox 1932 1896 2095 1950; x_wconf 85' lang='lat' dir='ltr'><strong>victi-</strong></span> 
     </span>
    </p>
   </div>
   <div class='ocr_carea' id='block_1_36' title="bbox 490 1983 2094 2058">
    <p class='ocr_par' dir='ltr' id='par_1_36' title="bbox 490 1983 2094 2058">
     <span class='ocr_line' id='line_1_36' title="bbox 490 1983 2094 2058; baseline 0.002 -23"><span class='ocrx_word' id='word_1_288' title='bbox 490 1996 645 2036; x_wconf 90' lang='lat' dir='ltr'><strong>mam</strong></span> <span class='ocrx_word' id='word_1_289' title='bbox 673 1998 844 2053; x_wconf 88' lang='lat' dir='ltr'><strong>quam</strong></span> <span class='ocrx_word' id='word_1_290' title='bbox 873 1999 975 2054; x_wconf 85' lang='lat' dir='ltr'><strong>pro</strong></span> <span class='ocrx_word' id='word_1_291' title='bbox 1003 1983 1164 2039; x_wconf 89' lang='lat' dir='ltr'><strong>nobis</strong></span> <span class='ocrx_word' id='word_1_292' title='bbox 1179 1985 1381 2042; x_wconf 89' lang='lat' dir='ltr'><strong>obtulit</strong></span> <span class='ocrx_word' id='word_1_293' title='bbox 1403 2003 1436 2040; x_wconf 89' lang='lat' dir='ltr'><strong>a</strong></span> <span class='ocrx_word' id='word_1_294' title='bbox 1456 1986 1616 2042; x_wconf 88' lang='lat' dir='ltr'><strong>nobis</strong></span> <span class='ocrx_word' id='word_1_295' title='bbox 1637 1998 1947 2058; x_wconf 87' lang='lat' dir='ltr'><strong>acceptam,</strong></span> <span class='ocrx_word' id='word_1_296' title='bbox 1970 2001 2094 2039; x_wconf 87' lang='lat' dir='ltr'><strong>car-</strong></span> 
     </span>
    </p>
   </div>
   <div class='ocr_carea' id='block_1_37' title="bbox 491 2070 2097 2146">
    <p class='ocr_par' dir='ltr' id='par_1_37' title="bbox 491 2070 2097 2146">
     <span class='ocr_line' id='line_1_37' title="bbox 491 2070 2097 2146; baseline 0.002 -23"><span class='ocrx_word' id='word_1_297' title='bbox 491 2085 621 2124; x_wconf 88' lang='lat' dir='ltr'><strong>nem</strong></span> <span class='ocrx_word' id='word_1_298' title='bbox 641 2070 900 2126; x_wconf 84' lang='lat' dir='ltr'><strong>videlicet</strong></span> <span class='ocrx_word' id='word_1_299' title='bbox 917 2089 984 2126; x_wconf 87' lang='lat' dir='ltr'><strong>ac</strong></span> <span class='ocrx_word' id='word_1_300' title='bbox 1002 2073 1336 2144; x_wconf 85' lang='lat' dir='ltr'><strong>sanguinem</strong></span> <span class='ocrx_word' id='word_1_301' title='bbox 1358 2092 1546 2130; x_wconf 90' lang='lat' dir='ltr'><strong>suum.</strong></span> <span class='ocrx_word' id='word_1_302' title='bbox 1572 2075 1682 2130; x_wconf 89' lang='lat' dir='ltr'><strong>Sed</strong></span> <span class='ocrx_word' id='word_1_303' title='bbox 1707 2091 1882 2146; x_wconf 89' lang='lat' dir='ltr'><strong>quare</strong></span> <span class='ocrx_word' id='word_1_304' title='bbox 1902 2089 2097 2128; x_wconf 89' lang='lat' dir='ltr'><strong>secun-</strong></span> 
     </span>
    </p>
   </div>
   <div class='ocr_carea' id='block_1_38' title="bbox 490 2156 2092 2224">
    <p class='ocr_par' dir='ltr' id='par_1_38' title="bbox 490 2156 2092 2224">
     <span class='ocr_line' id='line_1_38' title="bbox 490 2156 2092 2224; baseline 0.001 -12"><span class='ocrx_word' id='word_1_305' title='bbox 490 2156 628 2212; x_wconf 87' lang='lat' dir='ltr'><strong>dum</strong></span> <span class='ocrx_word' id='word_1_306' title='bbox 651 2159 904 2215; x_wconf 90' lang='lat' dir='ltr'><strong>ordinem</strong></span> <span class='ocrx_word' id='word_1_307' title='bbox 925 2160 1351 2224; x_wconf 87' lang='lat' dir='ltr'><strong>Melchisedech,</strong></span> <span class='ocrx_word' id='word_1_308' title='bbox 1385 2169 1443 2217; x_wconf 91' lang='lat' dir='ltr'><strong>et</strong></span> <span class='ocrx_word' id='word_1_309' title='bbox 1462 2179 1573 2217; x_wconf 91' lang='lat' dir='ltr'><strong>non</strong></span> <span class='ocrx_word' id='word_1_310' title='bbox 1599 2163 1908 2219; x_wconf 90' lang='lat' dir='ltr'><strong>secundum</strong></span> <span class='ocrx_word' id='word_1_311' title='bbox 1939 2161 2092 2216; x_wconf 67' lang='lat' dir='ltr'><strong>ordio</strong></span> 
     </span>
    </p>
   </div>
   <div class='ocr_carea' id='block_1_39' title="bbox 492 2249 2095 2320">
    <p class='ocr_par' dir='ltr' id='par_1_39' title="bbox 492 2249 2095 2320">
     <span class='ocr_line' id='line_1_39' title="bbox 492 2249 2095 2320; baseline 0.002 -20"><span class='ocrx_word' id='word_1_312' title='bbox 492 2261 626 2301; x_wconf 89' lang='lat' dir='ltr'><strong>nem</strong></span> <span class='ocrx_word' id='word_1_313' title='bbox 641 2249 835 2303; x_wconf 89' lang='lat' dir='ltr'><strong>Aaron</strong></span> <span class='ocrx_word' id='word_1_314' title='bbox 841 2249 1092 2318; x_wconf 88' lang='lat' dir='ltr'><strong>,dicatur</strong></span> <span class='ocrx_word' id='word_1_315' title='bbox 1111 2251 1348 2306; x_wconf 87' lang='lat' dir='ltr'><strong>existere</strong></span> <span class='ocrx_word' id='word_1_316' title='bbox 1369 2253 1650 2320; x_wconf 88' lang='lat' dir='ltr'><strong>sacerdos,</strong></span> <span class='ocrx_word' id='word_1_317' title='bbox 1667 2253 1898 2307; x_wconf 70' lang='lat' dir='ltr'><strong>diversae</strong></span> <span class='ocrx_word' id='word_1_318' title='bbox 1915 2267 2095 2306; x_wconf 81' lang='lat' dir='ltr'><strong>causae</strong></span> 
     </span>
    </p>
   </div>
   <div class='ocr_carea' id='block_1_40' title="bbox 496 2336 2096 2411">
    <p class='ocr_par' dir='ltr' id='par_1_40' title="bbox 496 2336 2096 2411">
     <span class='ocr_line' id='line_1_40' title="bbox 496 2336 2096 2411; baseline 0.002 -22"><span class='ocrx_word' id='word_1_319' title='bbox 496 2336 764 2391; x_wconf 88' lang='lat' dir='ltr'><strong>existunt.</strong></span> <span class='ocrx_word' id='word_1_320' title='bbox 795 2338 864 2391; x_wconf 87' lang='lat' dir='ltr'><strong>Et</strong></span> <span class='ocrx_word' id='word_1_321' title='bbox 909 2338 1092 2408; x_wconf 86' lang='lat' dir='ltr'><strong>prima</strong></span> <span class='ocrx_word' id='word_1_322' title='bbox 1121 2340 1347 2410; x_wconf 89' lang='lat' dir='ltr'><strong>quidem</strong></span> <span class='ocrx_word' id='word_1_323' title='bbox 1392 2346 1496 2407; x_wconf 89' lang='lat' dir='ltr'><strong>est,</strong></span> <span class='ocrx_word' id='word_1_324' title='bbox 1530 2342 1663 2411; x_wconf 88' lang='lat' dir='ltr'><strong>quia</strong></span> <span class='ocrx_word' id='word_1_325' title='bbox 1690 2339 2096 2395; x_wconf 89' lang='lat' dir='ltr'><strong>Melchisedech</strong></span> 
     </span>
    </p>
   </div>
   <div class='ocr_carea' id='block_1_41' title="bbox 493 2424 2098 2497">
    <p class='ocr_par' dir='ltr' id='par_1_41' title="bbox 493 2424 2098 2497">
     <span class='ocr_line' id='line_1_41' title="bbox 493 2424 2098 2497; baseline 0.001 -17"><span class='ocrx_word' id='word_1_326' title='bbox 493 2424 802 2480; x_wconf 81' lang='lat' dir='ltr'><strong>secundum</strong></span> <span class='ocrx_word' id='word_1_327' title='bbox 823 2426 1025 2497; x_wconf 84' lang='lat' dir='ltr'><strong>legalia</strong></span> <span class='ocrx_word' id='word_1_328' title='bbox 1045 2429 1312 2484; x_wconf 82' lang='lat' dir='ltr'><strong>mandata</strong></span> <span class='ocrx_word' id='word_1_329' title='bbox 1331 2445 1443 2484; x_wconf 89' lang='lat' dir='ltr'><strong>non</strong></span> <span class='ocrx_word' id='word_1_330' title='bbox 1462 2430 1568 2485; x_wconf 85' lang='lat' dir='ltr'><strong>fuit</strong></span> <span class='ocrx_word' id='word_1_331' title='bbox 1586 2430 1866 2495; x_wconf 87' lang='lat' dir='ltr'><strong>sacerdos,</strong></span> <span class='ocrx_word' id='word_1_332' title='bbox 1892 2428 1987 2482; x_wconf 91' lang='lat' dir='ltr'><strong>sed</strong></span> <span class='ocrx_word' id='word_1_333' title='bbox 2007 2444 2098 2482; x_wconf 93' lang='lat' dir='ltr'><strong>se-</strong></span> 
     </span>
    </p>
   </div>
   <div class='ocr_carea' id='block_1_42' title="bbox 497 2513 2093 2589">
    <p class='ocr_par' dir='ltr' id='par_1_42' title="bbox 497 2513 2093 2589">
     <span class='ocr_line' id='line_1_42' title="bbox 497 2513 2093 2589; baseline 0.001 -21"><span class='ocrx_word' id='word_1_334' title='bbox 497 2513 742 2569; x_wconf 88' lang='lat' dir='ltr'><strong>cundum</strong></span> <span class='ocrx_word' id='word_1_335' title='bbox 768 2516 1062 2586; x_wconf 87' lang='lat' dir='ltr'><strong>cujusdam</strong></span> <span class='ocrx_word' id='word_1_336' title='bbox 1091 2517 1395 2588; x_wconf 86' lang='lat' dir='ltr'><strong>singularis</strong></span> <span class='ocrx_word' id='word_1_337' title='bbox 1414 2519 1712 2573; x_wconf 89' lang='lat' dir='ltr'><strong>sacerdotii</strong></span> <span class='ocrx_word' id='word_1_338' title='bbox 1733 2517 2093 2589; x_wconf 88' lang='lat' dir='ltr'><strong>dignitatem,</strong></span> 
     </span>
    </p>
   </div>
   <div class='ocr_carea' id='block_1_43' title="bbox 496 2605 2099 2674">
    <p class='ocr_par' dir='ltr' id='par_1_43' title="bbox 496 2605 2099 2674">
     <span class='ocr_line' id='line_1_43' title="bbox 496 2605 2099 2674; baseline 0.001 -17"><span class='ocrx_word' id='word_1_339' title='bbox 496 2619 701 2674; x_wconf 85' lang='lat' dir='ltr'><strong>panem</strong></span> <span class='ocrx_word' id='word_1_340' title='bbox 721 2605 959 2659; x_wconf 77' lang='lat' dir='ltr'><strong>offerens</strong></span> <span class='ocrx_word' id='word_1_341' title='bbox 980 2606 1094 2660; x_wconf 91' lang='lat' dir='ltr'><strong>Deo</strong></span> <span class='ocrx_word' id='word_1_342' title='bbox 1120 2612 1178 2661; x_wconf 93' lang='lat' dir='ltr'><strong>et</strong></span> <span class='ocrx_word' id='word_1_343' title='bbox 1201 2607 1412 2674; x_wconf 90' lang='lat' dir='ltr'><strong>vinum,</strong></span> <span class='ocrx_word' id='word_1_344' title='bbox 1439 2611 1496 2662; x_wconf 90' lang='lat' dir='ltr'><strong>et</strong></span> <span class='ocrx_word' id='word_1_345' title='bbox 1524 2625 1636 2662; x_wconf 91' lang='lat' dir='ltr'><strong>non</strong></span> <span class='ocrx_word' id='word_1_346' title='bbox 1663 2608 1956 2661; x_wconf 90' lang='lat' dir='ltr'><strong>brutorum</strong></span> <span class='ocrx_word' id='word_1_347' title='bbox 1980 2605 2099 2659; x_wconf 89' lang='lat' dir='ltr'><strong>ani-</strong></span> 
     </span>
    </p>
   </div>
   <div class='ocr_carea' id='block_1_44' title="bbox 499 2692 2099 2766">
    <p class='ocr_par' dir='ltr' id='par_1_44' title="bbox 499 2692 2099 2766">
     <span class='ocr_line' id='line_1_44' title="bbox 499 2692 2099 2766; baseline 0.001 -21"><span class='ocrx_word' id='word_1_348' title='bbox 499 2692 733 2746; x_wconf 87' lang='lat' dir='ltr'><strong>malium</strong></span> <span class='ocrx_word' id='word_1_349' title='bbox 758 2694 1108 2764; x_wconf 82' lang='lat' dir='ltr'><strong>sanguinem.</strong></span> <span class='ocrx_word' id='word_1_350' title='bbox 1129 2695 1195 2750; x_wconf 90' lang='lat' dir='ltr'><strong>In</strong></span> <span class='ocrx_word' id='word_1_351' title='bbox 1215 2697 1376 2766; x_wconf 89' lang='lat' dir='ltr'><strong>cujus</strong></span> <span class='ocrx_word' id='word_1_352' title='bbox 1397 2696 1592 2751; x_wconf 90' lang='lat' dir='ltr'><strong>ordine</strong></span> <span class='ocrx_word' id='word_1_353' title='bbox 1613 2695 1913 2750; x_wconf 89' lang='lat' dir='ltr'><strong>sacerdotii</strong></span> <span class='ocrx_word' id='word_1_354' title='bbox 1937 2693 2099 2749; x_wconf 85' lang='lat' dir='ltr'><strong>Chri-</strong></span> 
     </span>
    </p>
   </div>
   <div class='ocr_carea' id='block_1_45' title="bbox 500 2781 2102 2857">
    <p class='ocr_par' dir='ltr' id='par_1_45' title="bbox 500 2781 2102 2857">
     <span class='ocr_line' id='line_1_45' title="bbox 500 2781 2102 2857; baseline -0.001 -20"><span class='ocrx_word' id='word_1_355' title='bbox 500 2785 624 2837; x_wconf 89' lang='lat' dir='ltr'><strong>stus</strong></span> <span class='ocrx_word' id='word_1_356' title='bbox 648 2781 828 2837; x_wconf 88' lang='lat' dir='ltr'><strong>factus</strong></span> <span class='ocrx_word' id='word_1_357' title='bbox 856 2788 942 2837; x_wconf 90' lang='lat' dir='ltr'><strong>est</strong></span> <span class='ocrx_word' id='word_1_358' title='bbox 969 2783 1248 2850; x_wconf 86' lang='lat' dir='ltr'><strong>sacerdos,</strong></span> <span class='ocrx_word' id='word_1_359' title='bbox 1281 2801 1396 2840; x_wconf 89' lang='lat' dir='ltr'><strong>non</strong></span> <span class='ocrx_word' id='word_1_360' title='bbox 1427 2785 1774 2857; x_wconf 88' lang='lat' dir='ltr'><strong>temporalis.</strong></span> <span class='ocrx_word' id='word_1_361' title='bbox 1809 2784 1907 2838; x_wconf 90' lang='lat' dir='ltr'><strong>sed</strong></span> <span class='ocrx_word' id='word_1_362' title='bbox 1937 2787 2102 2837; x_wconf 66' lang='lat' dir='ltr'><strong>aeter-</strong></span> 
     </span>
    </p>
   </div>
   <div class='ocr_carea' id='block_1_46' title="bbox 499 2870 2096 2944">
    <p class='ocr_par' dir='ltr' id='par_1_46' title="bbox 499 2870 2096 2944">
     <span class='ocr_line' id='line_1_46' title="bbox 499 2870 2096 2944; baseline -0.002 -17"><span class='ocrx_word' id='word_1_363' title='bbox 499 2886 610 2927; x_wconf 85' lang='lat' dir='ltr'><strong>nus</strong></span> <span class='ocrx_word' id='word_1_364' title='bbox 633 2888 646 2925; x_wconf 90' lang='lat'><strong>:</strong></span> <span class='ocrx_word' id='word_1_365' title='bbox 671 2886 775 2926; x_wconf 90' lang='lat' dir='ltr'><strong>nec</strong></span> <span class='ocrx_word' id='word_1_366' title='bbox 793 2870 1032 2927; x_wconf 76' lang='lat' dir='ltr'><strong>oﬂerens</strong></span> <span class='ocrx_word' id='word_1_367' title='bbox 1065 2872 1320 2928; x_wconf 86' lang='lat' dir='ltr'><strong>victimas</strong></span> <span class='ocrx_word' id='word_1_368' title='bbox 1349 2873 1583 2944; x_wconf 84' lang='lat' dir='ltr'><strong>legales,</strong></span> <span class='ocrx_word' id='word_1_369' title='bbox 1601 2875 1699 2928; x_wconf 90' lang='lat' dir='ltr'><strong>sed</strong></span> <span class='ocrx_word' id='word_1_370' title='bbox 1724 2873 1904 2928; x_wconf 90' lang='lat' dir='ltr'><strong>instar</strong></span> <span class='ocrx_word' id='word_1_371' title='bbox 1927 2872 2096 2933; x_wconf 91' lang='lat' dir='ltr'><strong>illius,</strong></span> 
     </span>
    </p>
   </div>
   <div class='ocr_carea' id='block_1_47' title="bbox 2173 1715 3727 1794">
    <p class='ocr_par' dir='ltr' id='par_1_47' title="bbox 2173 1715 3727 1794">
     <span class='ocr_line' id='line_1_47' title="bbox 2173 1715 3727 1794; baseline -0.005 -18"><span class='ocrx_word' id='word_1_372' title='bbox 2173 1738 2388 1794; x_wconf 90' lang='lat' dir='ltr'><strong>preces,</strong></span> <span class='ocrx_word' id='word_1_373' title='bbox 2419 1719 2965 1792; x_wconf 88' lang='lat' dir='ltr'><strong>supplicationesque</strong></span> <span class='ocrx_word' id='word_1_374' title='bbox 2994 1719 3223 1772; x_wconf 81' lang='lat' dir='ltr'><strong>fuerunt</strong></span> <span class='ocrx_word' id='word_1_375' title='bbox 3258 1735 3360 1788; x_wconf 89' lang='lat' dir='ltr'><strong>pro</strong></span> <span class='ocrx_word' id='word_1_376' title='bbox 3399 1717 3619 1788; x_wconf 88' lang='lat' dir='ltr'><strong>peccatis</strong></span> <span class='ocrx_word' id='word_1_377' title='bbox 3643 1715 3727 1770; x_wconf 82' lang='lat' dir='ltr'><strong>hu-</strong></span> 
     </span>
    </p>
   </div>
   <div class='ocr_carea' id='block_1_48' title="bbox 2173 1805 3726 1880">
    <p class='ocr_par' dir='ltr' id='par_1_48' title="bbox 2173 1805 3726 1880">
     <span class='ocr_line' id='line_1_48' title="bbox 2173 1805 3726 1880; baseline -0.005 -16"><span class='ocrx_word' id='word_1_378' title='bbox 2173 1811 2326 1864; x_wconf 89' lang='lat' dir='ltr'><strong>mani</strong></span> <span class='ocrx_word' id='word_1_379' title='bbox 2354 1809 2598 1880; x_wconf 87' lang='lat' dir='ltr'><strong>generis.</strong></span> <span class='ocrx_word' id='word_1_380' title='bbox 2635 1810 2806 1864; x_wconf 90' lang='lat' dir='ltr'><strong>Sacra</strong></span> <span class='ocrx_word' id='word_1_381' title='bbox 2826 1824 2954 1862; x_wconf 87' lang='lat' dir='ltr'><strong>vero</strong></span> <span class='ocrx_word' id='word_1_382' title='bbox 2975 1807 3271 1878; x_wconf 89' lang='lat' dir='ltr'><strong>sanguinis</strong></span> <span class='ocrx_word' id='word_1_383' title='bbox 3295 1808 3418 1878; x_wconf 85' lang='lat' dir='ltr'><strong>ejus</strong></span> <span class='ocrx_word' id='word_1_384' title='bbox 3441 1805 3618 1860; x_wconf 78' lang='lat' dir='ltr'><strong>effusio</strong></span> <span class='ocrx_word' id='word_1_385' title='bbox 3636 1805 3726 1857; x_wconf 86' lang='lat' dir='ltr'><strong>cla-</strong></span> 
     </span>
    </p>
   </div>
   <div class='ocr_carea' id='block_1_49' title="bbox 2175 1896 3726 1968">
    <p class='ocr_par' dir='ltr' id='par_1_49' title="bbox 2175 1896 3726 1968">
     <span class='ocr_line' id='line_1_49' title="bbox 2175 1896 3726 1968; baseline -0.005 -14"><span class='ocrx_word' id='word_1_386' title='bbox 2175 1916 2302 1954; x_wconf 91' lang='lat' dir='ltr'><strong>mor</strong></span> <span class='ocrx_word' id='word_1_387' title='bbox 2325 1899 2432 1953; x_wconf 87' lang='lat' dir='ltr'><strong>fuit</strong></span> <span class='ocrx_word' id='word_1_388' title='bbox 2463 1898 2702 1964; x_wconf 90' lang='lat' dir='ltr'><strong>validus,</strong></span> <span class='ocrx_word' id='word_1_389' title='bbox 2729 1897 2788 1951; x_wconf 88' lang='lat' dir='ltr'><strong>in</strong></span> <span class='ocrx_word' id='word_1_390' title='bbox 2819 1914 2929 1968; x_wconf 93' lang='lat' dir='ltr'><strong>quo</strong></span> <span class='ocrx_word' id='word_1_391' title='bbox 2961 1898 3261 1952; x_wconf 83' lang='lat' dir='ltr'><strong>exauditus</strong></span> <span class='ocrx_word' id='word_1_392' title='bbox 3290 1903 3378 1951; x_wconf 91' lang='lat' dir='ltr'><strong>est</strong></span> <span class='ocrx_word' id='word_1_393' title='bbox 3401 1913 3434 1950; x_wconf 91' lang='lat' dir='ltr'><strong>a</strong></span> <span class='ocrx_word' id='word_1_394' title='bbox 3463 1897 3568 1950; x_wconf 89' lang='lat' dir='ltr'><strong>Deo</strong></span> <span class='ocrx_word' id='word_1_395' title='bbox 3595 1896 3726 1948; x_wconf 84' lang='lat' dir='ltr'><strong>Patre</strong></span> 
     </span>
    </p>
   </div>
   <div class='ocr_carea' id='block_1_50' title="bbox 2177 1983 3728 2061">
    <p class='ocr_par' dir='ltr' id='par_1_50' title="bbox 2177 1983 3728 2061">
     <span class='ocr_line' id='line_1_50' title="bbox 2177 1983 3728 2061; baseline -0.005 -19"><span class='ocrx_word' id='word_1_396' title='bbox 2177 2005 2279 2061; x_wconf 92' lang='lat' dir='ltr'><strong>pro</strong></span> <span class='ocrx_word' id='word_1_397' title='bbox 2302 2004 2406 2041; x_wconf 93' lang='lat' dir='ltr'><strong>sua</strong></span> <span class='ocrx_word' id='word_1_398' title='bbox 2426 1986 2759 2052; x_wconf 87' lang='lat' dir='ltr'><strong>reverentia,</strong></span> <span class='ocrx_word' id='word_1_399' title='bbox 2783 1988 2885 2041; x_wconf 90' lang='lat' dir='ltr'><strong>hoc</strong></span> <span class='ocrx_word' id='word_1_400' title='bbox 2907 1992 2991 2041; x_wconf 88' lang='lat' dir='ltr'><strong>est</strong></span> <span class='ocrx_word' id='word_1_401' title='bbox 3019 1985 3343 2040; x_wconf 86' lang='lat' dir='ltr'><strong>voluntaria</strong></span> <span class='ocrx_word' id='word_1_402' title='bbox 3363 1983 3666 2044; x_wconf 84' lang='lat' dir='ltr'><strong>obedientia,</strong></span> <span class='ocrx_word' id='word_1_403' title='bbox 3685 1987 3728 2036; x_wconf 89' lang='lat' dir='ltr'><strong>et</strong></span> 
     </span>
    </p>
   </div>
   <div class='ocr_carea' id='block_1_51' title="bbox 2177 2073 3726 2148">
    <p class='ocr_par' dir='ltr' id='par_1_51' title="bbox 2177 2073 3726 2148">
     <span class='ocr_line' id='line_1_51' title="bbox 2177 2073 3726 2148; baseline -0.004 -18"><span class='ocrx_word' id='word_1_404' title='bbox 2177 2076 2586 2148; x_wconf 89' lang='lat' dir='ltr'><strong>perfectissima</strong></span> <span class='ocrx_word' id='word_1_405' title='bbox 2607 2075 2900 2129; x_wconf 83' lang='lat' dir='ltr'><strong>charitate.</strong></span> <span class='ocrx_word' id='word_1_406' title='bbox 2925 2075 3125 2129; x_wconf 91' lang='lat' dir='ltr'><strong>Nonne</strong></span> <span class='ocrx_word' id='word_1_407' title='bbox 3150 2090 3284 2128; x_wconf 90' lang='lat' dir='ltr'><strong>cum</strong></span> <span class='ocrx_word' id='word_1_408' title='bbox 3305 2073 3558 2144; x_wconf 86' lang='lat' dir='ltr'><strong>lacrymis</strong></span> <span class='ocrx_word' id='word_1_409' title='bbox 3576 2086 3726 2142; x_wconf 85' lang='lat' dir='ltr'><strong>preces</strong></span> 
     </span>
    </p>
   </div>
   <div class='ocr_carea' id='block_1_52' title="bbox 2177 2161 3728 2230">
    <p class='ocr_par' dir='ltr' id='par_1_52' title="bbox 2177 2161 3728 2230">
     <span class='ocr_line' id='line_1_52' title="bbox 2177 2161 3728 2230; baseline -0.005 -12"><span class='ocrx_word' id='word_1_410' title='bbox 2177 2163 2467 2228; x_wconf 87' lang='lat' dir='ltr'><strong>fundebat,</strong></span> <span class='ocrx_word' id='word_1_411' title='bbox 2481 2163 2700 2217; x_wconf 89' lang='lat' dir='ltr'><strong>dicens:</strong></span> <span class='ocrx_word' id='word_1_412' title='bbox 2725 2165 2919 2217; x_wconf 79' lang='lat' dir='ltr'><strong>Tristis</strong></span> <span class='ocrx_word' id='word_1_413' title='bbox 2935 2169 3009 2216; x_wconf 82' lang='lat' dir='ltr'><strong>est</strong></span> <span class='ocrx_word' id='word_1_414' title='bbox 3021 2165 3223 2217; x_wconf 87' lang='lat' dir='ltr'><strong>anima</strong></span> <span class='ocrx_word' id='word_1_415' title='bbox 3236 2179 3357 2216; x_wconf 88' lang='lat' dir='ltr'><strong>mea</strong></span> <span class='ocrx_word' id='word_1_416' title='bbox 3373 2177 3532 2230; x_wconf 85' lang='lat' dir='ltr'><strong>usque</strong></span> <span class='ocrx_word' id='word_1_417' title='bbox 3543 2161 3606 2214; x_wconf 87' lang='lat' dir='ltr'><strong>ad</strong></span> <span class='ocrx_word' id='word_1_418' title='bbox 3615 2174 3728 2212; x_wconf 83' lang='lat' dir='ltr'><strong>mor-</strong></span> 
     </span>
    </p>
   </div>
   <div class='ocr_carea' id='block_1_53' title="bbox 2181 2253 3725 2321">
    <p class='ocr_par' dir='ltr' id='par_1_53' title="bbox 2181 2253 3725 2321">
     <span class='ocr_line' id='line_1_53' title="bbox 2181 2253 3725 2321; baseline -0.005 -14"><span class='ocrx_word' id='word_1_419' title='bbox 2181 2260 2288 2307; x_wconf 88' lang='lat' dir='ltr'><strong>tem</strong></span> <span class='ocrx_word' id='word_1_420' title='bbox 2313 2253 2530 2320; x_wconf 78' lang='lat' dir='ltr'><strong>(Matth.</strong></span> <span class='ocrx_word' id='word_1_421' title='bbox 2549 2265 2673 2304; x_wconf 72' lang='lat' dir='ltr'><strong>xxvr</strong></span> <span class='ocrx_word' id='word_1_422' title='bbox 2694 2269 2707 2318; x_wconf 88' lang='lat'>;</span> <span class='ocrx_word' id='word_1_423' title='bbox 2728 2253 2898 2305; x_wconf 81' lang='lat' dir='ltr'><strong>Marc.</strong></span> <span class='ocrx_word' id='word_1_424' title='bbox 2917 2255 3049 2321; x_wconf 80' lang='lat' dir='ltr'><strong>xw);</strong></span> <span class='ocrx_word' id='word_1_425' title='bbox 3070 2257 3156 2305; x_wconf 88' lang='lat' dir='ltr'><strong>et:</strong></span> <span class='ocrx_word' id='word_1_426' title='bbox 3178 2256 3362 2315; x_wconf 87' lang='lat' dir='ltr'><strong>Pater,</strong></span> <span class='ocrx_word' id='word_1_427' title='bbox 3385 2255 3433 2304; x_wconf 91' lang='lat' dir='ltr'><strong>si</strong></span> <span class='ocrx_word' id='word_1_428' title='bbox 3445 2253 3560 2316; x_wconf 80' lang='lat' dir='ltr'><strong>ﬁeri</strong></span> <span class='ocrx_word' id='word_1_429' title='bbox 3571 2253 3725 2316; x_wconf 81' lang='lat' dir='ltr'><strong>potest.</strong></span> 
     </span>
    </p>
   </div>
   <div class='ocr_carea' id='block_1_54' title="bbox 2182 2334 3731 2409">
    <p class='ocr_par' dir='ltr' id='par_1_54' title="bbox 2182 2334 3731 2409">
     <span class='ocr_line' id='line_1_54' title="bbox 2182 2334 3731 2409; baseline -0.006 -13"><span class='ocrx_word' id='word_1_430' title='bbox 2182 2344 2428 2409; x_wconf 81' lang='lat' dir='ltr'><strong>transfer</strong></span> <span class='ocrx_word' id='word_1_431' title='bbox 2440 2343 2664 2395; x_wconf 81' lang='lat' dir='ltr'><strong>calicem</strong></span> <span class='ocrx_word' id='word_1_432' title='bbox 2682 2344 2856 2394; x_wconf 87' lang='lat' dir='ltr'><strong>istum</strong></span> <span class='ocrx_word' id='word_1_433' title='bbox 2870 2357 2904 2393; x_wconf 90' lang='lat' dir='ltr'><strong>a</strong></span> <span class='ocrx_word' id='word_1_434' title='bbox 2921 2356 3004 2392; x_wconf 87' lang='lat' dir='ltr'><strong>me</strong></span> <span class='ocrx_word' id='word_1_435' title='bbox 3020 2345 3043 2392; x_wconf 81' lang='lat'><strong><em>?</em></strong></span> <span class='ocrx_word' id='word_1_436' title='bbox 3055 2342 3251 2406; x_wconf 85' lang='lat' dir='ltr'><strong>(Marc.</strong></span> <span class='ocrx_word' id='word_1_437' title='bbox 3274 2356 3368 2394; x_wconf 85' lang='lat' dir='ltr'><strong>x1v</strong></span> <span class='ocrx_word' id='word_1_438' title='bbox 3385 2359 3396 2405; x_wconf 87' lang='lat'><strong>;</strong></span> <span class='ocrx_word' id='word_1_439' title='bbox 3420 2341 3533 2392; x_wconf 79' lang='lat' dir='ltr'><strong>Luc.</strong></span> <span class='ocrx_word' id='word_1_440' title='bbox 3543 2334 3731 2401; x_wconf 84' lang='lat' dir='ltr'><strong>xxn).Et</strong></span> 
     </span>
    </p>
   </div>
   <div class='ocr_carea' id='block_1_55' title="bbox 2181 2425 3730 2502">
    <p class='ocr_par' dir='ltr' id='par_1_55' title="bbox 2181 2425 3730 2502">
     <span class='ocr_line' id='line_1_55' title="bbox 2181 2425 3730 2502; baseline -0.006 -17"><span class='ocrx_word' id='word_1_441' title='bbox 2181 2431 2314 2502; x_wconf 89' lang='lat' dir='ltr'><strong>quia</strong></span> <span class='ocrx_word' id='word_1_442' title='bbox 2329 2429 2641 2484; x_wconf 84' lang='lat' dir='ltr'><strong>voluntarie</strong></span> <span class='ocrx_word' id='word_1_443' title='bbox 2658 2427 2922 2482; x_wconf 88' lang='lat' dir='ltr'><strong>obediens</strong></span> <span class='ocrx_word' id='word_1_444' title='bbox 2933 2429 3041 2482; x_wconf 91' lang='lat' dir='ltr'><strong>fuit</strong></span> <span class='ocrx_word' id='word_1_445' title='bbox 3057 2429 3172 2482; x_wconf 90' lang='lat' dir='ltr'><strong>Deo</strong></span> <span class='ocrx_word' id='word_1_446' title='bbox 3189 2429 3345 2482; x_wconf 86' lang='lat' dir='ltr'><strong>Patri</strong></span> <span class='ocrx_word' id='word_1_447' title='bbox 3357 2444 3526 2498; x_wconf 89' lang='lat' dir='ltr'><strong>usque</strong></span> <span class='ocrx_word' id='word_1_448' title='bbox 3545 2425 3606 2479; x_wconf 88' lang='lat' dir='ltr'><strong>ad</strong></span> <span class='ocrx_word' id='word_1_449' title='bbox 3616 2439 3730 2477; x_wconf 86' lang='lat' dir='ltr'><strong>mor-</strong></span> 
     </span>
    </p>
   </div>
   <div class='ocr_carea' id='block_1_56' title="bbox 2180 2511 3732 2586">
    <p class='ocr_par' dir='ltr' id='par_1_56' title="bbox 2180 2511 3732 2586">
     <span class='ocr_line' id='line_1_56' title="bbox 2180 2511 3732 2586; baseline -0.006 -13"><span class='ocrx_word' id='word_1_450' title='bbox 2180 2525 2318 2586; x_wconf 74' lang='lat' dir='ltr'><strong>tem,</strong></span> <span class='ocrx_word' id='word_1_451' title='bbox 2334 2518 2616 2573; x_wconf 85' lang='lat' dir='ltr'><strong>exaudivit</strong></span> <span class='ocrx_word' id='word_1_452' title='bbox 2640 2517 2798 2572; x_wconf 87' lang='lat' dir='ltr'><strong>illum</strong></span> <span class='ocrx_word' id='word_1_453' title='bbox 2822 2517 2972 2571; x_wconf 91' lang='lat' dir='ltr'><strong>Deus</strong></span> <span class='ocrx_word' id='word_1_454' title='bbox 2984 2518 3152 2571; x_wconf 90' lang='lat' dir='ltr'><strong>Pater</strong></span> <span class='ocrx_word' id='word_1_455' title='bbox 3171 2518 3264 2571; x_wconf 92' lang='lat' dir='ltr'><strong>die</strong></span> <span class='ocrx_word' id='word_1_456' title='bbox 3279 2517 3447 2571; x_wconf 86' lang='lat' dir='ltr'><strong>tertia</strong></span> <span class='ocrx_word' id='word_1_457' title='bbox 3465 2531 3582 2569; x_wconf 90' lang='lat' dir='ltr'><strong>eum</strong></span> <span class='ocrx_word' id='word_1_458' title='bbox 3598 2511 3732 2567; x_wconf 88' lang='lat' dir='ltr'><strong>susci-</strong></span> 
     </span>
    </p>
   </div>
   <div class='ocr_carea' id='block_1_57' title="bbox 2179 2599 3728 2681">
    <p class='ocr_par' dir='ltr' id='par_1_57' title="bbox 2179 2599 3728 2681">
     <span class='ocr_line' id='line_1_57' title="bbox 2179 2599 3728 2681; baseline -0.006 -19"><span class='ocrx_word' id='word_1_459' title='bbox 2179 2599 2370 2681; x_wconf 55' lang='lat' dir='ltr'><strong>tando,</strong></span> <span class='ocrx_word' id='word_1_460' title='bbox 2384 2609 2546 2678; x_wconf 79' lang='lat' dir='ltr'><strong>juxta</strong></span> <span class='ocrx_word' id='word_1_461' title='bbox 2559 2608 2707 2677; x_wconf 83' lang='lat' dir='ltr'><strong>quod</strong></span> <span class='ocrx_word' id='word_1_462' title='bbox 2725 2604 3017 2660; x_wconf 84' lang='lat' dir='ltr'><strong>Psalmista</strong></span> <span class='ocrx_word' id='word_1_463' title='bbox 3029 2606 3164 2659; x_wconf 90' lang='lat' dir='ltr'><strong>dicit</strong></span> <span class='ocrx_word' id='word_1_464' title='bbox 3185 2624 3197 2658; x_wconf 90' lang='lat'>:</span> <span class='ocrx_word' id='word_1_465' title='bbox 3216 2607 3344 2660; x_wconf 80' lang='lat' dir='ltr'><strong>Non</strong></span> <span class='ocrx_word' id='word_1_466' title='bbox 3363 2607 3511 2658; x_wconf 84' lang='lat' dir='ltr'><strong>dabis</strong></span> <span class='ocrx_word' id='word_1_467' title='bbox 3520 2608 3728 2656; x_wconf 82' lang='lat' dir='ltr'><strong>sanctum</strong></span> 
     </span>
    </p>
   </div>
   <div class='ocr_carea' id='block_1_58' title="bbox 2185 2686 3730 2763">
    <p class='ocr_par' dir='ltr' id='par_1_58' title="bbox 2185 2686 3730 2763">
     <span class='ocr_line' id='line_1_58' title="bbox 2185 2686 3730 2763; baseline -0.007 -12"><span class='ocrx_word' id='word_1_468' title='bbox 2185 2686 2346 2751; x_wconf 66' lang='lat' dir='ltr'><strong>tuum</strong></span> <span class='ocrx_word' id='word_1_469' title='bbox 2373 2698 2556 2750; x_wconf 81' lang='lat' dir='ltr'><strong>videre</strong></span> <span class='ocrx_word' id='word_1_470' title='bbox 2586 2698 2994 2762; x_wconf 77' lang='lat' dir='ltr'><strong>corruptionem</strong></span> <span class='ocrx_word' id='word_1_471' title='bbox 3023 2696 3194 2761; x_wconf 84' lang='lat' dir='ltr'><strong>(Psal.</strong></span> <span class='ocrx_word' id='word_1_472' title='bbox 3217 2701 3325 2763; x_wconf 82' lang='lat' dir='ltr'><strong>xv).</strong></span> <span class='ocrx_word' id='word_1_473' title='bbox 3351 2693 3558 2748; x_wconf 89' lang='lat' dir='ltr'><strong>Dicitur</strong></span> <span class='ocrx_word' id='word_1_474' title='bbox 3581 2695 3730 2743; x_wconf 87' lang='lat' dir='ltr'><strong>autem</strong></span> 
     </span>
    </p>
   </div>
   <div class='ocr_carea' id='block_1_59' title="bbox 2183 2778 3728 2855">
    <p class='ocr_par' dir='ltr' id='par_1_59' title="bbox 2183 2778 3728 2855">
     <span class='ocr_line' id='line_1_59' title="bbox 2183 2778 3728 2855; baseline -0.007 -14"><span class='ocrx_word' id='word_1_475' title='bbox 2183 2786 2396 2841; x_wconf 83' lang='lat' dir='ltr'><strong>fudisse</strong></span> <span class='ocrx_word' id='word_1_476' title='bbox 2417 2800 2608 2855; x_wconf 89' lang='lat' dir='ltr'><strong>preces</strong></span> <span class='ocrx_word' id='word_1_477' title='bbox 2631 2783 3180 2855; x_wconf 88' lang='lat' dir='ltr'><strong>supplicationesque</strong></span> <span class='ocrx_word' id='word_1_478' title='bbox 3207 2800 3323 2838; x_wconf 90' lang='lat' dir='ltr'><strong>non</strong></span> <span class='ocrx_word' id='word_1_479' title='bbox 3343 2783 3535 2837; x_wconf 90' lang='lat' dir='ltr'><strong>timore</strong></span> <span class='ocrx_word' id='word_1_480' title='bbox 3554 2778 3728 2840; x_wconf 84' lang='lat' dir='ltr'><strong>mortis,</strong></span> 
     </span>
    </p>
   </div>
   <div class='ocr_carea' id='block_1_60' title="bbox 2187 2871 3732 2945">
    <p class='ocr_par' dir='ltr' id='par_1_60' title="bbox 2187 2871 3732 2945">
     <span class='ocr_line' id='line_1_60' title="bbox 2187 2871 3732 2945; baseline -0.007 -17"><span class='ocrx_word' id='word_1_481' title='bbox 2187 2891 2355 2945; x_wconf 88' lang='lat' dir='ltr'><strong>quam</strong></span> <span class='ocrx_word' id='word_1_482' title='bbox 2400 2879 2599 2944; x_wconf 89' lang='lat' dir='ltr'><strong>sponte</strong></span> <span class='ocrx_word' id='word_1_483' title='bbox 2642 2871 2999 2943; x_wconf 88' lang='lat' dir='ltr'><strong>suscipiebat,</strong></span> <span class='ocrx_word' id='word_1_484' title='bbox 3029 2871 3125 2925; x_wconf 86' lang='lat' dir='ltr'><strong>sed</strong></span> <span class='ocrx_word' id='word_1_485' title='bbox 3157 2871 3350 2942; x_wconf 89' lang='lat' dir='ltr'><strong>potius</strong></span> <span class='ocrx_word' id='word_1_486' title='bbox 3379 2886 3538 2924; x_wconf 88' lang='lat' dir='ltr'><strong>causa</strong></span> <span class='ocrx_word' id='word_1_487' title='bbox 3571 2871 3732 2921; x_wconf 77' lang='lat' dir='ltr'><strong>nostris</strong></span> 
     </span>
    </p>
   </div>
   <div class='ocr_carea' id='block_1_61' title="bbox 499 2953 3735 3032">
    <p class='ocr_par' dir='ltr' id='par_1_61' title="bbox 499 2953 3735 3032">
     <span class='ocr_line' id='line_1_61' title="bbox 499 2953 3735 3032; baseline -0.002 -19"><span class='ocrx_word' id='word_1_488' title='bbox 499 2975 706 3032; x_wconf 88' lang='lat' dir='ltr'><strong>panem</strong></span> <span class='ocrx_word' id='word_1_489' title='bbox 746 2965 804 3014; x_wconf 92' lang='lat' dir='ltr'><strong>et</strong></span> <span class='ocrx_word' id='word_1_490' title='bbox 842 2960 1052 3027; x_wconf 90' lang='lat' dir='ltr'><strong>vinum,</strong></span> <span class='ocrx_word' id='word_1_491' title='bbox 1081 2978 1309 3016; x_wconf 88' lang='lat' dir='ltr'><strong>carnem</strong></span> <span class='ocrx_word' id='word_1_492' title='bbox 1358 2963 1618 3018; x_wconf 84' lang='lat' dir='ltr'><strong>videlicet</strong></span> <span class='ocrx_word' id='word_1_493' title='bbox 1662 2979 1727 3017; x_wconf 90' lang='lat' dir='ltr'><strong>ac</strong></span> <span class='ocrx_word' id='word_1_494' title='bbox 1772 2961 2166 3032; x_wconf 80' lang='lat' dir='ltr'><strong>sanguinemc</strong></span> <span class='ocrx_word' id='word_1_495' title='bbox 2186 2963 2758 3028; x_wconf 85' lang='lat' dir='ltr'><strong>salutis,voluntatem</strong></span> <span class='ocrx_word' id='word_1_496' title='bbox 2773 2967 3019 3032; x_wconf 86' lang='lat' dir='ltr'><strong>paternae</strong></span> <span class='ocrx_word' id='word_1_497' title='bbox 3031 2959 3470 3031; x_wconf 87' lang='lat' dir='ltr'><strong>dispensationis</strong></span> <span class='ocrx_word' id='word_1_498' title='bbox 3484 2953 3735 3026; x_wconf 73' lang='lat' dir='ltr'><strong>praeposuit</strong></span> 
     </span>
    </p>
   </div>
   <div class='ocr_carea' id='block_1_62' title="bbox 501 3043 3734 3120">
    <p class='ocr_par' dir='ltr' id='par_1_62' title="bbox 501 3043 3734 3120">
     <span class='ocr_line' id='line_1_62' title="bbox 501 3043 3734 3120; baseline -0.003 -18"><span class='ocrx_word' id='word_1_499' title='bbox 501 3064 694 3115; x_wconf 87' lang='lat' dir='ltr'><strong>suum,</strong></span> <span class='ocrx_word' id='word_1_500' title='bbox 721 3047 792 3103; x_wconf 88' lang='lat' dir='ltr'><strong>de</strong></span> <span class='ocrx_word' id='word_1_501' title='bbox 815 3048 1016 3120; x_wconf 90' lang='lat' dir='ltr'><strong>quibus</strong></span> <span class='ocrx_word' id='word_1_502' title='bbox 1044 3049 1164 3120; x_wconf 88' lang='lat' dir='ltr'><strong>ipse</strong></span> <span class='ocrx_word' id='word_1_503' title='bbox 1183 3051 1323 3104; x_wconf 87' lang='lat' dir='ltr'><strong>dixit</strong></span> <span class='ocrx_word' id='word_1_504' title='bbox 1347 3069 1359 3104; x_wconf 89' lang='lat'><strong>:</strong></span> <span class='ocrx_word' id='word_1_505' title='bbox 1385 3051 1524 3105; x_wconf 77' lang='lat' dir='ltr'><strong>Caro</strong></span> <span class='ocrx_word' id='word_1_506' title='bbox 1547 3068 1668 3105; x_wconf 89' lang='lat' dir='ltr'><strong>mea</strong></span> <span class='ocrx_word' id='word_1_507' title='bbox 1687 3058 1808 3105; x_wconf 77' lang='lat' dir='ltr'><strong>&#39;vere</strong></span> <span class='ocrx_word' id='word_1_508' title='bbox 1827 3056 1901 3104; x_wconf 89' lang='lat' dir='ltr'><strong>est</strong></span> <span class='ocrx_word' id='word_1_509' title='bbox 1927 3051 2097 3112; x_wconf 86' lang='lat' dir='ltr'><strong>cibus,</strong></span> <span class='ocrx_word' id='word_1_510' title='bbox 2186 3051 2460 3106; x_wconf 77' lang='lat' dir='ltr'><strong>voluntati</strong></span> <span class='ocrx_word' id='word_1_511' title='bbox 2491 3050 2677 3104; x_wconf 88' lang='lat' dir='ltr'><strong>carnis</strong></span> <span class='ocrx_word' id='word_1_512' title='bbox 2705 3067 2839 3115; x_wconf 70' lang='lat' dir='ltr'><strong>sum,</strong></span> <span class='ocrx_word' id='word_1_513' title='bbox 2866 3055 2927 3103; x_wconf 90' lang='lat' dir='ltr'><strong>ut</strong></span> <span class='ocrx_word' id='word_1_514' title='bbox 2955 3065 3143 3104; x_wconf 90' lang='lat' dir='ltr'><strong>veram</strong></span> <span class='ocrx_word' id='word_1_515' title='bbox 3166 3048 3488 3103; x_wconf 83' lang='lat' dir='ltr'><strong>ostenderet</strong></span> <span class='ocrx_word' id='word_1_516' title='bbox 3517 3047 3566 3099; x_wconf 91' lang='lat' dir='ltr'><strong>in</strong></span> <span class='ocrx_word' id='word_1_517' title='bbox 3593 3043 3734 3113; x_wconf 84' lang='lat' dir='ltr'><strong>seipso</strong></span> 
     </span>
    </p>
   </div>
   <div class='ocr_carea' id='block_1_63' title="bbox 503 3131 3736 3208">
    <p class='ocr_par' dir='ltr' id='par_1_63' title="bbox 503 3131 3736 3208">
     <span class='ocr_line' id='line_1_63' title="bbox 503 3131 3736 3208; baseline -0.002 -17"><span class='ocrx_word' id='word_1_518' title='bbox 503 3141 556 3191; x_wconf 84' lang='lat' dir='ltr'><strong>et</strong></span> <span class='ocrx_word' id='word_1_519' title='bbox 576 3139 806 3203; x_wconf 84' lang='lat' dir='ltr'><strong>sanguis</strong></span> <span class='ocrx_word' id='word_1_520' title='bbox 828 3152 982 3190; x_wconf 87' lang='lat' dir='ltr'><strong>meus</strong></span> <span class='ocrx_word' id='word_1_521' title='bbox 999 3152 1120 3191; x_wconf 81' lang='lat' dir='ltr'><strong>vere</strong></span> <span class='ocrx_word' id='word_1_522' title='bbox 1139 3144 1214 3191; x_wconf 88' lang='lat' dir='ltr'><strong>est</strong></span> <span class='ocrx_word' id='word_1_523' title='bbox 1231 3144 1394 3206; x_wconf 85' lang='lat' dir='ltr'><strong>potus</strong></span> <span class='ocrx_word' id='word_1_524' title='bbox 1417 3140 1602 3208; x_wconf 84' lang='lat' dir='ltr'><strong>(Joan.</strong></span> <span class='ocrx_word' id='word_1_525' title='bbox 1622 3142 1720 3206; x_wconf 84' lang='lat' dir='ltr'><strong>v1).</strong></span> <span class='ocrx_word' id='word_1_526' title='bbox 1747 3139 1863 3192; x_wconf 88' lang='lat' dir='ltr'><strong>Ista</strong></span> <span class='ocrx_word' id='word_1_527' title='bbox 1881 3152 2103 3208; x_wconf 86' lang='lat' dir='ltr'><strong>quoque</strong></span> <span class='ocrx_word' id='word_1_528' title='bbox 2185 3145 2448 3194; x_wconf 90' lang='lat' dir='ltr'><strong>naturam</strong></span> <span class='ocrx_word' id='word_1_529' title='bbox 2466 3139 2836 3192; x_wconf 86' lang='lat' dir='ltr'><strong>humanitatis</strong></span> <span class='ocrx_word' id='word_1_530' title='bbox 2851 3143 3074 3192; x_wconf 86' lang='lat' dir='ltr'><strong>nostrae.</strong></span> <span class='ocrx_word' id='word_1_531' title='bbox 3089 3137 3417 3192; x_wconf 86' lang='lat' dir='ltr'><strong>Notandum</strong></span> <span class='ocrx_word' id='word_1_532' title='bbox 3435 3141 3620 3194; x_wconf 86' lang='lat' dir='ltr'><strong>autem,</strong></span> <span class='ocrx_word' id='word_1_533' title='bbox 3634 3131 3736 3202; x_wconf 82' lang='lat' dir='ltr'><strong>quia</strong></span> 
     </span>
    </p>
   </div>
   <div class='ocr_carea' id='block_1_64' title="bbox 505 3222 3734 3297">
    <p class='ocr_par' dir='ltr' id='par_1_64' title="bbox 505 3222 3734 3297">
     <span class='ocr_line' id='line_1_64' title="bbox 505 3222 3734 3297; baseline -0.001 -19"><span class='ocrx_word' id='word_1_534' title='bbox 505 3222 618 3278; x_wconf 90' lang='lat' dir='ltr'><strong>duo</strong></span> <span class='ocrx_word' id='word_1_535' title='bbox 655 3238 910 3290; x_wconf 89' lang='lat' dir='ltr'><strong>munera,</strong></span> <span class='ocrx_word' id='word_1_536' title='bbox 952 3239 1156 3294; x_wconf 86' lang='lat' dir='ltr'><strong>panem</strong></span> <span class='ocrx_word' id='word_1_537' title='bbox 1198 3225 1455 3279; x_wconf 88' lang='lat' dir='ltr'><strong>videlicet</strong></span> <span class='ocrx_word' id='word_1_538' title='bbox 1481 3233 1540 3280; x_wconf 90' lang='lat' dir='ltr'><strong>et</strong></span> <span class='ocrx_word' id='word_1_539' title='bbox 1577 3226 1790 3292; x_wconf 90' lang='lat' dir='ltr'><strong>vinum,</strong></span> <span class='ocrx_word' id='word_1_540' title='bbox 1821 3226 2106 3281; x_wconf 90' lang='lat' dir='ltr'><strong>commisit</strong></span> <span class='ocrx_word' id='word_1_541' title='bbox 2186 3228 2501 3283; x_wconf 86' lang='lat' dir='ltr'><strong>reverentia</strong></span> <span class='ocrx_word' id='word_1_542' title='bbox 2517 3227 2823 3281; x_wconf 89' lang='lat' dir='ltr'><strong>secundum</strong></span> <span class='ocrx_word' id='word_1_543' title='bbox 2845 3226 3241 3280; x_wconf 88' lang='lat' dir='ltr'><strong>Cassiodorum</strong></span> <span class='ocrx_word' id='word_1_544' title='bbox 3271 3226 3478 3297; x_wconf 85' lang='lat' dir='ltr'><strong>duplici</strong></span> <span class='ocrx_word' id='word_1_545' title='bbox 3507 3222 3649 3277; x_wconf 90' lang='lat' dir='ltr'><strong>modo</strong></span> <span class='ocrx_word' id='word_1_546' title='bbox 3664 3235 3734 3272; x_wconf 85' lang='lat' dir='ltr'><strong>ac-</strong></span> 
     </span>
    </p>
   </div>
   <div class='ocr_carea' id='block_1_65' title="bbox 504 3309 2106 3384">
    <p class='ocr_par' dir='ltr' id='par_1_65' title="bbox 504 3309 2106 3384">
     <span class='ocr_line' id='line_1_65' title="bbox 504 3309 2106 3384; baseline 0.001 -18"><span class='ocrx_word' id='word_1_547' title='bbox 504 3309 764 3366; x_wconf 73' lang='lat' dir='ltr'><strong>Ecclesiae</strong></span> <span class='ocrx_word' id='word_1_548' title='bbox 781 3326 895 3366; x_wconf 73' lang='lat' dir='ltr'><strong>suae</strong></span> <span class='ocrx_word' id='word_1_549' title='bbox 913 3310 972 3365; x_wconf 90' lang='lat' dir='ltr'><strong>in</strong></span> <span class='ocrx_word' id='word_1_550' title='bbox 991 3313 1324 3367; x_wconf 89' lang='lat' dir='ltr'><strong>memoriam</strong></span> <span class='ocrx_word' id='word_1_551' title='bbox 1339 3313 1427 3367; x_wconf 92' lang='lat' dir='ltr'><strong>sui</strong></span> <span class='ocrx_word' id='word_1_552' title='bbox 1441 3315 1755 3382; x_wconf 75' lang='lat' dir='ltr'><strong>offerenda;</strong></span> <span class='ocrx_word' id='word_1_553' title='bbox 1783 3314 1934 3369; x_wconf 89' lang='lat' dir='ltr'><strong>unde</strong></span> <span class='ocrx_word' id='word_1_554' title='bbox 1954 3319 2106 3384; x_wconf 87' lang='lat' dir='ltr'><strong>patet</strong></span> 
     </span>
    </p>
   </div>
   <div class='ocr_carea' id='block_1_66' title="bbox 505 3398 2107 3473">
    <p class='ocr_par' dir='ltr' id='par_1_66' title="bbox 505 3398 2107 3473">
     <span class='ocr_line' id='line_1_66' title="bbox 505 3398 2107 3473; baseline 0.001 -19"><span class='ocrx_word' id='word_1_555' title='bbox 505 3398 843 3454; x_wconf 70' lang='lat' dir='ltr'><strong>sacriﬁcium</strong></span> <span class='ocrx_word' id='word_1_556' title='bbox 853 3399 1130 3470; x_wconf 90' lang='lat' dir='ltr'><strong>pecudum</strong></span> <span class='ocrx_word' id='word_1_557' title='bbox 1160 3401 1389 3472; x_wconf 89' lang='lat' dir='ltr'><strong>perisse,</strong></span> <span class='ocrx_word' id='word_1_558' title='bbox 1407 3403 1555 3473; x_wconf 89' lang='lat' dir='ltr'><strong>quod</strong></span> <span class='ocrx_word' id='word_1_559' title='bbox 1574 3403 1680 3458; x_wconf 88' lang='lat' dir='ltr'><strong>fuit</strong></span> <span class='ocrx_word' id='word_1_560' title='bbox 1694 3403 1905 3457; x_wconf 90' lang='lat' dir='ltr'><strong>ordinis</strong></span> <span class='ocrx_word' id='word_1_561' title='bbox 1920 3404 2107 3456; x_wconf 86' lang='lat' dir='ltr'><strong>Aaron</strong></span> 
     </span>
    </p>
   </div>
   <div class='ocr_carea' id='block_1_67' title="bbox 507 3487 2105 3562">
    <p class='ocr_par' dir='ltr' id='par_1_67' title="bbox 507 3487 2105 3562">
     <span class='ocr_line' id='line_1_67' title="bbox 507 3487 2105 3562; baseline 0.003 -20"><span class='ocrx_word' id='word_1_562' title='bbox 507 3492 566 3543; x_wconf 88' lang='lat' dir='ltr'><strong>et</strong></span> <span class='ocrx_word' id='word_1_563' title='bbox 576 3487 715 3543; x_wconf 88' lang='lat' dir='ltr'><strong>illud</strong></span> <span class='ocrx_word' id='word_1_564' title='bbox 728 3503 956 3544; x_wconf 89' lang='lat' dir='ltr'><strong>manere</strong></span> <span class='ocrx_word' id='word_1_565' title='bbox 966 3489 1173 3560; x_wconf 88' lang='lat' dir='ltr'><strong>potius,</strong></span> <span class='ocrx_word' id='word_1_566' title='bbox 1180 3490 1327 3562; x_wconf 89' lang='lat' dir='ltr'><strong>quod</strong></span> <span class='ocrx_word' id='word_1_567' title='bbox 1339 3489 1448 3544; x_wconf 91' lang='lat' dir='ltr'><strong>fuit</strong></span> <span class='ocrx_word' id='word_1_568' title='bbox 1459 3491 1670 3546; x_wconf 89' lang='lat' dir='ltr'><strong>ordinis</strong></span> <span class='ocrx_word' id='word_1_569' title='bbox 1683 3491 2105 3547; x_wconf 89' lang='lat' dir='ltr'><strong>Melchisedech:</strong></span> 
     </span>
    </p>
   </div>
   <div class='ocr_carea' id='block_1_68' title="bbox 509 3577 2109 3649">
    <p class='ocr_par' dir='ltr' id='par_1_68' title="bbox 509 3577 2109 3649">
     <span class='ocr_line' id='line_1_68' title="bbox 509 3577 2109 3649; baseline 0.003 -18"><span class='ocrx_word' id='word_1_570' title='bbox 509 3577 645 3649; x_wconf 88' lang='lat' dir='ltr'><strong>quia</strong></span> <span class='ocrx_word' id='word_1_571' title='bbox 672 3581 731 3633; x_wconf 90' lang='lat' dir='ltr'><strong>et</strong></span> <span class='ocrx_word' id='word_1_572' title='bbox 752 3577 1008 3633; x_wconf 89' lang='lat' dir='ltr'><strong>Christus</strong></span> <span class='ocrx_word' id='word_1_573' title='bbox 1033 3578 1173 3633; x_wconf 91' lang='lat' dir='ltr'><strong>illud</strong></span> <span class='ocrx_word' id='word_1_574' title='bbox 1200 3579 1598 3646; x_wconf 83' lang='lat' dir='ltr'><strong>corroboravit,</strong></span> <span class='ocrx_word' id='word_1_575' title='bbox 1623 3585 1681 3636; x_wconf 90' lang='lat' dir='ltr'><strong>et</strong></span> <span class='ocrx_word' id='word_1_576' title='bbox 1708 3581 1966 3636; x_wconf 66' lang='lat' dir='ltr'><strong>Ecclesiae</strong></span> <span class='ocrx_word' id='word_1_577' title='bbox 1996 3599 2109 3636; x_wconf 83' lang='lat' dir='ltr'><strong>suae</strong></span> 
     </span>
    </p>
   </div>
   <div class='ocr_carea' id='block_1_69' title="bbox 508 3665 2112 3741">
    <p class='ocr_par' dir='ltr' id='par_1_69' title="bbox 508 3665 2112 3741">
     <span class='ocr_line' id='line_1_69' title="bbox 508 3665 2112 3741; baseline 0.002 -21"><span class='ocrx_word' id='word_1_578' title='bbox 508 3665 815 3721; x_wconf 86' lang='lat' dir='ltr'><strong>tenendum</strong></span> <span class='ocrx_word' id='word_1_579' title='bbox 845 3667 1095 3739; x_wconf 91' lang='lat' dir='ltr'><strong>reliquit.</strong></span> <span class='ocrx_word' id='word_1_580' title='bbox 1125 3668 1384 3723; x_wconf 90' lang='lat' dir='ltr'><strong>Secunda</strong></span> <span class='ocrx_word' id='word_1_581' title='bbox 1411 3674 1599 3724; x_wconf 89' lang='lat' dir='ltr'><strong>autem</strong></span> <span class='ocrx_word' id='word_1_582' title='bbox 1645 3685 1816 3724; x_wconf 87' lang='lat' dir='ltr'><strong>causa</strong></span> <span class='ocrx_word' id='word_1_583' title='bbox 1844 3675 1948 3735; x_wconf 90' lang='lat' dir='ltr'><strong>est,</strong></span> <span class='ocrx_word' id='word_1_584' title='bbox 1980 3669 2112 3741; x_wconf 88' lang='lat' dir='ltr'><strong>quia</strong></span> 
     </span>
    </p>
   </div>
   <div class='ocr_carea' id='block_1_70' title="bbox 510 3753 2108 3830">
    <p class='ocr_par' dir='ltr' id='par_1_70' title="bbox 510 3753 2108 3830">
     <span class='ocr_line' id='line_1_70' title="bbox 510 3753 2108 3830; baseline 0.003 -22"><span class='ocrx_word' id='word_1_585' title='bbox 510 3753 915 3809; x_wconf 73' lang='lat' dir='ltr'><strong>Melchisedech</strong></span> <span class='ocrx_word' id='word_1_586' title='bbox 931 3772 1028 3810; x_wconf 85' lang='lat' dir='ltr'><strong>rex</strong></span> <span class='ocrx_word' id='word_1_587' title='bbox 1049 3763 1107 3810; x_wconf 91' lang='lat' dir='ltr'><strong>et</strong></span> <span class='ocrx_word' id='word_1_588' title='bbox 1125 3758 1385 3812; x_wconf 90' lang='lat' dir='ltr'><strong>sacerdos</strong></span> <span class='ocrx_word' id='word_1_589' title='bbox 1401 3758 1531 3827; x_wconf 72' lang='lat' dir='ltr'><strong>fuit,</strong></span> <span class='ocrx_word' id='word_1_590' title='bbox 1543 3764 1859 3830; x_wconf 90' lang='lat' dir='ltr'><strong>unctusque</strong></span> <span class='ocrx_word' id='word_1_591' title='bbox 1871 3759 1976 3814; x_wconf 85' lang='lat' dir='ltr'><strong>fuit</strong></span> <span class='ocrx_word' id='word_1_592' title='bbox 1995 3776 2108 3813; x_wconf 88' lang='lat' dir='ltr'><strong>non</strong></span> 
     </span>
    </p>
   </div>
   <div class='ocr_carea' id='block_1_71' title="bbox 511 3841 2110 3918">
    <p class='ocr_par' dir='ltr' id='par_1_71' title="bbox 511 3841 2110 3918">
     <span class='ocr_line' id='line_1_71' title="bbox 511 3841 2110 3918; baseline 0.003 -22"><span class='ocrx_word' id='word_1_593' title='bbox 511 3842 635 3896; x_wconf 87' lang='lat' dir='ltr'><strong>oleo</strong></span> <span class='ocrx_word' id='word_1_594' title='bbox 658 3841 860 3898; x_wconf 85' lang='lat' dir='ltr'><strong>visibili</strong></span> <span class='ocrx_word' id='word_1_595' title='bbox 891 3844 1037 3898; x_wconf 88' lang='lat' dir='ltr'><strong>sicut</strong></span> <span class='ocrx_word' id='word_1_596' title='bbox 1059 3845 1375 3900; x_wconf 84' lang='lat' dir='ltr'><strong>sacerdotes</strong></span> <span class='ocrx_word' id='word_1_597' title='bbox 1409 3847 1568 3916; x_wconf 87' lang='lat' dir='ltr'><strong>legis,</strong></span> <span class='ocrx_word' id='word_1_598' title='bbox 1592 3847 1692 3900; x_wconf 90' lang='lat' dir='ltr'><strong>sed</strong></span> <span class='ocrx_word' id='word_1_599' title='bbox 1722 3847 1844 3901; x_wconf 91' lang='lat' dir='ltr'><strong>oleo</strong></span> <span class='ocrx_word' id='word_1_600' title='bbox 1866 3847 2110 3918; x_wconf 90' lang='lat' dir='ltr'><strong>Spiritus</strong></span> 
     </span>
    </p>
   </div>
   <div class='ocr_carea' id='block_1_72' title="bbox 512 3932 2111 4006">
    <p class='ocr_par' dir='ltr' id='par_1_72' title="bbox 512 3932 2111 4006">
     <span class='ocr_line' id='line_1_72' title="bbox 512 3932 2111 4006; baseline 0.003 -21"><span class='ocrx_word' id='word_1_601' title='bbox 512 3932 714 3987; x_wconf 90' lang='lat' dir='ltr'><strong>sancti.</strong></span> <span class='ocrx_word' id='word_1_602' title='bbox 744 3933 816 3986; x_wconf 90' lang='lat' dir='ltr'><strong>Et</strong></span> <span class='ocrx_word' id='word_1_603' title='bbox 843 3932 1100 3988; x_wconf 87' lang='lat' dir='ltr'><strong>Christus</strong></span> <span class='ocrx_word' id='word_1_604' title='bbox 1130 3934 1236 3987; x_wconf 87' lang='lat' dir='ltr'><strong>hac</strong></span> <span class='ocrx_word' id='word_1_605' title='bbox 1255 3935 1483 4004; x_wconf 86' lang='lat' dir='ltr'><strong>gemina</strong></span> <span class='ocrx_word' id='word_1_606' title='bbox 1506 3934 1781 4006; x_wconf 84' lang='lat' dir='ltr'><strong>dignitate</strong></span> <span class='ocrx_word' id='word_1_607' title='bbox 1809 3935 2111 4006; x_wconf 85' lang='lat' dir='ltr'><strong>insignitus</strong></span> 
     </span>
    </p>
   </div>
   <div class='ocr_carea' id='block_1_73' title="bbox 511 4022 2112 4094">
    <p class='ocr_par' dir='ltr' id='par_1_73' title="bbox 511 4022 2112 4094">
     <span class='ocr_line' id='line_1_73' title="bbox 511 4022 2112 4094; baseline 0.002 -20"><span class='ocrx_word' id='word_1_608' title='bbox 511 4025 724 4076; x_wconf 89' lang='lat' dir='ltr'><strong>manet.</strong></span> <span class='ocrx_word' id='word_1_609' title='bbox 742 4022 888 4076; x_wconf 88' lang='lat' dir='ltr'><strong>Nam</strong></span> <span class='ocrx_word' id='word_1_610' title='bbox 908 4022 1056 4093; x_wconf 92' lang='lat' dir='ltr'><strong>quod</strong></span> <span class='ocrx_word' id='word_1_611' title='bbox 1078 4023 1290 4092; x_wconf 85' lang='lat' dir='ltr'><strong>regiam</strong></span> <span class='ocrx_word' id='word_1_612' title='bbox 1312 4023 1646 4093; x_wconf 86' lang='lat' dir='ltr'><strong>dignitatem</strong></span> <span class='ocrx_word' id='word_1_613' title='bbox 1667 4023 1968 4094; x_wconf 88' lang='lat' dir='ltr'><strong>possideat,</strong></span> <span class='ocrx_word' id='word_1_614' title='bbox 1992 4024 2112 4094; x_wconf 89' lang='lat' dir='ltr'><strong>ipse</strong></span> 
     </span>
    </p>
   </div>
   <div class='ocr_carea' id='block_1_74' title="bbox 2188 3312 3732 3388">
    <p class='ocr_par' dir='ltr' id='par_1_74' title="bbox 2188 3312 3732 3388">
     <span class='ocr_line' id='line_1_74' title="bbox 2188 3312 3732 3388; baseline -0.006 -17"><span class='ocrx_word' id='word_1_615' title='bbox 2188 3317 2426 3388; x_wconf 89' lang='lat' dir='ltr'><strong>cipitur:</strong></span> <span class='ocrx_word' id='word_1_616' title='bbox 2453 3316 2753 3386; x_wconf 88' lang='lat' dir='ltr'><strong>aliquando</strong></span> <span class='ocrx_word' id='word_1_617' title='bbox 2774 3332 2874 3387; x_wconf 89' lang='lat' dir='ltr'><strong>pro</strong></span> <span class='ocrx_word' id='word_1_618' title='bbox 2892 3332 3102 3374; x_wconf 86' lang='lat' dir='ltr'><strong>amore.</strong></span> <span class='ocrx_word' id='word_1_619' title='bbox 3125 3315 3435 3386; x_wconf 88' lang='lat' dir='ltr'><strong>aliquando</strong></span> <span class='ocrx_word' id='word_1_620' title='bbox 3452 3329 3544 3384; x_wconf 93' lang='lat' dir='ltr'><strong>pro</strong></span> <span class='ocrx_word' id='word_1_621' title='bbox 3555 3312 3732 3371; x_wconf 85' lang='lat' dir='ltr'><strong>timore;</strong></span> 
     </span>
    </p>
   </div>
   <div class='ocr_carea' id='block_1_75' title="bbox 2187 3398 3735 3476">
    <p class='ocr_par' dir='ltr' id='par_1_75' title="bbox 2187 3398 3735 3476">
     <span class='ocr_line' id='line_1_75' title="bbox 2187 3398 3735 3476; baseline -0.006 -17"><span class='ocrx_word' id='word_1_622' title='bbox 2187 3406 2279 3461; x_wconf 90' lang='lat' dir='ltr'><strong>hic</strong></span> <span class='ocrx_word' id='word_1_623' title='bbox 2305 3421 2436 3459; x_wconf 90' lang='lat' dir='ltr'><strong>vero</strong></span> <span class='ocrx_word' id='word_1_624' title='bbox 2466 3407 2578 3476; x_wconf 74' lang='lat' dir='ltr'><strong>pro&#39;</strong></span> <span class='ocrx_word' id='word_1_625' title='bbox 2607 3421 2831 3458; x_wconf 89' lang='lat' dir='ltr'><strong>summa</strong></span> <span class='ocrx_word' id='word_1_626' title='bbox 2870 3404 3102 3476; x_wconf 88' lang='lat' dir='ltr'><strong>ponitur</strong></span> <span class='ocrx_word' id='word_1_627' title='bbox 3133 3405 3434 3467; x_wconf 88' lang='lat' dir='ltr'><strong>charitate,</strong></span> <span class='ocrx_word' id='word_1_628' title='bbox 3466 3418 3566 3473; x_wconf 88' lang='lat' dir='ltr'><strong>qua</strong></span> <span class='ocrx_word' id='word_1_629' title='bbox 3599 3398 3735 3454; x_wconf 86' lang='lat' dir='ltr'><strong>Filius</strong></span> 
     </span>
    </p>
   </div>
   <div class='ocr_carea' id='block_1_76' title="bbox 2191 3484 3736 3564">
    <p class='ocr_par' dir='ltr' id='par_1_76' title="bbox 2191 3484 3736 3564">
     <span class='ocr_line' id='line_1_76' title="bbox 2191 3484 3736 3564; baseline -0.008 -14"><span class='ocrx_word' id='word_1_630' title='bbox 2191 3494 2298 3549; x_wconf 91' lang='lat' dir='ltr'><strong>Dei</strong></span> <span class='ocrx_word' id='word_1_631' title='bbox 2325 3511 2426 3548; x_wconf 91' lang='lat' dir='ltr'><strong>nos</strong></span> <span class='ocrx_word' id='word_1_632' title='bbox 2457 3493 2668 3555; x_wconf 86' lang='lat' dir='ltr'><strong>dilexit,</strong></span> <span class='ocrx_word' id='word_1_633' title='bbox 2709 3500 2766 3547; x_wconf 88' lang='lat' dir='ltr'><strong>et</strong></span> <span class='ocrx_word' id='word_1_634' title='bbox 2803 3510 2903 3564; x_wconf 91' lang='lat' dir='ltr'><strong>pro</strong></span> <span class='ocrx_word' id='word_1_635' title='bbox 2933 3509 3156 3547; x_wconf 91' lang='lat' dir='ltr'><strong>summa</strong></span> <span class='ocrx_word' id='word_1_636' title='bbox 3181 3492 3519 3558; x_wconf 90' lang='lat' dir='ltr'><strong>obedientia,</strong></span> <span class='ocrx_word' id='word_1_637' title='bbox 3546 3489 3628 3561; x_wconf 88' lang='lat' dir='ltr'><strong>qui</strong></span> <span class='ocrx_word' id='word_1_638' title='bbox 3657 3484 3736 3540; x_wconf 80' lang='lat' dir='ltr'><strong>fuit</strong></span> 
     </span>
    </p>
   </div>
   <div class='ocr_carea' id='block_1_77' title="bbox 2193 3579 3226 3650">
    <p class='ocr_par' dir='ltr' id='par_1_77' title="bbox 2193 3579 3226 3650">
     <span class='ocr_line' id='line_1_77' title="bbox 2193 3579 3226 3650; baseline -0.004 -14"><span class='ocrx_word' id='word_1_639' title='bbox 2193 3581 2459 3637; x_wconf 88' lang='lat' dir='ltr'><strong>obediens</strong></span> <span class='ocrx_word' id='word_1_640' title='bbox 2483 3581 2636 3635; x_wconf 88' lang='lat' dir='ltr'><strong>Patri</strong></span> <span class='ocrx_word' id='word_1_641' title='bbox 2667 3596 2846 3650; x_wconf 92' lang='lat' dir='ltr'><strong>usque</strong></span> <span class='ocrx_word' id='word_1_642' title='bbox 2866 3579 2937 3633; x_wconf 90' lang='lat' dir='ltr'><strong>ad</strong></span> <span class='ocrx_word' id='word_1_643' title='bbox 2967 3586 3226 3634; x_wconf 89' lang='lat' dir='ltr'><strong>mortem.</strong></span> 
     </span>
    </p>
   </div>
   <div class='ocr_carea' id='block_1_78' title="bbox 2264 3666 3737 3739">
    <p class='ocr_par' dir='ltr' id='par_1_78' title="bbox 2264 3666 3737 3739">
     <span class='ocr_line' id='line_1_78' title="bbox 2264 3666 3737 3739; baseline -0.008 -15"><span class='ocrx_word' id='word_1_644' title='bbox 2264 3671 2330 3724; x_wconf 86' lang='lat' dir='ltr'><strong>Et</strong></span> <span class='ocrx_word' id='word_1_645' title='bbox 2353 3672 2575 3739; x_wconf 82' lang='lat' dir='ltr'><strong>quidem</strong></span> <span class='ocrx_word' id='word_1_646' title='bbox 2604 3685 2732 3722; x_wconf 87' lang='lat' dir='ltr'><strong>cum</strong></span> <span class='ocrx_word' id='word_1_647' title='bbox 2760 3673 2890 3721; x_wconf 85' lang='lat' dir='ltr'><strong>esset</strong></span> <span class='ocrx_word' id='word_1_648' title='bbox 2919 3670 3093 3722; x_wconf 78' lang='lat' dir='ltr'><strong>Filius</strong></span> <span class='ocrx_word' id='word_1_649' title='bbox 3112 3669 3229 3734; x_wconf 86' lang='lat' dir='ltr'><strong>Dei,</strong></span> <span class='ocrx_word' id='word_1_650' title='bbox 3252 3669 3451 3722; x_wconf 77' lang='lat' dir='ltr'><strong>didicit</strong></span> <span class='ocrx_word' id='word_1_651' title='bbox 3473 3683 3532 3720; x_wconf 72' lang='lat' dir='ltr'><strong>ea:</strong></span> <span class='ocrx_word' id='word_1_652' title='bbox 3549 3666 3624 3717; x_wconf 85' lang='lat' dir='ltr'><strong>his</strong></span> <span class='ocrx_word' id='word_1_653' title='bbox 3646 3675 3737 3731; x_wconf 72' lang='lat' dir='ltr'><strong>qua:</strong></span> 
     </span>
    </p>
   </div>
   <div class='ocr_carea' id='block_1_79' title="bbox 2187 3753 3736 3829">
    <p class='ocr_par' dir='ltr' id='par_1_79' title="bbox 2187 3753 3736 3829">
     <span class='ocr_line' id='line_1_79' title="bbox 2187 3753 3736 3829; baseline -0.008 -17"><span class='ocrx_word' id='word_1_654' title='bbox 2187 3775 2382 3829; x_wconf 85' lang='lat' dir='ltr'><strong>passus</strong></span> <span class='ocrx_word' id='word_1_655' title='bbox 2417 3764 2492 3812; x_wconf 89' lang='lat' dir='ltr'><strong>est</strong></span> <span class='ocrx_word' id='word_1_656' title='bbox 2522 3759 2906 3822; x_wconf 85' lang='lat' dir='ltr'><strong>obedientiam,</strong></span> <span class='ocrx_word' id='word_1_657' title='bbox 2938 3761 2988 3810; x_wconf 87' lang='lat' dir='ltr'><strong>et</strong></span> <span class='ocrx_word' id='word_1_658' title='bbox 3031 3762 3473 3820; x_wconf 86' lang='lat' dir='ltr'><strong>consummatus,</strong></span> <span class='ocrx_word' id='word_1_659' title='bbox 3506 3756 3660 3822; x_wconf 83' lang='lat' dir='ltr'><strong>factus</strong></span> <span class='ocrx_word' id='word_1_660' title='bbox 3681 3753 3736 3802; x_wconf 83' lang='lat' dir='ltr'><strong>est</strong></span> 
     </span>
    </p>
   </div>
   <div class='ocr_carea' id='block_1_80' title="bbox 2193 3845 3732 3914">
    <p class='ocr_par' dir='ltr' id='par_1_80' title="bbox 2193 3845 3732 3914">
     <span class='ocr_line' id='line_1_80' title="bbox 2193 3845 3732 3914; baseline -0.008 -14"><span class='ocrx_word' id='word_1_661' title='bbox 2193 3848 2449 3900; x_wconf 85' lang='lat' dir='ltr'><strong>omnibus</strong></span> <span class='ocrx_word' id='word_1_662' title='bbox 2475 3847 2974 3914; x_wconf 77' lang='lat' dir='ltr'><strong>obtemperantibus</strong></span> <span class='ocrx_word' id='word_1_663' title='bbox 3003 3846 3110 3897; x_wconf 88' lang='lat' dir='ltr'><strong>sibi</strong></span> <span class='ocrx_word' id='word_1_664' title='bbox 3137 3860 3308 3898; x_wconf 87' lang='lat' dir='ltr'><strong>causa</strong></span> <span class='ocrx_word' id='word_1_665' title='bbox 3336 3846 3527 3897; x_wconf 76' lang='lat' dir='ltr'><strong>salutis</strong></span> <span class='ocrx_word' id='word_1_666' title='bbox 3549 3845 3732 3898; x_wconf 67' lang='lat' dir='ltr'><strong>rtemz,</strong></span> 
     </span>
    </p>
   </div>
   <div class='ocr_carea' id='block_1_81' title="bbox 2191 3925 3733 4003">
    <p class='ocr_par' dir='ltr' id='par_1_81' title="bbox 2191 3925 3733 4003">
     <span class='ocr_line' id='line_1_81' title="bbox 2191 3925 3733 4003; baseline -0.01 -14"><span class='ocrx_word' id='word_1_667' title='bbox 2191 3937 2498 4003; x_wconf 81' lang='lat' dir='ltr'><strong>appellatus</strong></span> <span class='ocrx_word' id='word_1_668' title='bbox 2509 3951 2543 3988; x_wconf 89' lang='lat' dir='ltr'><strong>a</strong></span> <span class='ocrx_word' id='word_1_669' title='bbox 2557 3936 2660 3987; x_wconf 91' lang='lat' dir='ltr'><strong>Deo</strong></span> <span class='ocrx_word' id='word_1_670' title='bbox 2675 3936 2925 4001; x_wconf 67' lang='lat' dir='ltr'><strong>ponti/“ex</strong></span> <span class='ocrx_word' id='word_1_671' title='bbox 2933 3936 3103 4001; x_wconf 70' lang='lat' dir='ltr'><strong>juxta</strong></span> <span class='ocrx_word' id='word_1_672' title='bbox 3115 3934 3371 3986; x_wconf 88' lang='lat' dir='ltr'><strong>ordinem</strong></span> <span class='ocrx_word' id='word_1_673' title='bbox 3386 3925 3733 3986; x_wconf 74' lang='lat' dir='ltr'><strong>Melchisedech.</strong></span> 
     </span>
    </p>
   </div>
   <div class='ocr_carea' id='block_1_82' title="bbox 2195 4012 3738 4092">
    <p class='ocr_par' dir='ltr' id='par_1_82' title="bbox 2195 4012 3738 4092">
     <span class='ocr_line' id='line_1_82' title="bbox 2195 4012 3738 4092; baseline -0.008 -14"><span class='ocrx_word' id='word_1_674' title='bbox 2195 4024 2336 4079; x_wconf 90' lang='lat' dir='ltr'><strong>Cum</strong></span> <span class='ocrx_word' id='word_1_675' title='bbox 2359 4028 2524 4088; x_wconf 88' lang='lat' dir='ltr'><strong>esset,</strong></span> <span class='ocrx_word' id='word_1_676' title='bbox 2553 4021 2754 4092; x_wconf 88' lang='lat' dir='ltr'><strong>inquit,</strong></span> <span class='ocrx_word' id='word_1_677' title='bbox 2777 4021 2949 4075; x_wconf 89' lang='lat' dir='ltr'><strong>Filius</strong></span> <span class='ocrx_word' id='word_1_678' title='bbox 2970 4020 3071 4074; x_wconf 91' lang='lat' dir='ltr'><strong>Dei</strong></span> <span class='ocrx_word' id='word_1_679' title='bbox 3099 4021 3158 4074; x_wconf 91' lang='lat' dir='ltr'><strong>in</strong></span> <span class='ocrx_word' id='word_1_680' title='bbox 3180 4022 3437 4084; x_wconf 87' lang='lat' dir='ltr'><strong>veritate,</strong></span> <span class='ocrx_word' id='word_1_681' title='bbox 3453 4017 3626 4073; x_wconf 89' lang='lat' dir='ltr'><strong>didicit</strong></span> <span class='ocrx_word' id='word_1_682' title='bbox 3641 4012 3738 4067; x_wconf 85' lang='lat' dir='ltr'><strong>obe-</strong></span> 
     </span>
    </p>
   </div>
   <div class='ocr_carea' id='block_1_83' title="bbox 511 4109 3737 4180">
    <p class='ocr_par' dir='ltr' id='par_1_83' title="bbox 511 4109 3737 4180">
     <span class='ocr_line' id='line_1_83' title="bbox 511 4109 3737 4180; baseline -0.001 -15"><span class='ocrx_word' id='word_1_683' title='bbox 511 4109 838 4165; x_wconf 86' lang='lat' dir='ltr'><strong>manifestat</strong></span> <span class='ocrx_word' id='word_1_684' title='bbox 852 4110 986 4164; x_wconf 90' lang='lat' dir='ltr'><strong>dum</strong></span> <span class='ocrx_word' id='word_1_685' title='bbox 1009 4110 1168 4164; x_wconf 87' lang='lat' dir='ltr'><strong>dicit:</strong></span> <span class='ocrx_word' id='word_1_686' title='bbox 1191 4112 1301 4178; x_wconf 81' lang='lat' dir='ltr'><strong>Ego</strong></span> <span class='ocrx_word' id='word_1_687' title='bbox 1316 4117 1504 4164; x_wconf 89' lang='lat' dir='ltr'><strong>autem</strong></span> <span class='ocrx_word' id='word_1_688' title='bbox 1523 4115 1851 4165; x_wconf 87' lang='lat' dir='ltr'><strong>constitutus</strong></span> <span class='ocrx_word' id='word_1_689' title='bbox 1871 4129 1995 4166; x_wconf 85' lang='lat' dir='ltr'><strong>sum</strong></span> <span class='ocrx_word' id='word_1_690' title='bbox 2016 4129 2114 4167; x_wconf 73' lang='lat' dir='ltr'><strong>res;</strong></span> <span class='ocrx_word' id='word_1_691' title='bbox 2194 4112 2465 4166; x_wconf 86' lang='lat' dir='ltr'><strong>dientiam</strong></span> <span class='ocrx_word' id='word_1_692' title='bbox 2487 4127 2552 4165; x_wconf 85' lang='lat' dir='ltr'><strong>ex</strong></span> <span class='ocrx_word' id='word_1_693' title='bbox 2580 4111 2668 4164; x_wconf 93' lang='lat' dir='ltr'><strong>his</strong></span> <span class='ocrx_word' id='word_1_694' title='bbox 2696 4109 3011 4180; x_wconf 85' lang='lat' dir='ltr'><strong>opprobriis</strong></span> <span class='ocrx_word' id='word_1_695' title='bbox 3039 4114 3097 4162; x_wconf 90' lang='lat' dir='ltr'><strong>et</strong></span> <span class='ocrx_word' id='word_1_696' title='bbox 3119 4110 3420 4163; x_wconf 86' lang='lat' dir='ltr'><strong>tormentis</strong></span> <span class='ocrx_word' id='word_1_697' title='bbox 3445 4124 3559 4178; x_wconf 64' lang='lat' dir='ltr'><strong>quae</strong></span> <span class='ocrx_word' id='word_1_698' title='bbox 3581 4115 3737 4175; x_wconf 73' lang='lat' dir='ltr'><strong>passus</strong></span> 
     </span>
    </p>
   </div>
   <div class='ocr_carea' id='block_1_84' title="bbox 511 4191 3738 4302">
    <p class='ocr_par' dir='ltr' id='par_1_84' title="bbox 511 4191 3738 4302">
     <span class='ocr_line' id='line_1_84' title="bbox 511 4191 3738 4302; baseline -0.003 -51"><span class='ocrx_word' id='word_1_699' title='bbox 511 4198 583 4251; x_wconf 86' lang='lat' dir='ltr'><strong>ab</strong></span> <span class='ocrx_word' id='word_1_700' title='bbox 602 4213 660 4252; x_wconf 90' lang='lat' dir='ltr'><strong>eo</strong></span> <span class='ocrx_word' id='word_1_701' title='bbox 680 4199 793 4268; x_wconf 90' lang='lat' dir='ltr'><strong>(Ps.</strong></span> <span class='ocrx_word' id='word_1_702' title='bbox 815 4195 901 4267; x_wconf 82' lang='grc' dir='ltr'><strong>ιι).</strong></span> <span class='ocrx_word' id='word_1_703' title='bbox 923 4197 981 4250; x_wconf 91' lang='lat' dir='ltr'><strong>id</strong></span> <span class='ocrx_word' id='word_1_704' title='bbox 1007 4202 1142 4252; x_wconf 90' lang='lat' dir='ltr'><strong>esta</strong></span> <span class='ocrx_word' id='word_1_705' title='bbox 1159 4197 1273 4252; x_wconf 90' lang='lat' dir='ltr'><strong>Deo</strong></span> <span class='ocrx_word' id='word_1_706' title='bbox 1295 4199 1480 4251; x_wconf 87' lang='lat' dir='ltr'><strong>Patre.</strong></span> <span class='ocrx_word' id='word_1_707' title='bbox 1507 4199 1575 4252; x_wconf 91' lang='lat' dir='ltr'><strong>Et</strong></span> <span class='ocrx_word' id='word_1_708' title='bbox 1597 4205 1724 4268; x_wconf 90' lang='lat' dir='ltr'><strong>post</strong></span> <span class='ocrx_word' id='word_1_709' title='bbox 1743 4200 2110 4254; x_wconf 89' lang='lat' dir='ltr'><strong>resurrectio-</strong></span> <span class='ocrx_word' id='word_1_710' title='bbox 2195 4209 2300 4266; x_wconf 89' lang='lat' dir='ltr'><strong>est,</strong></span> <span class='ocrx_word' id='word_1_711' title='bbox 2334 4201 2476 4254; x_wconf 88' lang='lat' dir='ltr'><strong>hanc</strong></span> <span class='ocrx_word' id='word_1_712' title='bbox 2505 4199 2874 4254; x_wconf 88' lang='lat' dir='ltr'><strong>voluntariam</strong></span> <span class='ocrx_word' id='word_1_713' title='bbox 2904 4199 3025 4269; x_wconf 85' lang='lat' dir='ltr'><strong>jam</strong></span> <span class='ocrx_word' id='word_1_714' title='bbox 3063 4197 3318 4252; x_wconf 85' lang='lat' dir='ltr'><strong>exhibuit</strong></span> <span class='ocrx_word' id='word_1_715' title='bbox 3347 4197 3497 4251; x_wconf 88' lang='lat' dir='ltr'><strong>Patri</strong></span> <span class='ocrx_word' id='word_1_716' title='bbox 3524 4191 3738 4248; x_wconf 76' lang='lat' dir='ltr'><strong>obedien-</strong></span> 
     </span>
    </p>
   </div>
   <div class='ocr_carea' id='block_1_85' title="bbox 513 4277 3736 4359">
    <p class='ocr_par' dir='ltr' id='par_1_85' title="bbox 513 4277 3736 4359">
     <span class='ocr_line' id='line_1_85' title="bbox 513 4277 3736 4359; baseline -0.001 -21"><span class='ocrx_word' id='word_1_717' title='bbox 513 4299 644 4338; x_wconf 89' lang='lat' dir='ltr'><strong>nem</strong></span> <span class='ocrx_word' id='word_1_718' title='bbox 673 4300 834 4339; x_wconf 86' lang='lat' dir='ltr'><strong>suam</strong></span> <span class='ocrx_word' id='word_1_719' title='bbox 872 4284 1014 4338; x_wconf 86' lang='lat' dir='ltr'><strong>dixit</strong></span> <span class='ocrx_word' id='word_1_720' title='bbox 1048 4303 1060 4338; x_wconf 90' lang='lat'><strong>:</strong></span> <span class='ocrx_word' id='word_1_721' title='bbox 1102 4286 1244 4339; x_wconf 89' lang='lat' dir='ltr'><strong>Data</strong></span> <span class='ocrx_word' id='word_1_722' title='bbox 1271 4290 1346 4338; x_wconf 82' lang='lat' dir='ltr'><strong>est</strong></span> <span class='ocrx_word' id='word_1_723' title='bbox 1387 4287 1528 4340; x_wconf 86' lang='lat' dir='ltr'><strong>mihi</strong></span> <span class='ocrx_word' id='word_1_724' title='bbox 1564 4290 1744 4340; x_wconf 86' lang='lat' dir='ltr'><strong>omnis</strong></span> <span class='ocrx_word' id='word_1_725' title='bbox 1775 4293 2010 4354; x_wconf 72' lang='lat' dir='ltr'><strong>potestas</strong></span> <span class='ocrx_word' id='word_1_726' title='bbox 2049 4292 2111 4342; x_wconf 86' lang='lat' dir='ltr'><strong>in</strong></span> <span class='ocrx_word' id='word_1_727' title='bbox 2129 4277 2352 4349; x_wconf 69' lang='lat' dir='ltr'><strong>&quot;tiam,</strong></span> <span class='ocrx_word' id='word_1_728' title='bbox 2373 4294 2633 4359; x_wconf 87' lang='lat' dir='ltr'><strong>expertus</strong></span> <span class='ocrx_word' id='word_1_729' title='bbox 2663 4288 2760 4341; x_wconf 91' lang='lat' dir='ltr'><strong>illa</strong></span> <span class='ocrx_word' id='word_1_730' title='bbox 2785 4303 2850 4341; x_wconf 90' lang='lat' dir='ltr'><strong>ex</strong></span> <span class='ocrx_word' id='word_1_731' title='bbox 2880 4294 3038 4356; x_wconf 89' lang='lat' dir='ltr'><strong>parte</strong></span> <span class='ocrx_word' id='word_1_732' title='bbox 3065 4286 3456 4340; x_wconf 89' lang='lat' dir='ltr'><strong>humanitatis.</strong></span> <span class='ocrx_word' id='word_1_733' title='bbox 3481 4285 3620 4338; x_wconf 83' lang='lat' dir='ltr'><strong>Hanc</strong></span> <span class='ocrx_word' id='word_1_734' title='bbox 3640 4277 3736 4332; x_wconf 84' lang='lat' dir='ltr'><strong>obe-</strong></span> 
     </span>
    </p>
   </div>
   <div class='ocr_carea' id='block_1_86' title="bbox 515 4368 3735 4447">
    <p class='ocr_par' dir='ltr' id='par_1_86' title="bbox 515 4368 3735 4447">
     <span class='ocr_line' id='line_1_86' title="bbox 515 4368 3735 4447; baseline -0.002 -22"><span class='ocrx_word' id='word_1_735' title='bbox 515 4373 640 4425; x_wconf 78' lang='grc' dir='ltr'><strong>οωιο</strong></span> <span class='ocrx_word' id='word_1_736' title='bbox 671 4376 721 4425; x_wconf 90' lang='lat' dir='ltr'><strong>et</strong></span> <span class='ocrx_word' id='word_1_737' title='bbox 755 4375 821 4425; x_wconf 86' lang='lat' dir='ltr'><strong>in</strong></span> <span class='ocrx_word' id='word_1_738' title='bbox 853 4376 1004 4425; x_wconf 84' lang='lat' dir='ltr'><strong>terra</strong></span> <span class='ocrx_word' id='word_1_739' title='bbox 1036 4373 1249 4438; x_wconf 80' lang='lat' dir='ltr'><strong>(Matth.</strong></span> <span class='ocrx_word' id='word_1_740' title='bbox 1291 4378 1504 4442; x_wconf 84' lang='lat' dir='ltr'><strong>xxviu).</strong></span> <span class='ocrx_word' id='word_1_741' title='bbox 1555 4375 1854 4430; x_wconf 88' lang='lat' dir='ltr'><strong>Psalmista</strong></span> <span class='ocrx_word' id='word_1_742' title='bbox 1888 4392 2111 4447; x_wconf 89' lang='lat' dir='ltr'><strong>quoque</strong></span> <span class='ocrx_word' id='word_1_743' title='bbox 2194 4378 2465 4432; x_wconf 89' lang='lat' dir='ltr'><strong>dientiam</strong></span> <span class='ocrx_word' id='word_1_744' title='bbox 2494 4394 2664 4447; x_wconf 89' lang='lat' dir='ltr'><strong>quam</strong></span> <span class='ocrx_word' id='word_1_745' title='bbox 2691 4376 2781 4429; x_wconf 90' lang='lat' dir='ltr'><strong>hic</strong></span> <span class='ocrx_word' id='word_1_746' title='bbox 2805 4375 3062 4429; x_wconf 90' lang='lat' dir='ltr'><strong>didicisse</strong></span> <span class='ocrx_word' id='word_1_747' title='bbox 3092 4375 3228 4428; x_wconf 90' lang='lat' dir='ltr'><strong>dicit</strong></span> <span class='ocrx_word' id='word_1_748' title='bbox 3256 4375 3548 4446; x_wconf 87' lang='lat' dir='ltr'><strong>Apostolus</strong></span> <span class='ocrx_word' id='word_1_749' title='bbox 3572 4368 3735 4424; x_wconf 87' lang='lat' dir='ltr'><strong>Filium</strong></span> 
     </span>
    </p>
   </div>
   <div class='ocr_carea' id='block_1_87' title="bbox 513 4457 3735 4534">
    <p class='ocr_par' dir='ltr' id='par_1_87' title="bbox 513 4457 3735 4534">
     <span class='ocr_line' id='line_1_87' title="bbox 513 4457 3735 4534; baseline -0 -23"><span class='ocrx_word' id='word_1_750' title='bbox 513 4457 653 4513; x_wconf 87' lang='lat' dir='ltr'><strong>dicit</strong></span> <span class='ocrx_word' id='word_1_751' title='bbox 671 4459 742 4515; x_wconf 89' lang='lat' dir='ltr'><strong>ad</strong></span> <span class='ocrx_word' id='word_1_752' title='bbox 761 4460 942 4514; x_wconf 89' lang='lat' dir='ltr'><strong>Deum</strong></span> <span class='ocrx_word' id='word_1_753' title='bbox 963 4461 1218 4515; x_wconf 85' lang='lat' dir='ltr'><strong>Patrem:</strong></span> <span class='ocrx_word' id='word_1_754' title='bbox 1241 4462 1402 4524; x_wconf 86' lang='lat' dir='ltr'><strong>Deus,</strong></span> <span class='ocrx_word' id='word_1_755' title='bbox 1413 4465 1698 4530; x_wconf 86' lang='lat' dir='ltr'><strong>judicium</strong></span> <span class='ocrx_word' id='word_1_756' title='bbox 1717 4469 1877 4519; x_wconf 86' lang='lat' dir='ltr'><strong>tuum</strong></span> <span class='ocrx_word' id='word_1_757' title='bbox 1901 4469 2020 4533; x_wconf 88' lang='lat' dir='ltr'><strong>regi</strong></span> <span class='ocrx_word' id='word_1_758' title='bbox 2037 4467 2112 4518; x_wconf 90' lang='lat' dir='ltr'><strong>da</strong></span> <span class='ocrx_word' id='word_1_759' title='bbox 2193 4467 2315 4534; x_wconf 90' lang='lat' dir='ltr'><strong>Dei,</strong></span> <span class='ocrx_word' id='word_1_760' title='bbox 2347 4467 2450 4520; x_wconf 90' lang='lat' dir='ltr'><strong>hoc</strong></span> <span class='ocrx_word' id='word_1_761' title='bbox 2480 4472 2566 4520; x_wconf 90' lang='lat' dir='ltr'><strong>est</strong></span> <span class='ocrx_word' id='word_1_762' title='bbox 2593 4464 2906 4519; x_wconf 89' lang='lat' dir='ltr'><strong>voluntarie</strong></span> <span class='ocrx_word' id='word_1_763' title='bbox 2937 4463 3265 4534; x_wconf 88' lang='lat' dir='ltr'><strong>suscepisse,</strong></span> <span class='ocrx_word' id='word_1_764' title='bbox 3310 4463 3420 4517; x_wconf 88' lang='lat' dir='ltr'><strong>alio</strong></span> <span class='ocrx_word' id='word_1_765' title='bbox 3447 4463 3558 4516; x_wconf 89' lang='lat' dir='ltr'><strong>loco</strong></span> <span class='ocrx_word' id='word_1_766' title='bbox 3585 4462 3735 4512; x_wconf 84' lang='lat' dir='ltr'><strong>osten-</strong></span> 
     </span>
    </p>
   </div>
   <div class='ocr_carea' id='block_1_88' title="bbox 515 4547 3735 4623">
    <p class='ocr_par' dir='ltr' id='par_1_88' title="bbox 515 4547 3735 4623">
     <span class='ocr_line' id='line_1_88' title="bbox 515 4547 3735 4623; baseline -0.001 -22"><span class='ocrx_word' id='word_1_767' title='bbox 515 4547 679 4617; x_wconf 80' lang='lat' dir='ltr'><strong>(Psal.</strong></span> <span class='ocrx_word' id='word_1_768' title='bbox 703 4547 871 4620; x_wconf 78' lang='lat' dir='ltr'><strong>Lxxi).</strong></span> <span class='ocrx_word' id='word_1_769' title='bbox 889 4549 1050 4614; x_wconf 87' lang='lat' dir='ltr'><strong>Quod</strong></span> <span class='ocrx_word' id='word_1_770' title='bbox 1071 4566 1201 4604; x_wconf 90' lang='lat' dir='ltr'><strong>vero</strong></span> <span class='ocrx_word' id='word_1_771' title='bbox 1229 4551 1736 4618; x_wconf 86' lang='lat' dir='ltr'><strong>sacerdos-existat,</strong></span> <span class='ocrx_word' id='word_1_772' title='bbox 1769 4554 1907 4607; x_wconf 89' lang='lat' dir='ltr'><strong>satis</strong></span> <span class='ocrx_word' id='word_1_773' title='bbox 1932 4559 2105 4623; x_wconf 87' lang='lat' dir='ltr'><strong>patet,</strong></span> <span class='ocrx_word' id='word_1_774' title='bbox 2191 4555 2292 4620; x_wconf 91' lang='lat' dir='ltr'><strong>dit,</strong></span> <span class='ocrx_word' id='word_1_775' title='bbox 2321 4555 2417 4609; x_wconf 89' lang='lat' dir='ltr'><strong>ubi</strong></span> <span class='ocrx_word' id='word_1_776' title='bbox 2443 4555 2581 4609; x_wconf 89' lang='lat' dir='ltr'><strong>dicit</strong></span> <span class='ocrx_word' id='word_1_777' title='bbox 2608 4570 2618 4603; x_wconf 90' lang='lat'>:</span> <span class='ocrx_word' id='word_1_778' title='bbox 2659 4556 2796 4610; x_wconf 77' lang='lat' dir='ltr'><strong>Cum</strong></span> <span class='ocrx_word' id='word_1_779' title='bbox 2827 4557 2889 4607; x_wconf 87' lang='lat' dir='ltr'><strong>in</strong></span> <span class='ocrx_word' id='word_1_780' title='bbox 2918 4555 3103 4620; x_wconf 86' lang='lat' dir='ltr'><strong>forma</strong></span> <span class='ocrx_word' id='word_1_781' title='bbox 3133 4555 3233 4606; x_wconf 86' lang='lat' dir='ltr'><strong>Dei</strong></span> <span class='ocrx_word' id='word_1_782' title='bbox 3259 4558 3410 4616; x_wconf 83' lang='lat' dir='ltr'><strong>esset,</strong></span> <span class='ocrx_word' id='word_1_783' title='bbox 3438 4550 3735 4613; x_wconf 80' lang='lat' dir='ltr'><strong>semetipsum</strong></span> 
     </span>
    </p>
   </div>
   <div class='ocr_carea' id='block_1_89' title="bbox 512 4634 3735 4713">
    <p class='ocr_par' dir='ltr' id='par_1_89' title="bbox 512 4634 3735 4713">
     <span class='ocr_line' id='line_1_89' title="bbox 512 4634 3735 4713; baseline -0.001 -22"><span class='ocrx_word' id='word_1_784' title='bbox 512 4637 778 4708; x_wconf 89' lang='lat' dir='ltr'><strong>quoniam</strong></span> <span class='ocrx_word' id='word_1_785' title='bbox 807 4639 1055 4710; x_wconf 86' lang='lat' dir='ltr'><strong>seipsum</strong></span> <span class='ocrx_word' id='word_1_786' title='bbox 1083 4638 1287 4694; x_wconf 89' lang='lat' dir='ltr'><strong>obtulit</strong></span> <span class='ocrx_word' id='word_1_787' title='bbox 1311 4639 1369 4694; x_wconf 91' lang='lat' dir='ltr'><strong>in</strong></span> <span class='ocrx_word' id='word_1_788' title='bbox 1399 4657 1499 4694; x_wconf 89' lang='lat' dir='ltr'><strong>ara</strong></span> <span class='ocrx_word' id='word_1_789' title='bbox 1527 4642 1708 4696; x_wconf 88' lang='lat' dir='ltr'><strong>crucis</strong></span> <span class='ocrx_word' id='word_1_790' title='bbox 1730 4659 1830 4713; x_wconf 92' lang='lat' dir='ltr'><strong>pro</strong></span> <span class='ocrx_word' id='word_1_791' title='bbox 1851 4642 2030 4706; x_wconf 90' lang='lat' dir='ltr'><strong>nobis,</strong></span> <span class='ocrx_word' id='word_1_792' title='bbox 2054 4649 2111 4697; x_wconf 90' lang='lat' dir='ltr'><strong>et</strong></span> <span class='ocrx_word' id='word_1_793' title='bbox 2191 4647 2520 4709; x_wconf 67' lang='lat' dir='ltr'><strong>eainanivit,</strong></span> <span class='ocrx_word' id='word_1_794' title='bbox 2536 4645 2779 4711; x_wconf 83' lang='lat' dir='ltr'><strong>formam</strong></span> <span class='ocrx_word' id='word_1_795' title='bbox 2791 4645 2936 4696; x_wconf 77' lang='lat' dir='ltr'><strong>servi</strong></span> <span class='ocrx_word' id='word_1_796' title='bbox 2945 4634 3735 4709; x_wconf 68' lang='lat' dir='ltr'><strong>accipiens,factusqueobediem</strong></span> 
     </span>
    </p>
   </div>
   <div class='ocr_carea' id='block_1_90' title="bbox 509 4715 3735 4800">
    <p class='ocr_par' dir='ltr' id='par_1_90' title="bbox 509 4715 3735 4800">
     <span class='ocr_line' id='line_1_90' title="bbox 509 4715 3735 4800; baseline -0.001 -19"><span class='ocrx_word' id='word_1_797' title='bbox 509 4741 660 4782; x_wconf 89' lang='lat' dir='ltr'><strong>nunc</strong></span> <span class='ocrx_word' id='word_1_798' title='bbox 688 4727 1013 4800; x_wconf 86' lang='lat' dir='ltr'><strong>interpellat</strong></span> <span class='ocrx_word' id='word_1_799' title='bbox 1041 4729 1219 4783; x_wconf 91' lang='lat' dir='ltr'><strong>Deum</strong></span> <span class='ocrx_word' id='word_1_800' title='bbox 1261 4729 1487 4783; x_wconf 91' lang='lat' dir='ltr'><strong>Patrem</strong></span> <span class='ocrx_word' id='word_1_801' title='bbox 1530 4747 1631 4800; x_wconf 91' lang='lat' dir='ltr'><strong>pro</strong></span> <span class='ocrx_word' id='word_1_802' title='bbox 1661 4736 1855 4784; x_wconf 89' lang='lat' dir='ltr'><strong>nostra</strong></span> <span class='ocrx_word' id='word_1_803' title='bbox 1891 4731 2100 4788; x_wconf 89' lang='lat' dir='ltr'><strong>salute.</strong></span> <span class='ocrx_word' id='word_1_804' title='bbox 2191 4731 2345 4786; x_wconf 83' lang='lat' dir='ltr'><strong>Patri</strong></span> <span class='ocrx_word' id='word_1_805' title='bbox 2383 4747 2551 4800; x_wconf 85' lang='lat' dir='ltr'><strong>usque</strong></span> <span class='ocrx_word' id='word_1_806' title='bbox 2580 4731 2653 4783; x_wconf 90' lang='lat' dir='ltr'><strong>ad</strong></span> <span class='ocrx_word' id='word_1_807' title='bbox 2684 4734 2915 4782; x_wconf 79' lang='lat' dir='ltr'><strong>mortem</strong></span> <span class='ocrx_word' id='word_1_808' title='bbox 2950 4731 3112 4798; x_wconf 83' lang='lat' dir='ltr'><strong>(Phil.</strong></span> <span class='ocrx_word' id='word_1_809' title='bbox 3147 4729 3234 4798; x_wconf 84' lang='lat' dir='ltr'><strong>Il).</strong></span> <span class='ocrx_word' id='word_1_810' title='bbox 3276 4728 3342 4782; x_wconf 89' lang='lat' dir='ltr'><strong>In</strong></span> <span class='ocrx_word' id='word_1_811' title='bbox 3373 4745 3437 4782; x_wconf 92' lang='lat' dir='ltr'><strong>eo</strong></span> <span class='ocrx_word' id='word_1_812' title='bbox 3468 4740 3586 4779; x_wconf 87' lang='lat' dir='ltr'><strong>vero</strong></span> <span class='ocrx_word' id='word_1_813' title='bbox 3618 4715 3735 4791; x_wconf 78' lang='lat' dir='ltr'><strong>quod</strong></span> 
     </span>
    </p>
   </div>
   <div class='ocr_carea' id='block_1_91' title="bbox 508 4806 3731 4891">
    <p class='ocr_par' dir='ltr' id='par_1_91' title="bbox 508 4806 3731 4891">
     <span class='ocr_line' id='line_1_91' title="bbox 508 4806 3731 4891; baseline -0.001 -21"><span class='ocrx_word' id='word_1_814' title='bbox 508 4813 669 4880; x_wconf 81' lang='lat' dir='ltr'><strong>Quod</strong></span> <span class='ocrx_word' id='word_1_815' title='bbox 689 4817 860 4871; x_wconf 88' lang='lat' dir='ltr'><strong>etiam</strong></span> <span class='ocrx_word' id='word_1_816' title='bbox 883 4822 1086 4872; x_wconf 88' lang='lat' dir='ltr'><strong>unctus</strong></span> <span class='ocrx_word' id='word_1_817' title='bbox 1118 4817 1193 4872; x_wconf 90' lang='lat' dir='ltr'><strong>sit</strong></span> <span class='ocrx_word' id='word_1_818' title='bbox 1217 4834 1330 4871; x_wconf 91' lang='lat' dir='ltr'><strong>non</strong></span> <span class='ocrx_word' id='word_1_819' title='bbox 1356 4819 1478 4872; x_wconf 92' lang='lat' dir='ltr'><strong>oleo</strong></span> <span class='ocrx_word' id='word_1_820' title='bbox 1501 4818 1726 4884; x_wconf 80' lang='lat' dir='ltr'><strong>visibili,</strong></span> <span class='ocrx_word' id='word_1_821' title='bbox 1747 4819 1842 4873; x_wconf 91' lang='lat' dir='ltr'><strong>sed</strong></span> <span class='ocrx_word' id='word_1_822' title='bbox 1868 4819 2109 4891; x_wconf 88' lang='lat' dir='ltr'><strong>plenitu-</strong></span> <span class='ocrx_word' id='word_1_823' title='bbox 2191 4820 2272 4874; x_wconf 90' lang='lat' dir='ltr'><strong>ait</strong></span> <span class='ocrx_word' id='word_1_824' title='bbox 2297 4838 2309 4873; x_wconf 89' lang='lat'><strong>:</strong></span> <span class='ocrx_word' id='word_1_825' title='bbox 2339 4821 2408 4874; x_wconf 89' lang='lat' dir='ltr'><strong>Et</strong></span> <span class='ocrx_word' id='word_1_826' title='bbox 2427 4823 2870 4884; x_wconf 87' lang='lat' dir='ltr'><strong>consummatus,</strong></span> <span class='ocrx_word' id='word_1_827' title='bbox 2893 4818 2949 4872; x_wconf 88' lang='lat' dir='ltr'><strong>id</strong></span> <span class='ocrx_word' id='word_1_828' title='bbox 2971 4823 3057 4872; x_wconf 90' lang='lat' dir='ltr'><strong>est</strong></span> <span class='ocrx_word' id='word_1_829' title='bbox 3076 4818 3354 4889; x_wconf 86' lang='lat' dir='ltr'><strong>perfectus</strong></span> <span class='ocrx_word' id='word_1_830' title='bbox 3374 4817 3432 4870; x_wconf 92' lang='lat' dir='ltr'><strong>in</strong></span> <span class='ocrx_word' id='word_1_831' title='bbox 3448 4806 3731 4869; x_wconf 66' lang='lat' dir='ltr'><strong>sacerdotio.</strong></span> 
     </span>
    </p>
   </div>
   <div class='ocr_carea' id='block_1_92' title="bbox 505 4901 3735 4979">
    <p class='ocr_par' dir='ltr' id='par_1_92' title="bbox 505 4901 3735 4979">
     <span class='ocr_line' id='line_1_92' title="bbox 505 4901 3735 4979; baseline 0 -23"><span class='ocrx_word' id='word_1_832' title='bbox 505 4901 639 4956; x_wconf 86' lang='lat' dir='ltr'><strong>dine</strong></span> <span class='ocrx_word' id='word_1_833' title='bbox 665 4903 908 4974; x_wconf 88' lang='lat' dir='ltr'><strong>Spiritus</strong></span> <span class='ocrx_word' id='word_1_834' title='bbox 936 4905 1137 4970; x_wconf 90' lang='lat' dir='ltr'><strong>sancti,</strong></span> <span class='ocrx_word' id='word_1_835' title='bbox 1169 4907 1466 4960; x_wconf 85' lang='lat' dir='ltr'><strong>Psalmista</strong></span> <span class='ocrx_word' id='word_1_836' title='bbox 1494 4907 1656 4961; x_wconf 90' lang='lat' dir='ltr'><strong>nobis</strong></span> <span class='ocrx_word' id='word_1_837' title='bbox 1681 4907 1890 4973; x_wconf 90' lang='lat' dir='ltr'><strong>innuit,</strong></span> <span class='ocrx_word' id='word_1_838' title='bbox 1915 4909 2106 4962; x_wconf 91' lang='lat' dir='ltr'><strong>dicens</strong></span> <span class='ocrx_word' id='word_1_839' title='bbox 2189 4908 2452 4979; x_wconf 89' lang='lat' dir='ltr'><strong>omnique</strong></span> <span class='ocrx_word' id='word_1_840' title='bbox 2483 4907 2802 4962; x_wconf 89' lang='lat' dir='ltr'><strong>obedientia</strong></span> <span class='ocrx_word' id='word_1_841' title='bbox 2841 4907 3022 4961; x_wconf 89' lang='lat' dir='ltr'><strong>factus</strong></span> <span class='ocrx_word' id='word_1_842' title='bbox 3073 4913 3158 4961; x_wconf 89' lang='lat' dir='ltr'><strong>est</strong></span> <span class='ocrx_word' id='word_1_843' title='bbox 3198 4905 3457 4961; x_wconf 89' lang='lat' dir='ltr'><strong>omnibus</strong></span> <span class='ocrx_word' id='word_1_844' title='bbox 3498 4901 3735 4965; x_wconf 67' lang='lat' dir='ltr'><strong>obtempe&#39;</strong></span> 
     </span>
    </p>
   </div>
   <div class='ocr_carea' id='block_1_93' title="bbox 505 4989 3733 5063">
    <p class='ocr_par' dir='ltr' id='par_1_93' title="bbox 505 4989 3733 5063">
     <span class='ocr_line' id='line_1_93' title="bbox 505 4989 3733 5063; baseline -0.002 -21"><span class='ocrx_word' id='word_1_845' title='bbox 505 4989 578 5043; x_wconf 88' lang='lat' dir='ltr'><strong>ad</strong></span> <span class='ocrx_word' id='word_1_846' title='bbox 596 4990 780 5060; x_wconf 88' lang='lat' dir='ltr'><strong>ipsum</strong></span> <span class='ocrx_word' id='word_1_847' title='bbox 803 5010 815 5046; x_wconf 88' lang='lat'><strong>:</strong></span> <span class='ocrx_word' id='word_1_848' title='bbox 843 4991 889 5047; x_wconf 93' lang='grc' dir='ltr'>Ο</span> <span class='ocrx_word' id='word_1_849' title='bbox 912 4993 1081 5058; x_wconf 89' lang='lat' dir='ltr'><strong>Deus,</strong></span> <span class='ocrx_word' id='word_1_850' title='bbox 1105 4997 1271 5048; x_wconf 67' lang='lat' dir='ltr'><strong>unxit</strong></span> <span class='ocrx_word' id='word_1_851' title='bbox 1293 5000 1340 5048; x_wconf 85' lang='lat' dir='ltr'><strong>te</strong></span> <span class='ocrx_word' id='word_1_852' title='bbox 1358 4997 1522 5063; x_wconf 88' lang='lat' dir='ltr'><strong>Deus,</strong></span> <span class='ocrx_word' id='word_1_853' title='bbox 1545 4997 1685 5050; x_wconf 89' lang='lat' dir='ltr'><strong>Deus</strong></span> <span class='ocrx_word' id='word_1_854' title='bbox 1708 5001 1857 5063; x_wconf 87' lang='lat' dir='ltr'><strong>tuus,</strong></span> <span class='ocrx_word' id='word_1_855' title='bbox 1881 5000 1992 5051; x_wconf 84' lang='lat' dir='ltr'><strong>oleo</strong></span> <span class='ocrx_word' id='word_1_856' title='bbox 2013 5001 2106 5052; x_wconf 66' lang='lat' dir='ltr'><strong>las-</strong></span> <span class='ocrx_word' id='word_1_857' title='bbox 2187 4996 2443 5052; x_wconf 90' lang='lat' dir='ltr'><strong>rantibus</strong></span> <span class='ocrx_word' id='word_1_858' title='bbox 2472 4996 2578 5050; x_wconf 89' lang='lat' dir='ltr'><strong>sibi</strong></span> <span class='ocrx_word' id='word_1_859' title='bbox 2615 5011 2785 5050; x_wconf 86' lang='lat' dir='ltr'><strong>causa</strong></span> <span class='ocrx_word' id='word_1_860' title='bbox 2832 4995 3030 5049; x_wconf 87' lang='lat' dir='ltr'><strong>salutis</strong></span> <span class='ocrx_word' id='word_1_861' title='bbox 3061 5001 3302 5061; x_wconf 66' lang='lat' dir='ltr'><strong>aeternae,</strong></span> <span class='ocrx_word' id='word_1_862' title='bbox 3334 4991 3570 5048; x_wconf 88' lang='lat' dir='ltr'><strong>ostendit</strong></span> <span class='ocrx_word' id='word_1_863' title='bbox 3592 4997 3733 5056; x_wconf 78' lang='lat' dir='ltr'><strong>quan-</strong></span> 
     </span>
    </p>
   </div>
   <div class='ocr_carea' id='block_1_94' title="bbox 507 5077 3732 5157">
    <p class='ocr_par' dir='ltr' id='par_1_94' title="bbox 507 5077 3732 5157">
     <span class='ocr_line' id='line_1_94' title="bbox 507 5077 3732 5157; baseline -0.001 -25"><span class='ocrx_word' id='word_1_864' title='bbox 507 5080 642 5132; x_wconf 69' lang='lat' dir='ltr'><strong>titia</strong></span> <span class='ocrx_word' id='word_1_865' title='bbox 675 5095 787 5147; x_wconf 68' lang='lat' dir='ltr'><strong>pra</strong></span> <span class='ocrx_word' id='word_1_866' title='bbox 823 5080 1165 5136; x_wconf 76' lang='lat' dir='ltr'><strong>consortibus</strong></span> <span class='ocrx_word' id='word_1_867' title='bbox 1202 5085 1312 5136; x_wconf 90' lang='lat' dir='ltr'><strong>tuis</strong></span> <span class='ocrx_word' id='word_1_868' title='bbox 1333 5087 1496 5150; x_wconf 84' lang='lat' dir='ltr'><strong>(Psal.</strong></span> <span class='ocrx_word' id='word_1_869' title='bbox 1521 5088 1688 5153; x_wconf 76' lang='lat' dir='ltr'><strong>XLIV),</strong></span> <span class='ocrx_word' id='word_1_870' title='bbox 1721 5085 1824 5139; x_wconf 90' lang='lat' dir='ltr'><strong>hoc</strong></span> <span class='ocrx_word' id='word_1_871' title='bbox 1853 5091 1957 5151; x_wconf 91' lang='lat' dir='ltr'><strong>est,</strong></span> <span class='ocrx_word' id='word_1_872' title='bbox 1993 5087 2106 5157; x_wconf 89' lang='lat' dir='ltr'><strong>ple-</strong></span> <span class='ocrx_word' id='word_1_873' title='bbox 2186 5092 2309 5140; x_wconf 90' lang='lat' dir='ltr'><strong>tum</strong></span> <span class='ocrx_word' id='word_1_874' title='bbox 2339 5086 2557 5139; x_wconf 90' lang='lat' dir='ltr'><strong>lucrum</strong></span> <span class='ocrx_word' id='word_1_875' title='bbox 2587 5083 2662 5138; x_wconf 90' lang='lat' dir='ltr'><strong>sit</strong></span> <span class='ocrx_word' id='word_1_876' title='bbox 2710 5084 2833 5153; x_wconf 89' lang='lat' dir='ltr'><strong>ejus</strong></span> <span class='ocrx_word' id='word_1_877' title='bbox 2879 5084 3083 5154; x_wconf 90' lang='lat' dir='ltr'><strong>passio,</strong></span> <span class='ocrx_word' id='word_1_878' title='bbox 3127 5085 3248 5153; x_wconf 83' lang='lat' dir='ltr'><strong>ejus</strong></span> <span class='ocrx_word' id='word_1_879' title='bbox 3291 5077 3607 5137; x_wconf 85' lang='lat' dir='ltr'><strong>obedientia,</strong></span> <span class='ocrx_word' id='word_1_880' title='bbox 3636 5082 3732 5140; x_wconf 68' lang='lat' dir='ltr'><strong>qm!</strong></span> 
     </span>
    </p>
   </div>
   <div class='ocr_carea' id='block_1_95' title="bbox 503 5165 3728 5244">
    <p class='ocr_par' dir='ltr' id='par_1_95' title="bbox 503 5165 3728 5244">
     <span class='ocr_line' id='line_1_95' title="bbox 503 5165 3728 5244; baseline -0.003 -23"><span class='ocrx_word' id='word_1_881' title='bbox 503 5165 762 5222; x_wconf 87' lang='lat' dir='ltr'><strong>nitudine</strong></span> <span class='ocrx_word' id='word_1_882' title='bbox 791 5167 1032 5238; x_wconf 88' lang='lat' dir='ltr'><strong>Spiritus</strong></span> <span class='ocrx_word' id='word_1_883' title='bbox 1083 5170 1282 5225; x_wconf 88' lang='lat' dir='ltr'><strong>sancti.</strong></span> <span class='ocrx_word' id='word_1_884' title='bbox 1314 5172 1506 5226; x_wconf 85' lang='lat' dir='ltr'><strong>Tertia</strong></span> <span class='ocrx_word' id='word_1_885' title='bbox 1533 5190 1756 5244; x_wconf 86' lang='lat' dir='ltr'><strong>quoque</strong></span> <span class='ocrx_word' id='word_1_886' title='bbox 1798 5191 1969 5229; x_wconf 82' lang='lat' dir='ltr'><strong>causa</strong></span> <span class='ocrx_word' id='word_1_887' title='bbox 1996 5181 2101 5239; x_wconf 88' lang='lat' dir='ltr'><strong>est,</strong></span> <span class='ocrx_word' id='word_1_888' title='bbox 2186 5174 2444 5228; x_wconf 89' lang='lat' dir='ltr'><strong>omnibus</strong></span> <span class='ocrx_word' id='word_1_889' title='bbox 2475 5170 2832 5227; x_wconf 89' lang='lat' dir='ltr'><strong>credentibus</strong></span> <span class='ocrx_word' id='word_1_890' title='bbox 2868 5172 3079 5226; x_wconf 84' lang='lat' dir='ltr'><strong>sufﬁcit</strong></span> <span class='ocrx_word' id='word_1_891' title='bbox 3122 5173 3194 5226; x_wconf 89' lang='lat' dir='ltr'><strong>ad</strong></span> <span class='ocrx_word' id='word_1_892' title='bbox 3222 5172 3458 5225; x_wconf 89' lang='lat' dir='ltr'><strong>salutem</strong></span> <span class='ocrx_word' id='word_1_893' title='bbox 3485 5171 3728 5219; x_wconf 68' lang='lat' dir='ltr'><strong>aeternam</strong></span> 
     </span>
    </p>
   </div>
   <div class='ocr_carea' id='block_1_96' title="bbox 502 5257 2496 5334">
    <p class='ocr_par' dir='ltr' id='par_1_96' title="bbox 502 5257 2496 5334">
     <span class='ocr_line' id='line_1_96' title="bbox 502 5257 2496 5334; baseline 0.003 -25"><span class='ocrx_word' id='word_1_894' title='bbox 502 5271 679 5327; x_wconf 89' lang='lat' dir='ltr'><strong>quare</strong></span> <span class='ocrx_word' id='word_1_895' title='bbox 707 5257 1016 5312; x_wconf 88' lang='lat' dir='ltr'><strong>secundum</strong></span> <span class='ocrx_word' id='word_1_896' title='bbox 1041 5257 1298 5312; x_wconf 89' lang='lat' dir='ltr'><strong>ordinem</strong></span> <span class='ocrx_word' id='word_1_897' title='bbox 1330 5261 1752 5329; x_wconf 80' lang='lat' dir='ltr'><strong>Melchisedech,</strong></span> <span class='ocrx_word' id='word_1_898' title='bbox 1785 5269 1842 5318; x_wconf 90' lang='lat' dir='ltr'><strong>et</strong></span> <span class='ocrx_word' id='word_1_899' title='bbox 1870 5280 1983 5318; x_wconf 91' lang='lat' dir='ltr'><strong>non</strong></span> <span class='ocrx_word' id='word_1_900' title='bbox 2012 5281 2102 5318; x_wconf 85' lang='lat' dir='ltr'><strong>se-</strong></span> <span class='ocrx_word' id='word_1_901' title='bbox 2187 5263 2454 5334; x_wconf 88' lang='lat' dir='ltr'><strong>Sequitur</strong></span> <span class='ocrx_word' id='word_1_902' title='bbox 2485 5281 2496 5315; x_wconf 92' lang='lat'>:</span> 
     </span>
    </p>
   </div>
   <div class='ocr_carea' id='block_1_97' title="bbox 500 5335 3724 5420">
    <p class='ocr_par' dir='ltr' id='par_1_97' title="bbox 500 5335 3724 5420">
     <span class='ocr_line' id='line_1_97' title="bbox 500 5335 3724 5420; baseline -0.001 -21"><span class='ocrx_word' id='word_1_903' title='bbox 500 5345 748 5400; x_wconf 89' lang='lat' dir='ltr'><strong>cundum</strong></span> <span class='ocrx_word' id='word_1_904' title='bbox 777 5345 1031 5402; x_wconf 85' lang='lat' dir='ltr'><strong>ordinem</strong></span> <span class='ocrx_word' id='word_1_905' title='bbox 1054 5348 1243 5403; x_wconf 82' lang='lat' dir='ltr'><strong>Aaron</strong></span> <span class='ocrx_word' id='word_1_906' title='bbox 1271 5349 1529 5406; x_wconf 85' lang='lat' dir='ltr'><strong>Christus</strong></span> <span class='ocrx_word' id='word_1_907' title='bbox 1557 5352 1779 5407; x_wconf 88' lang='lat' dir='ltr'><strong>dicatur</strong></span> <span class='ocrx_word' id='word_1_908' title='bbox 1813 5353 2091 5419; x_wconf 88' lang='lat' dir='ltr'><strong>sacerdos,</strong></span> <span class='ocrx_word' id='word_1_909' title='bbox 2249 5355 2322 5407; x_wconf 90' lang='lat' dir='ltr'><strong>De</strong></span> <span class='ocrx_word' id='word_1_910' title='bbox 2343 5369 2468 5420; x_wconf 88' lang='lat' dir='ltr'><strong>quo,</strong></span> <span class='ocrx_word' id='word_1_911' title='bbox 2491 5351 2547 5405; x_wconf 91' lang='lat' dir='ltr'><strong>id</strong></span> <span class='ocrx_word' id='word_1_912' title='bbox 2565 5355 2772 5405; x_wconf 86' lang='lat' dir='ltr'><strong>estnon</strong></span> <span class='ocrx_word' id='word_1_913' title='bbox 2795 5350 2863 5403; x_wconf 92' lang='lat' dir='ltr'><strong>de</strong></span> <span class='ocrx_word' id='word_1_914' title='bbox 2877 5348 3302 5411; x_wconf 84' lang='lat' dir='ltr'><strong>Melchisedech,</strong></span> <span class='ocrx_word' id='word_1_915' title='bbox 3325 5346 3420 5400; x_wconf 90' lang='lat' dir='ltr'><strong>sed</strong></span> <span class='ocrx_word' id='word_1_916' title='bbox 3439 5345 3505 5399; x_wconf 85' lang='lat' dir='ltr'><strong>de</strong></span> <span class='ocrx_word' id='word_1_917' title='bbox 3523 5335 3724 5394; x_wconf 62' lang='lat' dir='ltr'><strong>Christos</strong></span> 
     </span>
    </p>
   </div>
   <div class='ocr_carea' id='block_1_98' title="bbox 497 5426 3722 5517">
    <p class='ocr_par' dir='ltr' id='par_1_98' title="bbox 497 5426 3722 5517">
     <span class='ocr_line' id='line_1_98' title="bbox 497 5426 3722 5517; baseline -0.003 -27"><span class='ocrx_word' id='word_1_918' title='bbox 497 5433 754 5490; x_wconf 80' lang='lat' dir='ltr'><strong>videlicet</strong></span> <span class='ocrx_word' id='word_1_919' title='bbox 781 5434 918 5506; x_wconf 90' lang='lat' dir='ltr'><strong>quia</strong></span> <span class='ocrx_word' id='word_1_920' title='bbox 957 5436 1106 5496; x_wconf 82' lang='lat' dir='ltr'><strong>sicut</strong></span> <span class='ocrx_word' id='word_1_921' title='bbox 1132 5437 1202 5492; x_wconf 90' lang='lat' dir='ltr'><strong>de</strong></span> <span class='ocrx_word' id='word_1_922' title='bbox 1241 5437 1647 5504; x_wconf 79' lang='lat' dir='ltr'><strong>Melchisedech</strong></span> <span class='ocrx_word' id='word_1_923' title='bbox 1683 5443 1857 5498; x_wconf 85' lang='lat' dir='ltr'><strong>semel</strong></span> <span class='ocrx_word' id='word_1_924' title='bbox 1886 5442 2094 5517; x_wconf 76' lang='lat' dir='ltr'><strong>legitur</strong></span> <span class='ocrx_word' id='word_1_925' title='bbox 2176 5442 2410 5510; x_wconf 85' lang='lat' dir='ltr'><strong>grandis</strong></span> <span class='ocrx_word' id='word_1_926' title='bbox 2428 5442 2581 5495; x_wconf 85' lang='lat' dir='ltr'><strong>nobis</strong></span> <span class='ocrx_word' id='word_1_927' title='bbox 2596 5443 2834 5510; x_wconf 71' lang='lat' dir='ltr'><strong>sermost</strong></span> <span class='ocrx_word' id='word_1_928' title='bbox 2861 5426 3722 5508; x_wconf 69' lang='lat' dir='ltr'><strong>ininterpretabitisaddicendum»</strong></span> 
     </span>
    </p>
   </div>
  </div>
