3992 6166
255 234 355 292 857

907 245 1287 306 EXPOSITIO
1324 252 1401 307 IN
1441 252 1594 308 EPP.
1639 254 1696 310 S.
1742 256 1979 312 PAULI.
2023 286 2087 301 -
2126 258 2206 314 IN
2247 257 2468 313 EPIST.
2508 256 2605 313 AD
2645 256 2860 312 HEBR.

3418 259 3527 317 858

254 363 519 453 quoniam
532 364 807 420 inbecilles
824 368 963 435 facti
970 374 1098 425 estis
1108 374 1182 426 ad
1196 376 1558 432 audiendum.
1578 378 1681 433 Illa
1701 380 1841 434 ditti-
1857 383 1908 440 Α
1926 397 2029 437 nec
2058 383 2161 437 scit
2183 382 2263 438 ita
2292 388 2355 437 ut
2386 382 2628 453 expedit,
2660 381 3052 436 discretionem
3076 381 3259 437 facere
3270 384 3422 438 inter
3443 384 3538 440 bo-

252 446 431 502 cultas
463 449 872 542 interpretandi
927 474 1241 514 sermonem
1274 480 1441 533 quem
1471 465 1540 519 de
1584 467 1723 520 Filio
1764 468 1841 522 in-
1928 486 2063 523 num
2094 478 2151 525 et
2183 472 2412 532 malum,
2448 446 2753 541 redditque
2774 488 3004 524 causam
3049 487 3225 542 quare
3256 490 3267 524 :
3320 475 3529 527 Parvu-

248 543 480 592 camato
508 539 772 606 instituit,
793 559 906 598 non
934 544 1040 600 fuit
1063 548 1120 602 in
1150 551 1272 620 ejus
1300 553 1621 623 ignorantia
1641 555 1730 610 cui
1756 573 1843 611 re-

1928 560 2012 611 lus
2040 564 2114 611 est
2143 562 2312 621 enim,
2336 559 2608 614 subaudis
2638 576 2805 614 sensu
2835 567 2893 614 et
2924 560 3235 631 intellectu).
3267 561 3537 627 Perfecto-
3564 624 3575 633 ο

249 625 434 719 velata
455 633 589 719 sunt
617 632 887 702 mysteria
914 649 948 688 a
977 637 1195 692 saeculis
1220 639 1566 708 abscondita,
1616 645 1714 698 sed
1744 660 1842 716 po-
1928 661 2059 700 rum
2085 652 2271 701 autem
2297 647 2589 702 hominum
2604 652 2679 701 est
2699 648 2910 702 solidus
2926 650 3099 713 cibus,
3123 647 3180 701 id
3197 625 3284 702 est
3300 625 3537 719 quiper-

246 712 361 769 tius
389 715 449 770 in
476 716 700 772 illorum
733 720 1020 785 tarditate,
1063 724 1159 795 qui
1190 726 1517 795 imbecilles,
1558 731 1612 785 id
1650 712 1846 787 estvin-
1926 733 2099 787 fectos
2154 734 2364 789 habent
2405 752 2625 800 sensus,
2658 736 2886 791 illorum
2918 742 3006 791 est
3033 737 3152 791 alta
3197 744 3256 791 et
3297 712 3538 792 dbscura

247 803 401 895 firmi
545 805 675 871 fide,
725 812 781 861 et
825 808 1054 879 fragiles
1108 830 1275 870 sensu
1312 818 1384 871 ad
1413 819 1845 889 intelligendum
1927 822 2137 876 sentire
2162 824 2437 894 mysteria
2465 825 2535 878 de
2584 823 2888 879 Divinitate
2940 825 3344 895 omnipotentis
3398 825 3532 892 Dei;

245 890 528 983 profunda
557 897 828 983 mysteria
854 898 1102 967 fuerunt,
1127 904 1224 973 qui
1254 906 1422 961 etiam
1461 925 1561 979 pro
1592 918 1846 980 tempore
1929 911 2078 964 unde
2102 917 2160 965 et
2185 890 2443 983 sequitur
2472 931 2483 965 :
2510 914 2739 979 Eorum,
2764 913 2887 967 dico
2914 929 3036 967 esse
3052 890 3294 967 sdlidum
3321 890 3529 981 cibum,

245 981 509 1050 magistri
540 981 855 1040 debuerant
882 1003 1022 1054 esse,
1057 990 1206 1046 unde
1232 999 1290 1047 et
1330 994 1451 1065 ipse
1489 997 1675 1052 reddit
1721 1014 1848 1053 cau-
1929 1003 2029 1067 qui
2042 1015 2145 1067 pro
2163 981 2555 1054 consuetudine
2576 1001 2834 1056 lectionis
2858 1003 3534 1069 eaercitatoshabentsenm~

244 1085 368 1124 eam
390 1069 582 1126 dicens
613 1091 625 1125 :
673 1073 951 1139 Quoniam
989 1077 1277 1135 inbecilles
1304 1082 1437 1138 facti
1463 1085 1597 1139 estis
1627 1086 1698 1140 ad
1743 1103 1845 1142 au-

244 1157 539 1225 diendum,
571 1175 636 1214 ac
660 1160 860 1217 deinde
891 1164 1181 1238 subjungit
1213 1185 1225 1219 ε

1929 1104 2043 1151 sus,
2063 1087 2166 1142 hoc
2176 1093 2263 1142 est
2282 1088 2483 1143 studiis
2505 1089 2824 1143 litterarum
2846 1096 3126 1153 extensos,
3144 1091 3218 1143 ad
3245 1091 3537 1153 discretio-5

1932 1192 2051 1228 nem
2078 1178 2206 1229 boni
2234 1193 2301 1230 ac
2325 1179 2486 1243 mali,
2521 1193 2738 1231 necnon
2767 1177 2839 1230 ad
2861 1177 3256 1231 discretionem
3285 1176 3535 1233 veritatis

317 1246 540 1335 Etenim
555 1265 683 1304 cum
703 1252 962 1308 deberetis
980 1259 1239 1323 magistri
1253 1275 1357 1312 esse
1370 1267 1591 1329 propter
1614 1268 1842 1332 tempus,
1928 1278 1993 1316 ac
2024 1263 2302 1318 haeretica;
2332 1264 2643 1335 pravitatis.
2707 1264 2861 1319 Sicut
2907 1264 3056 1319 enim
3092 1265 3356 1335 parvulus
3384 1265 3534 1321 inter

243 1334 519 1391 subaudis
540 1354 648 1409 quo
671 1357 812 1410 pene
844 1342 915 1396 ab
944 1342 1103 1399 initio
1131 1346 1313 1417 legem
1342 1348 1618 1405 habuistis
1646 1359 1703 1407 et
1722 1370 1848 1424 pro-
1928 1351 2115 1406 cibum
2137 1358 2195 1407 et
2218 1334 2403 1407 cibum
2431 1354 2751 1408 discernere
2767 1352 2965 1418 nescit,
2985 1358 3043 1407 et
3054 1370 3201 1424 saepe
3220 1353 3534 1409 ininnoxiis

241 1425 468 1496 phetas,
485 1442 717 1482 rursum
741 1432 996 1499 indigetis
1016 1439 1076 1487 ut
1096 1435 1410 1491 doceamini
1425 1455 1459 1493 a
1481 1456 1587 1500 me.
1609 1441 1847 1513 aliisque
1929 1442 2220 1496 sumendis
2267 1441 2404 1496 cibis
2447 1441 2799 1513 periclitatur
2839 1442 2887 1495 si
2939 1457 3050 1496 non
3101 1441 3465 1512 prohibeatur
3499 1459 3536 1496 a

242 1515 661 1586 apostolis,quz
677 1521 789 1572 sint
810 1523 1075 1576 elementa
1095 1527 1311 1579 exordii
1323 1544 1643 1583 sermonum
1664 1532 1779 1592 Dei,
1796 1535 1845 1584 et
1928 1530 2166 1594 seniore,
2203 1530 2285 1584 ita
2316 1530 2581 1585 indoctus
2607 1530 2844 1601 quisque
2871 1529 2966 1601 qui
3013 1530 3410 1584 discretionem
3438 1530 3537 1585 do-

240 1603 387 1669 facti
412 1608 540 1658 estis
569 1608 767 1676 quibus
798 1611 932 1663 lacte
956 1626 1090 1678 opus
1118 1616 1211 1679 sit,
1246 1631 1357 1668 non
1396 1619 1566 1671 solido
1593 1621 1727 1673 cibo.
1760 1618 1845 1673 Ad
1928 1618 2239 1673 ctrinarum
2273 1619 2468 1682 nescit,
2504 1619 2665 1672 facile
2707 1618 2986 1689 decipitur
3012 1624 3183 1688 atque
3225 1619 3285 1673 in
3317 1618 3404 1673 via
3442 1635 3535 1674 er-

241 1707 344 1746 eos
365 1692 617 1764 loquitur
636 1696 732 1766 qui
761 1696 856 1751 diu
880 1706 1164 1755 morantes
1195 1702 1252 1756 in
1294 1704 1435 1773 lege,
1479 1707 1841 1761 exercitatum
1863 1692 2072 1760 Broris
2096 1706 2466 1777 periclitatur.
2485 1707 2843 1777 Quapropter
2871 1707 3027 1773 dicit,
3060 1707 3196 1777 quia
3229 1707 3412 1761 omnis
3437 1707 3534 1779 qui

238 1796 478 1836 sensum
508 1783 822 1840 debuerant
848 1786 1056 1843 habere
1098 1790 1168 1844 de
1217 1792 1460 1848 adventu
1499 1795 1706 1850 Christi
1745 1813 1846 1868 per
1925 1795 2087 1849 lactis
2116 1804 2204 1849 est
2230 1796 2531 1866 particeps,
2562 1811 2759 1866 expers
2803 1801 2890 1850 est
2934 1795 3211 1850 sermonis
3247 1796 3485 1865 justitia:
3519 1813 3531 1849 :

240 1868 401 1925 dicta
421 1871 562 1945 legis
586 1878 643 1927 et
656 1876 1080 1946 prophetarum,
1098 1896 1201 1952 per
1213 1882 1455 1952 gratiam
1477 1900 1698 1955 quoque
1721 1902 1845 1956 quae
1927 1884 2075 1955 quod
2104 1886 2254 1937 enim
2282 1884 2340 1938 in
2369 1884 2511 1937 lacte
2542 1889 2601 1938 et
2630 1884 2808 1938 solido
2837 1883 2982 1949 cibo,
3006 1884 3111 1938 hoc
3137 1884 3197 1937 in
3226 1883 3451 1939 indocto
3479 1888 3538 1938 et

238 1975 349 2030 per
387 1976 519 2016 eum
544 1963 901 2019 credentibus
926 1966 1098 2022 allata
1125 1974 1228 2024 est.
1258 1970 1365 2034 Qui
1403 1978 1555 2026 certe
1596 1990 1723 2027 cum
1752 1974 1845 2028 de-
1924 1972 2179 2043 sapiente
2204 1972 2408 2027 differt.
2444 1972 2602 2027 Sicut
2632 1973 2718 2026 lac
2737 1973 2983 2044 parvulis
3012 1973 3290 2043 congruit,
3322 1978 3380 2027 et
3398 1973 3535 2028 soli-

238 2046 505 2105 buissent
537 2052 794 2122 magistri
832 2071 955 2109 esse
998 2057 1300 2126 gentilium
1346 2065 1576 2131 propter
1619 2067 1844 2134 tempus
1925 2061 2030 2116 dus
2050 2061 2206 2115 cibus
2223 2067 2388 2116 aetate
2405 2062 2684 2132 perfectis,
2706 2062 2789 2116 ita
2812 2061 3052 2116 indoctis
3073 2062 3303 2115 humilis
3323 2079 3530 2130 sermo,

238 2138 619 2208 praeteritum,
648 2141 707 2196 in
734 2159 846 2212 quo
888 2145 1076 2199 omnia
1116 2147 1376 2217 superius
1410 2156 1724 2205 memorata
1753 2152 1845 2205 ha-
1928 2156 1986 2203 et
2008 2149 2355 2219 sapientibus
2384 2167 2655 2204 arcanum
2686 2151 3023 2223 mysterium
3055 2166 3219 2204 nosse
3239 2151 3532 2206 convenit:

243 2224 519 2293 buerunt,
563 2246 789 2285 rursum
821 2232 1149 2303 indigebant
1176 2241 1239 2289 ut
1276 2236 1613 2292 docerentur
1652 2239 1723 2294 ab
1754 2241 1848 2295 illo
1932 2237 2029 2308 qui
2051 2238 2386 2292 exercitatos
2414 2238 2625 2292 habent
2670 2255 2867 2293 sensus
2919 2238 3109 2292 studio
3139 2238 3418 2292 lectionis.
3454 2238 3533 2291 Ex

242 2316 583 2388 ueterisque
611 2322 878 2390 apostolis
917 2339 1040 2393 quae
1078 2324 1193 2378 sint
1221 2326 1499 2381 elementa
1524 2344 1848 2385 sermonum
1931 2342 2038 2380 usu
2060 2327 2285 2397 quidem
2310 2327 2567 2382 lectionis
2589 2334 2646 2382 et
2671 2328 2948 2398 frequenti
2998 2326 3366 2381 meditatione
3391 2325 3533 2380 divi-

241 2403 370 2458 Dei.
400 2405 694 2463 Elementa
719 2410 988 2466 dicuntur
1013 2414 1172 2483 quasi
1201 2414 1567 2482 elevamenta,
1605 2434 1670 2472 eo
1701 2419 1849 2489 quod
1931 2430 2133 2468 narum
2156 2415 2936 2485 Scripturarum,efliciuntur
2959 2432 3157 2470 sensus
3177 2414 3356 2469 nostri
3376 2429 3536 2468 exer-

239 2509 307 2547 ex
342 2493 486 2565 ipsis
506 2501 707 2551 caetera
733 2498 1006 2570 originem
1039 2508 1290 2571 sumant,
1317 2503 1480 2558 initia
1510 2505 1767 2561 videlicet
1795 2513 1853 2562 et
1933 2504 2090 2557 citati
2119 2511 2176 2557 et
2203 2506 2418 2558 extensi
2549 2506 2763 2575 majora
2784 2504 3180 2575 intelligenda:
3202 2504 3350 2557 unde
3384 2502 3538 2557 Psal-

236 2581 617 2641 fundamenta
633 2591 1094 2644 creaturarum.A
1114 2590 1446 2661 quibusdam
1466 2594 1637 2647 etiam
1659 2595 1853 2650 dicun-
1935 2592 2104 2645 mista
2132 2591 2356 2647 beatum
2387 2581 2509 2647 esse
2538 2595 2718 2647 virum
2740 2593 3062 2662 dicit,qui...
3089 2596 3153 2647 in
3166 2596 3279 2658 tege
3309 2592 3538 2645 Domini

238 2677 339 2727 tur
357 2674 629 2729 elimenta
645 2693 746 2747 per
764 2677 821 2731 id
835 2669 920 2732 est
938 2682 1094 2748 quasi
1113 2679 1611 2746 fabricamenta,ab
1626 2700 1691 2737 eo
1703 2684 1853 2755 quod

238 2768 329 2816 est
354 2763 526 2818 elimo
557 2765 770 2829 elimas,
802 2767 965 2837 quasi
996 2784 1060 2822 ex
1086 2768 1169 2822 eis
1192 2768 1463 2824 fabricata
1494 2772 1607 2825 sint
1628 2773 1844 2831 omnia.

237 2852 349 2907 Hic
392 2858 591 2907 autem
638 2855 905 2910 elimenta
948 2857 1063 2911 sive
1111 2857 1393 2913 elementa
1419 2859 1639 2915 duobus
1669 2862 1850 2916 modis

236 2957 554 3013 possumus
581 2941 915 3014 intelligere,
952 2945 1011 3000 id
1043 2950 1129 3001 est
1148 2951 1212 3001 ut
1230 2947 1383 3018 ipsos
1411 2948 1764 3004 characteres
1794 2956 1852 3005 et

233 3031 739 3102 pronuntiationes
769 3033 1108 3101 litterarum,
1141 3053 1176 3090 a
1198 3038 1402 3109 quibus
1432 3039 1720 3093 exordium
1750 3056 1850 3094 su-

1936 2682 2245 2736 meditatur
2273 2682 2363 2735 die
2392 2699 2457 2737 ac
2487 2689 2639 2736 nocte
2672 2684 2831 2750 (Psat.
2870 2684 2931 2752 1).

2550 2822 2786 2877 CAPUT
2809 2820 2909 2877 VI.

2005 2949 2346 3018 Quapropter
2370 2950 2794 3003 intermittentes
2811 2948 3180 3002 inchoationis
3195 2945 3406 3000 Christi
3426 2959 3537 2999 ser-

1932 3053 2171 3103 monem,
2203 3038 2277 3091 ad
2299 3038 2633 3105 perfectiora
2674 3043 2950 3104 feramur.
2990 3034 3367 3106 Quapropter,
3400 3032 3534 3103 quia

233 3124 415 3175 munt
450 3136 737 3175 sermones
758 3123 841 3175 vel
860 3128 1010 3177 certe
1039 3124 1161 3196 ipsa
1196 3126 1359 3180 initia
1388 3133 1445 3181 et
1482 3126 1852 3182 fundamenta
1932 3126 2263 3180 exercitatos
2285 3142 2483 3179 sensus
2507 3126 2666 3180 decet
2689 3142 2792 3179 nos
2812 3125 3019 3179 habere
3049 3125 3108 3178 in
3138 3124 3260 3193 lege
3286 3121 3536 3189 Domini,

234 3209 589 3273 ﬁdei.Quasi
608 3210 997 3266 diceretzﬂoc
1017 3212 1282 3284 indigetis
1314 3216 1851 3287 utdoceaminiquaa
1932 3214 2370 3268 intermittentes
2417 3230 2733 3268 sermonem
2781 3212 3152 3268 inchoationis
3200 3209 3411 3264 Christi
3461 3209 3536 3264 ad

234 3299 361 3354 sint
390 3298 669 3353 elementa
689 3299 1007 3355 litterarum
1029 3302 1111 3356 vel
1142 3302 1303 3358 initia
1337 3304 1485 3369 fidei,
1520 3321 1647 3359 cum
1681 3305 1853 3360 debe-

233 3388 385 3443 retis
412 3388 858 3459 profunditatem
880 3391 1278 3461 mysteriorum
1310 3392 1677 3464 intelligendo
1704 3411 1855 3449 scru-

233 3477 379 3544 tari,
427 3481 489 3531 et
536 3476 768 3548 perfecti
815 3494 936 3532 esse
977 3478 1036 3533 in
1077 3479 1203 3534 ﬁde.
1253 3481 1414 3557 Facti
1446 3482 1600 3546 estis,
1647 3483 1851 3553 inquit,

236 3565 409 3637 quasi
434 3565 907 3637 infantes,quibus
935 3568 1078 3622 lacte
1104 3585 1246 3640 opus
1282 3569 1373 3636 sit,
1407 3570 1464 3641 ip
1494 3576 1582 3625 est
1609 3570 1851 3641 simplici

234 3662 296 3709 et
325 3655 464 3709 rudi
492 3654 762 3719 doctrina,
786 3669 899 3709 non
928 3656 1105 3711 solido
1136 3649 1289 3712 cibo.‘
1311 3659 1369 3713 id
1388 3665 1475 3713 est
1492 3659 1739 3730 perfecta
1757 3660 1851 3714 do-

233 3745 433 3798 ctrina
455 3743 860 3814 profundisque
887 3746 1239 3800 sermonibus
1267 3747 1350 3801 vel
1378 3748 1681 3818 mysteriis.
1712 3746 1853 3801 Bea-

232 3840 331 3889 tus
361 3832 669 3903 Apostolus
690 3833 834 3886 hanc
852 3833 1020 3887 habet
1047 3836 1530 3902 consuetudinem,
1566 3841 1628 3890 ut
1647 3835 1857 3906 simpli-

231 3940 365 3979 cem
401 3921 718 3975 doctrinam
748 3921 908 3975 lactis
946 3923 1174 3978 nomine
1219 3924 1495 3993 designet,
1553 3924 1855 3996 perfectam

231 4017 464 4075 autem,
489 4009 728 4064 solidum
750 4009 933 4064 cibum
950 4012 1369 4082 appellet;unde
1388 4013 1526 4067 dicit
1548 4012 1854 4067 Corinthiis

231 4104 434 4157 adhuc
464 4099 651 4154 minus
670 4099 928 4170 perfectis
961 4102 1007 4167 (Ι
1038 4101 1158 4155 Cor.
1192 4104 1273 4167 III)
1312 4120 1324 4154 :
1357 4102 1467 4157 Lac
1490 4104 1636 4156 vobis
1660 4107 1852 4171 potum

230 4194 392 4256 dedi,
426 4206 539 4243 non
569 4204 764 4249 escam,
799 4189 932 4259 quia
960 4189 1201 4243 necdum
1232 4192 1465 4259 potestis
1494 4207 1720 4261 capere.
1742 4192 1854 4246 Lac

229 4296 381 4351 ergo
404 4276 674 4348 simplicis
692 4276 959 4331 doctrinae
976 4282 1062 4331 est
1090 4277 1403 4332 incarnatio
1424 4279 1552 4332 Filii
1572 4278 1693 4343 Dei,
1721 4296 1852 4350 pas-

1934 3302 2212 3374 profuntla
2237 3309 2295 3357 et
2323 3304 2438 3357 alta
2488 3302 2759 3375 mysteria
2789 3302 3030 3358 Deitatis
3073 3302 3197 3371 ejus
3228 3300 3529 3356 ducamur.

1936 3391 2268 3447 Sermonem
2298 3393 2674 3447 inchoationis
2696 3392 2905 3447 Christi
2935 3396 3097 3448 vocat
3123 3388 3347 3442 initium
3380 3387 3533 3455 fidei,

1935 3480 2363 3536 instructionem
2421 3482 2678 3536 videlicet
2728 3482 2798 3535 de
2854 3480 3147 3535 nativitate
3206 3475 3418 3531 Christi
3465 3477 3536 3531 de
3624 3550 3631 3557 ι

1933 3570 2212 3640 passione,
2254 3570 2323 3624 de
2353 3570 2782 3635 resurrectione,
2836 3575 3006 3639 atque
3037 3564 3363 3620 ascensione
3386 3566 3532 3634 ejus,

1935 3665 1991 3712 et
2017 3659 2204 3727 gratia
2230 3658 2603 3729 baptismatis.
2660 3658 2816 3711 Sicut
2861 3658 3011 3711 enim
3056 3670 3186 3708 eum
3235 3651 3332 3722 qui
3384 3652 3537 3707 litte-

1939 3747 2018 3801 ris
2074 3753 2160 3801 est
2202 3747 2560 3805 imbuendus.
2620 3746 2901 3799 elementa
2951 3744 3269 3797 litterarum
3313 3745 3542 3810 oportet

1940 3836 2183 3907 primum
2213 3835 2427 3897 audire,
2462 3834 2542 3888 sic
2592 3839 2649 3887 et
2695 3833 3051 3888 Christianus
3103 3832 3272 3887 debet
3317 3832 3405 3888 his
3458 3832 3541 3886 in-

1939 3924 2082 3980 strui
2109 3924 2293 3994 primo
2324 3922 2596 3984 omnium,
2630 3928 2687 3975 et
2738 3921 3096 3991 postmodum
3140 3922 3213 3975 ad
3268 3922 3541 3994 mysteria

1937 4012 2254 4068 Divinitatis
2282 4011 2471 4064 venire
2516 4010 2637 4064 Non
2662 4024 2894 4062 rursum
2911 4012 3178 4077 jacientes
3205 4012 3542 4077 fundamen-

1940 4108 2059 4156 tum
2082 4102 2413 4169 poznitentia:
2440 4100 2508 4151 ab
2532 4099 2784 4166 operibus
2814 4100 3069 4163 mortuis,
3084 4102 3133 4150 et
3160 4100 3307 4165 ﬁdei,
3331 4098 3541 4152 funda-

1936 4194 2212 4253 mentum,
2245 4187 2514 4242 subaudis
2543 4203 2656 4240 non
2682 4201 2909 4239 rursum
2924 4185 3218 4255 jacientes,
3249 4187 3325 4241 ad
3343 4189 3539 4243 Deum.

1936 4276 2391 4330 Fundamentum
2428 4272 2771 4344 paenitentiae
2805 4278 2966 4327 vocat
2992 4273 3143 4327 unde
3170 4273 3416 4344 primum
3448 4274 3537 4327 in-

228 4370 342 4436 sio,
378 4381 557 4431 mors,
586 4365 923 4419 resurrectio
953 4365 1124 4430 illius,
1157 4366 1407 4420 ascensio
1438 4366 1497 4420 in
1521 4367 1690 4421 caelos
1716 4385 1727 4419 :
1757 4384 1847 4421 so-
1867 4355 2075 4419 Dstrui
2096 4362 2262 4417 debet
2283 4363 2377 4433 qui
2404 4362 2771 4434 baptizandus
2800 4366 2907 4425 est,
2930 4361 2977 4415 si
2993 4367 3188 4416 tamen
3217 4362 3287 4436 ad
3316 4367 3542 4417 aetatem

226 4458 395 4512 lidus
452 4470 583 4509 vero
626 4453 783 4508 cibus
834 4455 1065 4525 perfecti
1094 4455 1373 4509 sermonis
1403 4461 1488 4509 est
1516 4456 1850 4527 mysterium

225 4542 846 4613 Trinitatis,quomodo
866 4542 1039 4597 Filius
1060 4548 1369 4597 coaeternus
1387 4544 1459 4598 sit
1480 4543 1685 4609 Patris,
1709 4560 1850 4614 quo-

227 4634 413 4690 modo
440 4631 686 4702 Spiritus
707 4636 934 4686 sanctus
959 4632 1227 4703 procedat
1253 4631 1324 4685 ab
1356 4638 1616 4703 utroque,
1638 4638 1691 4687 et
1714 4649 1847 4703 quo-

226 4723 415 4779 modo
449 4726 567 4776 tres
605 4720 720 4773 sint
748 4720 806 4774 in
835 4719 1108 4791 personis,
1143 4725 1201 4773 et
1229 4714 1399 4775 unus'
1420 4721 1480 4775 in
1529 4720 1847 4776 substantia

223 4810 502 4868 Deitatis.
538 4809 645 4864 Sed
663 4808 758 4880 qui
772 4824 884 4862 non
904 4814 1090 4879 potest
1110 4809 1425 4880 intelligere
1442 4811 1587 4881 quod
1607 4826 1846 4881 evange-

221 4902 373 4956 lista
398 4900 484 4954 ait
515 4917 527 4951 :
574 4898 801 4952 Verbum
829 4913 957 4951 caro
985 4899 1201 4965 factum
1218 4904 1313 4963 est,
1341 4900 1621 4969 quomodo
1642 4900 1849 4970 poterit

221 4991 303 5046 ad
336 4988 703 5044 altitudinem
746 4985 1022 5040 sermonis
1066 4986 1187 5056 ejus
1225 4987 1535 5058 pervenire,
1579 4987 1674 5042 ubi
1716 4988 1842 5041 ait:

221 5082 299 5135 In
344 5079 637 5148 principio
687 5080 806 5129 erat
866 5076 1133 5129 Verbum?
1158 5081 1208 5128 et
1265 5076 1490 5129 Verbum
1540 5081 1661 5129 erat
1696 5076 1846 5143 apud

221 5170 437 5231 Deum,
464 5171 513 5219 et
536 5167 677 5220 Deus
704 5168 824 5218 erat
862 5165 1088 5217 Verbum
1114 5164 1293 5231 (Joan.
1319 5164 1377 5233 ι).
1411 5163 1676 5234 Sequitur
1708 5181 1720 5215 :

307 5257 513 5312 Omnis
542 5257 693 5307 enim
721 5256 821 5321 qui
847 5255 1003 5306 tactis
1029 5257 1106 5306 est
1124 5255 1418 5320 particeps,
1446 5252 1503 5305 id
1530 5258 1617 5306 est
1634 5252 1847 5323 simpli-

1932 4452 2338 4523 intelligibilem
2370 4451 2640 4523 pervenit,
2675 4451 2780 4505 hoc
2807 4456 2893 4505 est
2920 4457 2984 4504 ut
3010 4452 3207 4505 credat
3236 4451 3540 4506 Dominum

1933 4544 1962 4597 ,Ι
1968 4559 2129 4597 esum
2160 4541 2448 4595 Christum
2473 4540 2729 4611 genitum
2754 4556 2820 4593 ex
2849 4539 2965 4593 Deo
2986 4540 3158 4593 Patre
3180 4545 3311 4593 ante
3353 4540 3543 4593 omnia

1930 4631 2156 4697 secula,
2185 4636 2384 4684 natum
2415 4629 2483 4682 de
2505 4628 2689 4681 Maria
2720 4628 2936 4697 virgine
2964 4627 3020 4679 in
3052 4628 3162 4680 fine
3214 4634 3534 4697 temporum

1929 4736 2031 4790 pro
2060 4719 2241 4773 salute
2267 4717 2492 4789 generis
2524 4716 2773 4780 humani,
2805 4715 2927 4768 sine
2956 4714 3171 4768 semine
3199 4714 3304 4766 viri
3328 4732 3340 4765 :
3403 4730 3534 4784 pas-

1928 4825 2075 4873 sum,
2113 4812 2419 4870 mortuum,
2453 4804 2827 4858 resurrexisse
2857 4802 3027 4856 tertia
3070 4801 3179 4866 die,
3212 4801 3530 4857 ascendisse

1928 4898 1999 4951 ad
2030 4897 2216 4958 caelos,
2251 4900 2549 4948 venturum
2576 4892 2646 4946 ad
2672 4890 2949 4961 judicium
2980 4895 3044 4943 ut
3075 4889 3275 4943 reddat
3312 4889 3532 4945 unicui-

1928 5002 2037 5056 que
2067 4983 2374 5038 secundum
2395 4997 2567 5052 opera
2586 4996 2707 5044 sua,
2744 4978 3214 5032 resurrectionem
3235 4994 3537 5050 corporum

1927 5071 2511 5128 etimmutabilitatem
2531 5067 3051 5133 animarum,bonos
3071 5066 3127 5120 in
3138 5066 3541 5138 gloria,malos

1926 5163 1985 5217 in
2001 5162 2179 5232 poenis
2201 5158 2894 5227 manere,omnipotentem
2914 5157 3089 5211 Deum
3106 5156 3421 5212 trinitatem
3439 5158 3536 5214 ha-

1926 5251 2058 5306 bere
2070 5251 2128 5304 in
2144 5249 2417 5321 personis,
2427 5247 2700 5301 unitatem
2714 5246 2771 5300 in
2783 5242 3431 5317 substantia.Postquam
3454 5248 3532 5301 is-

221 5346 313 5402 cis
344 5348 575 5399 tantum
611 5340 900 5406 doctrinae,
932 5356 1119 5409 expers
1163 5346 1238 5394 est
1284 5344 1552 5394 sermonis
1582 5343 1835 5409 justitiae,
1922 5348 1984 5395 ta
2012 5339 2203 5394 omnia
2231 5338 2517 5392 confessus
2544 5336 2718 5390 fuerit
2737 5353 2797 5390 se
2819 5336 3065 5393 credere,
3089 5334 3257 5389 debet
3278 5336 3533 5390 confiteri

215 5436 340 5491 hoc
367 5437 478 5498 est,
511 5429 727 5486 alienus
747 5433 835 5484 est
859 5445 894 5481 a
918 5428 1256 5483 discretione
1288 5428 1545 5499 perfectae
1582 5428 1838 5499 justitiae,
1923 5432 2152 5501 peccata
2174 5442 2294 5491 sua,
2314 5426 2506 5496 sicque
2522 5425 2873 5495 injungenda
2894 5430 2980 5479 est
2999 5424 3050 5478 ei
3072 5422 3405 5495 poenitentia
3430 5428 3533 5476 aut

217 5524 375 5597 quia
404 5520 658 5577 nondum
682 5523 870 5595 potest
893 5522 1190 5594 penetrare
1214 5533 1422 5577 arcana
1441 5517 1841 5589 mysteriorum
1923 5516 2316 5589 quadraginta,
2339 5520 2440 5570 aut
2479 5514 2698 5585 viginti,
2733 5519 2834 5568 aut
2862 5520 3081 5586 septem
3109 5513 3351 5576 dierum,
3381 5509 3528 5565 sicut
