3992 6166
529 253 640 313 859

952 255 1332 313 HAYMONIS
1364 254 1857 316 HALBERSTAT.
1897 259 2120 316 EPISO.
2164 260 2326 315 OPP.
2370 259 2556 316 PARS
2594 261 2638 315 Ι.
2681 293 2744 304 -
2785 260 3156 316 COMMENT.
3193 261 3366 317 BIBL.

3636 264 3720 323 860

528 380 588 434 in
618 380 971 450 passionibus
992 385 1314 435 sanctorum
1342 381 1601 450 legimus,
1633 398 1697 436 ac
1725 383 1928 437 deinde
1958 384 2186 445 debetA
2208 402 2380 449 mum,
2407 402 2535 439 mox
2565 383 2861 439 subintulit
2884 383 3074 438 dicens
3098 402 3110 437 :
3145 386 3458 455 Impossibile
3500 392 3562 439 est
3606 391 3726 451 enim

530 469 822 540 baptizari,
851 469 1255 524 abrenuntians
1284 470 1505 523 diabolo
1534 476 1590 523 et
1620 471 1877 525 omnibus
1907 474 2129 543 pompis

531 560 672 627 ejus,
690 557 1060 629 omnibusque
1088 559 1346 629 cperibus
1373 560 1513 626 ejus.
1544 559 1859 628 Baptizatus
1884 578 2013 613 vero
2031 563 2129 613 de-

527 646 625 699 bet
654 647 871 716 plenius
896 647 1097 701 instrui
1128 648 1197 702 de
1227 648 1549 711 Divinitate,
1584 652 1648 701 ut
1675 650 1868 702 credat
1906 650 2128 703 Patrem

526 735 880 804 unigenitum
919 736 1236 807 Filiumque
1258 736 1533 806 genitum,
1568 737 1838 807 Spiritum
1870 744 2127 793 sanctum

528 840 633 877 nec
657 823 911 891 genitum
940 841 1043 878 nec
1069 826 1408 894 ingenitum,
1435 826 1534 879 sed
1563 826 1632 878 ab
1662 834 1902 897 utroque
1929 844 2127 897 proce-

528 912 754 967 dentem
787 931 798 965 :
838 915 1034 984 regula
1060 931 1281 986 quoque
1311 916 1529 969 vivendi
1572 916 1878 970 secundum
1919 916 2129 970 doctri-

526 1015 656 1057 nam
685 1002 1062 1073 evangelicam
1121 1010 1291 1075 atque
1348 1004 1712 1074 apostolicam
1761 1023 1871 1076 qua
1929 1005 2131 1059 debeat

524 1105 693 1167 agere
716 1091 881 1154 bona,
919 1097 975 1145 et
1004 1093 1179 1146 vitare
1209 1093 1373 1145 mala.
1395 1093 1535 1156 Quia
1566 1110 1699 1163 ergo
1718 1094 1893 1147 Judaei
1927 1096 2129 1164 quibus

523 1180 828 1250 Apostolus
849 1180 929 1234 ita
957 1180 1235 1235 scribebat
1255 1182 1372 1250 jam
1402 1180 1667 1252 baptizati
1698 1189 1876 1248 erant,
1896 1185 2129 1253 jamque

2211 490 2295 527 eos
2326 478 2425 542 qui
2445 477 2605 527 semel
2635 479 2766 526 sunt
2800 476 3135 539 illuminati,
3163 472 3413 526 subaudis
3430 490 3517 551 per
3532 476 3729 543 gratiam

2212 563 2389 615 sancti
2412 562 2653 631 Spiritus
2680 561 2736 614 in
2760 561 3094 631 baptismate
3109 561 3730 629 ﬁdei,gustareruntetiam

2212 652 2421 704 donum
2474 653 2692 711 caeleste,
2753 651 2858 703 hoc
2889 655 2991 712 est,
3027 648 3394 703 remissionem
3434 657 3733 720 peccatorum

2213 743 2584 809 perceperunt
2610 739 2666 792 in
2692 739 3048 809 baptismate,
3099 738 3209 791 sive
3251 724 3732 809 communicaverunt

2213 828 2432 898 corpori
2461 834 2517 881 et
2554 828 2812 897 sanguini
2844 826 3065 880 Domini
3092 831 3215 897 post
3237 826 3733 897 baptismuin,etpar-

2213 919 2396 985 ticipes
2417 919 2555 983 facti
2573 922 2705 970 sunt
2727 916 2974 983 Spiritus
2995 909 3189 978 sancti,
3210 916 3268 969 in
3284 913 3641 983 distributione
3660 917 3735 969 sci-

2215 1005 2347 1058 licet
2372 1005 2666 1069 donorum,
2693 1010 3058 1071 gustaverunt
3088 1004 3445 1057 nihilominus
3475 1006 3647 1067 bonum
3664 1004 3736 1058 Dei
3779 1002 3785 1011 ’

2213 1095 2457 1158 verbum,
2476 1093 2531 1148 id
2555 1099 2640 1148 est
2658 1093 2971 1147 doctrinam
2987 1092 3353 1161 evangelicam
3382 1091 3734 1159 intellexerunt,

2211 1184 2546 1250 virtutesque
2576 1185 2761 1236 saeculi
2786 1186 3028 1244 renturi,
3060 1182 3112 1233 id
3136 1186 3221 1234 est
3242 1181 3737 1250 gloriﬁcationemre-

522 1266 955 1323 fundamentum
1012 1271 1270 1340 superius
1335 1270 1677 1339 descriptum
1737 1277 2122 1341 perceperant,
2211 1271 2594 1335 surrectionis,
2628 1272 2913 1341 vitamque
2945 1270 3226 1336 futuram;
3259 1275 3307 1322 et
3334 1271 3558 1337 prolapsi
3587 1275 3692 1339 sunt
3713 1285 3738 1322 a

525 1358 787 1411 hortatur
816 1359 942 1411 illos
971 1358 1040 1410 ad
1074 1359 1182 1411 ista
1227 1359 1443 1428 majora
1471 1360 1720 1421 tendere,
1752 1366 1808 1414 et
1846 1378 1984 1433 opus
2016 1379 2124 1415 non
2174 1395 2181 1399 -
2212 1360 2319 1413 tide
2347 1359 2571 1421 Christi,
2596 1360 2853 1430 negando
2875 1359 3053 1423 illum,
3078 1364 3176 1411 aut
3201 1358 3369 1410 etiam
3387 1358 3455 1409 ad
3481 1358 3738 1431 criminalia

524 1460 646 1498 esse
677 1451 741 1499 ut
779 1445 985 1499 iterum
1037 1445 1176 1500 illud
1223 1446 1653 1502 fundamentum
1696 1450 2038 1518 paenitentiae
2069 1457 2125 1504 et
2207 1452 2435 1518 peccata
2470 1448 2733 1519 prolapsi,
2768 1450 3028 1501 renovari
3059 1450 3267 1499 iterum
3297 1447 3367 1499 ad
3398 1449 3734 1514 paenitentiam,

528 1533 659 1586 ﬁdei
688 1534 758 1587 ad
786 1534 960 1588 Deum
976 1535 1223 1604 jaciatur
1247 1536 1301 1589 in
1321 1535 1448 1591 illis.
1473 1536 1684 1590 Idcirco
1717 1543 1908 1591 autem
1928 1538 2127 1593 funda-
2210 1536 2311 1590 hoc
2337 1542 2447 1604 est,
2479 1553 2649 1591 novos
2679 1537 2800 1590 ﬁeri
2827 1553 2927 1607 per
2954 1532 3740 1606 pmnitentiam,subaudisasu-

530 1626 783 1695 mentum
802 1620 1143 1692 poenitentia:
1164 1623 1219 1677 id
1237 1630 1412 1689 vocat,
1445 1625 1594 1695 quia,
1622 1625 1986 1680 sicutdictum
2018 1633 2120 1694 est,
2149 1694 2170 1696 Α
2208 1624 2540 1695 perioribus,
2562 1625 2905 1696 impossibile
2936 1628 3039 1677 est.
3088 1621 3433 1694 Impossibile
3458 1628 3552 1684 est,
3579 1621 3736 1695 inquit.

528 1694 879 1779 baptizandis
899 1712 1228 1780 pmnitentia
1255 1712 1408 1783 prius
1439 1694 1855 1784 injungebatur.
1881 1715 2042 1770 Unde
2072 1716 2129 1771 in
2147 1694 2191 1753 Β
2210 1694 2415 1766 iterum
2439 1694 2694 1767 renovari
2736 1730 2897 1783 posse
2926 1729 3020 1766 eos
3050 1728 3151 1783 per
3196 1709 3563 1789 paenitentiam
3590 1717 3637 1764 et
3666 1725 3740 1781 per

528 1797 760 1851 Actibus
786 1799 1166 1870 apostolorum
1202 1800 1399 1855 beatus
1428 1802 1625 1857 Petrus
1658 1804 1793 1857 dicit
1821 1805 2028 1859 Judmis
2058 1805 2129 1859 ad
2210 1799 2571 1871 baptismum,
2608 1802 2702 1872 qui
2732 1808 3028 1877 postquam
3051 1799 3243 1854 omnia
3267 1814 3387 1868 quae
3414 1800 3639 1870 superius
3658 1790 3742 1851 nie-

528 1880 697 1941 fidem
729 1889 1188 1943 concurrentibus
1222 1908 1233 1942 :
1266 1893 1648 1945 Paenitentiam
1688 1898 1832 1960 agite
1864 1889 1911 1947 εἶ
1945 1897 2123 1964 bapti-
2212 1895 2428 1943 morata
2453 1896 2584 1944 sunt
2604 1896 2993 1962 perceperunt.
3027 1892 3274 1961 prolapsi
3308 1896 3435 1944 sunt
3460 1889 3523 1942 ad
3545 1889 3742 1942 immun-

530 1980 689 2029 zetur
708 1980 1087 2045 unusquisque
1115 1984 1355 2032 rostrum
1383 1980 1524 2050 (Aut.
1563 1986 1641 2045 η),
1676 1982 2125 2038 Fundamentum
2208 1978 2406 2032 ditiam
2438 1979 2813 2033 criminalium
2836 1974 3314 2051 peccatorum-aut
3333 1984 3491 2038 etiam
3507 1979 3567 2033 ad
3593 1975 3742 2031 inﬁde

532 2081 753 2135 quoque
782 2064 912 2119 ﬁdei
942 2065 1011 2119 ad
1042 2067 1221 2120 Deum
1254 2069 1497 2138 est,quia
1521 2070 1657 2123 ﬁdes
1681 2087 1790 2141 qua
1811 2072 2127 2127 accedimus
2208 2068 2446 2122 litatem.
2480 2069 2604 2122 Non
2633 2068 2772 2122 dixit
2793 2068 3015 2123 difﬁcile
3037 2078 3140 2137 est,
3163 2074 3263 2126 sed
3283 2062 3744 2143 impossibile.Quod

527 2153 598 2208 ad
629 2154 826 2220 Deum,
849 2155 1278 2209 fundamentum
1312 2164 1397 2210 est
1414 2157 1665 2211 omnium
1689 2160 1979 2216 virtutum.
2004 2165 2129 2216 Non
2211 2158 2358 2212 enim
2389 2156 2613 2210 difficile
2643 2164 2746 2217 est,
2782 2163 3066 2229 utcunque
3095 2166 3282 2230 potest
3458 2151 3743 2228 Impossibile

531 2238 698 2296 debet
714 2260 851 2303 esse,
886 2243 1088 2314 inquit,
1125 2260 1353 2298 necesse
1378 2251 1441 2299 ut
1466 2246 1671 2300 iterum
1695 2248 1971 2315 jaciamus
2001 2251 2129 2304 fun-
2210 2264 2340 2301 vero
2374 2254 2459 2300 est
2487 2246 2634 2316 quod
2661 2247 2813 2300 nullo
2843 2248 3008 2301 modo
3040 2249 3159 2303 ﬁeri
3193 2255 3395 2320 potest.
3444 2245 3574 2312 Quid
3599 2238 3742 2313 ergo?

530 2331 857 2386 damentum
893 2333 1233 2403 poenitentiae
1261 2334 1329 2387 ab
1359 2335 1620 2413 operibus
1642 2337 1897 2399 mortuis,
1930 2344 1985 2391 et
2008 2339 2130 2393 fun-
2213 2334 2448 2390 Exclusa
2475 2341 2561 2388 est
2579 2335 2911 2405 pmnitentia
2938 2342 3065 2406 post
3092 2334 3431 2409 baptismum
3453 2342 3505 2390 et
3525 2333 3659 2385 venia
3671 2329 3744 2381 de-

528 2420 857 2474 damentum
888 2420 1039 2487 ﬁdei,
1082 2440 1182 2492 per
1213 2439 1379 2493 quam
1408 2424 1621 2477 accedit
1650 2425 1719 2479 ad
1752 2426 1929 2481 Deum
1981 2429 2127 2500 quod
2211 2423 2517 2477 lictorum?
2547 2422 2724 2477 Absit.
2776 2424 2889 2478 Duo
2935 2422 3213 2495 Siquidem
3239 2442 3443 2497 genera
3468 2426 3586 2476 sunt
3616 2416 3747 2490 ρσεοὶ-

533 2508 592 2561 in
621 2508 773 2563 vobis
796 2510 1008 2579 jactum
1038 2518 1121 2564 est
1153 2516 1456 2583 antequam
1488 2514 1556 2566 ad
1589 2512 1850 2585 baptismi
1885 2519 2129 2587 gratiam
2211 2513 2421 2576 tentia,
2444 2528 2621 2566 unum
2659 2513 2883 2582 quidem
2903 2520 3033 2567 ante
3054 2512 3561 2585 baptismum,quod
3583 2515 3631 2562 et
3645 2522 3746 2587 pm?-

529 2597 842 2651 venissetis.
867 2600 1263 2654 Paenitentiam
1303 2600 1373 2654 ab
1404 2601 1665 2672 cperibus
1697 2606 1932 2658 mortuis
1962 2622 2129 2677 agere
2211 2600 2429 2683 paratio
2460 2600 2722 2671 baptismi
2758 2608 2940 2672 potest
2992 2603 3286 2673 appellari,
3320 2603 3387 2657 de
3416 2616 3517 2672 quo
3542 2594 3747 2683 superius

530 2692 615 2741 est
661 2688 783 2758 ipsa
811 2705 983 2759 opera
1010 2691 1161 2743 mala
1185 2706 1285 2759 per
1333 2691 1717 2760 paenitentiam
1767 2694 1973 2761 delere,
2009 2713 2130 2766 qute
2211 2689 2452 2744 diximus
2482 2689 2615 2759 quia
2644 2690 2960 2761 injungitur
2989 2690 3098 2744 illis
3128 2693 3225 2762 qui
3254 2686 3605 2761 instruuntur.
3633 2689 3749 2736 aute'

528 2775 775 2829 animam
809 2776 1241 2841 mortiﬁcabant.
1280 2779 1465 2848 Opera
1490 2796 1732 2851 namque
1776 2783 1970 2836 mortis
2000 2790 2131 2837 sunt
2211 2793 2379 2847 quam
2411 2778 2480 2831 ad
2505 2777 2844 2848 baptismum
2876 2780 3224 2849 perveniant,
3260 2780 3408 2850 quod
3435 2778 3609 2831 beatus
3633 2775 3747 2842 Δρο-

530 2864 941 2935 peccata.Nam
954 2865 1097 2918 sicut
1116 2866 1305 2919 anima
1322 2867 1630 2921 viviﬁcatur
1644 2870 1749 2922 ﬁde
1768 2870 2006 2941 aliisque
2020 2871 2129 2924 vir-
2214 2867 2388 2920 stolus
2418 2867 2507 2921 hic
2539 2867 2779 2921 excludit
2831 2868 3046 2930 dicens,
3077 2886 3187 2922 non
3217 2886 3382 2943 posse
3412 2868 3594 2921 iterum
3619 2877 3746 2916 reno-

530 2951 851 3017 tutibus,ita
869 2953 1199 3008 inﬁdelitate
1224 2955 1464 3009 moritur
1478 2963 1535 3010 et
1555 2959 2088 3030 peccatis.Sequitur
2112 2977 2123 3012 :
2212 2956 2329 3009 vari
2352 2973 2451 3026 per
2476 2956 2883 3027 pix-nitentium,
2920 2963 3197 3028 quatenus
3228 2956 3547 3049 paenitentia
3573 2952 3751 3045 perac“

602 3041 723 3095 Non
772 3058 1003 3095 rursum
1049 3047 1316 3111 jacientes
1352 3047 1785 3112 fundamentum
1827 3049 2127 3116 baptisma-
2146 3050 2188 3109 C
2212 3044 2415 3098 iterum
2434 3043 2789 3115 baptizentur
2815 3062 2826 3096 :
2856 3046 3111 3101 Alterum
3137 3036 3332 3101 autem
3353 3041 3523 3117 genus
3536 3036 3751 3114 poeniten-

532 3134 653 3201 tum
673 3130 1412 3186 doctrina’Fundamentum
1432 3133 1831 3203 baptismatum
1860 3137 2130 3192 doctrina;

531 3221 617 3270 est
645 3216 926 3270 institutio
957 3224 1014 3271 ct
1035 3220 1291 3273 doctrina
1320 3221 1966 3291 baptismatis,videlicet
1996 3227 2129 3298 quid

534 3303 818 3358 contineat
844 3306 901 3358 in
923 3322 981 3359 se
1012 3306 1312 3377 baptisma,
1347 3316 1403 3361 et
1434 3310 1566 3379 quid
1594 3313 1844 3365 conferat
1865 3315 1935 3366 ad
1962 3315 2129 3369 ﬁdem

532 3393 943 3448 accedentibus.
984 3396 1092 3448 Sed
1127 3397 1273 3466 quod
1305 3397 1445 3450 dixit
1466 3399 1666 3468 plurali
1696 3417 1931 3455 numero
1950 3401 2131 3474 bapti-

534 3486 779 3537 smatum
809 3482 1263 3553 fundamentum,
1303 3502 1403 3555 pro
1444 3487 1713 3541 varietate
1738 3489 2132 3559 accipientium

529 3571 735 3642 posuit,
759 3588 869 3625 non
893 3573 1038 3642 quod
1063 3573 1223 3643 plura
1244 3574 1577 3645 baptismata
1606 3576 1846 3632 debeant
1873 3578 2129 3650 intelligi,

530 3662 626 3715 sed
660 3679 832 3718 unum
869 3691 880 3725 :
915 3668 1046 3738 quia
1097 3667 1242 3720 sicut
1289 3681 1435 3719 unus
1487 3671 1571 3718 est
1606 3667 1770 3729 Deus,
1820 3674 1876 3721 et
1906 3685 2018 3722 una
2049 3676 2133 3723 est

531 3755 691 3820 fides,
745 3757 825 3810 ita
876 3773 1053 3810 unum
1112 3754 1408 3826 baptisma.
1443 3756 1813 3822 [inpos-{tionis
1856 3775 2131 3812 manuum

528 3843 956 3899 fundamentum
989 3861 1098 3898 non
1130 3844 1399 3897 debemus
1427 3860 1623 3896 rursus
1654 3843 1857 3898 facere.
1892 3846 2131 3919 Imposi-

529 3932 740 3987 tionem
763 3950 1032 3988 manuum
1055 3932 1303 4004 appellat
1322 3932 1807 3987 conﬁrmationem
1834 3952 1933 4007 per
1963 3953 2130 4006 quam

522 4020 848 4093 plenissime
890 4023 1139 4077 creditur
1182 4020 1540 4091 accipiendus
1594 4022 1836 4091 Spiritus
1868 4032 2126 4091 sanctus,

530 4111 677 4181 quod
704 4117 827 4181 post
856 4110 1197 4180 baptismum
1221 4110 1289 4162 ad
1313 4110 1795 4164 conﬁrmationem
1818 4112 2054 4167 unitatis
2074 4114 2130 4167 in

529 4198 777 4253 Ecclesia
803 4217 837 4252 a
865 4198 1220 4269 pontiﬁcibus
1241 4196 1360 4251 ﬁeri
1382 4197 1539 4250 solet.
1568 4197 1672 4251 His
1697 4200 1872 4268 igitur
1893 4203 2131 4271 perfecte

527 4287 588 4339 in
619 4287 864 4340 Ecclesia
893 4287 1189 4356 perceptis,
1238 4286 1376 4338 ﬁdes
1403 4287 1827 4341 resurrectionis
1859 4295 1915 4343 et
1933 4291 2129 4360 judicii

2213 3134 2307 3187 tia:
2348 3140 2430 3187 est
2460 3151 2569 3205 quo
2599 3140 2725 3205 post
2775 3133 3117 3207 baptismum
3147 3134 3411 3189 delentur
3430 3136 3633 3205 peccata
3658 3141 3749 3198 qum

2212 3222 2409 3276 beatus
2434 3224 2733 3293 Apostolus
2764 3223 2995 3301 minime
3025 3225 3285 3279 excludit.
3311 3226 3501 3297 Terret
3522 3236 3637 3290 ergo
3660 3232 3752 3270 om-

2214 3328 2314 3364 nes
2345 3317 2407 3364 ut
2435 3313 2675 3367 timeant
2724 3319 2850 3387 post
2888 3312 3151 3385 baptismi
3189 3315 3437 3384 gratiam
3464 3304 3751 3382 gravioribus

2215 3400 2458 3470 peccatis
2488 3418 2547 3455 se
2573 3398 3019 3487 implicare,quia
3045 3419 3156 3456 non
3188 3410 3378 3474 potest
3418 3400 3534 3456 ﬁeri
3559 3390 3753 3467 secunda

2216 3488 2331 3541 vice
2362 3491 2650 3543 renovatio
2680 3507 2779 3560 per
2799 3485 3080 3546 lavacrum
3106 3489 3480 3563 baptismatis.
3502 3491 3625 3544 Nam
3644 3485 3756 3539 sicut

2217 3577 2475 3631 Christus
2526 3580 2697 3632 semel
2735 3584 3013 3645 mortuus,
3047 3586 3102 3634 et
3134 3582 3312 3634 semel
3343 3594 3637 3649 resurgens.
3664 3574 3755 3645 iam

2216 3682 2328 3719 non
2348 3667 2588 3721 moritur
2609 3669 2775 3727 (Rom.
2807 3669 2909 3738 τι),
2944 3670 3023 3721 ita
3053 3671 3225 3722 semel
3256 3670 3439 3739 gratia
3466 3660 3757 3738 baptismatis

2216 3756 2434 3822 agenda
2461 3764 2564 3817 est,
2601 3773 2702 3809 nec
2732 3763 2916 3826 potest
2954 3756 3166 3818 iterari,
3201 3758 3313 3810 nisi
3357 3756 3579 3811 dubium
3605 3750 3755 3811 fuerit,

2213 3848 2539 3897 utrumnam
2571 3844 2695 3915 quis
2726 3850 2923 3914 captus
2971 3844 3041 3897 ab
3092 3843 3351 3899 hostibus
3380 3846 3454 3898 sit
3483 3842 3757 3913 baptizatus.

2215 3931 2489 3985 Renovari
2533 3939 2723 3987 autem
2775 3933 2914 3986 dixit
2943 3950 3147 3988 novum
3177 3934 3321 3987 fieri.
3372 3934 3578 3987 Novum
3614 3933 3760 3982 autem

2214 4021 2336 4074 fieri
2352 4021 2636 4075 hominem
2659 4020 2801 4075 sacri
2818 4020 3173 4092 baptismatis
3194 4023 3377 4087 est,de
3406 4037 3512 4092 quo
3538 4016 3763 4087 Propheta

2213 4107 2350 4162 dicit
2375 4126 2385 4160 :
2410 4109 2781 4162 Renorabitur
2805 4115 2864 4162 ut
2887 4114 3090 4177 aquila:
3099 4114 3371 4177 juventus
3390 4117 3483 4163 tua
3504 4116 3519 4165 t
3529 4104 3657 4161 Psal'.
3672 4106 3759 4163 cn).

2214 4196 2565 4267 Impossibile
2594 4203 2698 4261 est,
2730 4197 2982 4268 inquam,
3011 4198 3220 4253 iterum
3247 4198 3503 4273 renovari
3523 4208 3665 4267 posse
3686 4187 3765 4243 ali-

2216 4301 2381 4355 quem
2415 4303 2516 4356 per
2540 4285 2927 4356 paenitentiam
2957 4304 3080 4357 quae
3117 4286 3180 4341 ﬁt
3210 4268 3345 4341 ante
3378 4268 3691 4357 baptismum
3714 4275 3766 4330 ad

527 4373 704 4428 futuri
733 4364 992 4428 habenda
1022 4380 1120 4427 est.
1150 4362 1308 4427 Unde
1355 4372 1645 4443 subjungit
1680 4376 1998 4445 Apostolus,
2042 4380 2128 4433 dl-
2147 4362 2193 4419 D
2218 4374 2319 4427 hoc
2349 4380 2413 4427 ut
2441 4374 2644 4428 iterum
2674 4373 2988 4445 baptizetur
3010 4372 3343 4445 pcenitentia
3376 4375 3597 4446 expleta.
3618 4367 3770 4447 Qui”

528 4478 687 4516 cens:
707 4465 782 4516 Ac
810 4465 1227 4516 resurrectionis
1256 4468 1605 4515 mortuorum
1636 4468 1684 4517 et
1703 4466 1915 4532 judicii
1940 4472 2133 4522 .rterni

526 4550 956 4606 fundamentum
979 4567 1091 4605 non
1112 4550 1325 4605 debetis
1349 4551 1555 4620 jacere,
1578 4551 1859 4607 utiterum
1889 4554 2130 4610 instrua-

528 4638 669 4694 mini
696 4641 766 4694 de
796 4641 905 4695 ﬁde
923 4640 1202 4711 generalis
1224 4639 1649 4694 resurrectionis
1677 4647 1734 4695 et
1756 4643 1951 4711 judicii
1979 4646 2127 4716 quod

526 4728 755 4784 dabitur
767 4729 934 4799 justis
964 4728 1175 4800 pariter
1205 4734 1259 4781 et
1281 4728 1525 4798 injustis,
1544 4730 1704 4800 quasi
1722 4732 1840 4800 jam
1864 4748 1976 4786 non
2006 4735 2128 4789 sitis

527 4817 596 4872 de
655 4819 741 4872 his
793 4816 1073 4889 instructi.
1110 4817 1544 4887 Notandumque
1578 4819 1645 4870 ad
1678 4820 1866 4873 omnia
1904 4838 2129 4894 semper

526 4906 973 4962 subaudiendum
1006 4924 1126 4961 esse
1156 4913 1212 4960 et
1235 4923 1347 4960 non
1368 4922 1592 4960 rursum
1624 4908 1898 4976 jacientes
1927 4909 2130 4965 funda-

529 5002 802 5049 mentum.

606 5084 673 5136 Et
703 5085 797 5137 hoc
824 5086 1111 5150 faciemus,
1137 5086 1185 5135 si
1222 5084 1443 5150 quidem
1487 5087 1801 5151 permiserit
1832 5087 1990 5145 Deus,
2022 5087 2128 5155 hoc

527 5176 631 5236 est,
659 5176 718 5225 et
754 5172 825 5225 ad
851 5173 1068 5241 majora
1109 5188 1203 5224 vos
1230 5171 1516 5235 ducemus,
1551 5178 1609 5226 et
1650 5173 1718 5226 de
1750 5173 1837 5226 his
1869 5174 2126 5230 omnibus

529 5276 650 5331 qua
681 5259 1149 5327 enumeravimus,
1202 5260 1525 5329 plenissime
1565 5260 1889 5315 docebimus
1918 5280 2032 5322 vos.
2062 5270 2127 5317 ut

526 5336 638 5403 non
667 5347 741 5401 sit
770 5346 975 5401 iterum
1022 5364 1245 5401 necesse
1288 5365 1353 5402 ex
1384 5354 1502 5403 toto
1545 5355 1603 5402 et
1634 5366 1668 5403 a
1696 5350 1878 5421 capite
1916 5368 2121 5421 ponere

528 5438 978 5503 fundamentum.
1029 5436 1111 5491 Ne
1155 5453 1284 5491 vero
1315 5437 1633 5492 nullatenus
1662 5441 1786 5510 quis
1816 5440 2122 5494 secundum

527 5520 612 5579 vel
660 5524 896 5579 tertium
945 5522 1294 5578 existimaret
1317 5528 1444 5595 post
1484 5533 1713 5595 peccata
1757 5526 1877 5581 ﬁeri
1918 5525 2125 5598 baptis-

2214 4479 2336 4534 quae
2353 4480 2523 4539 supra
2543 4469 2980 4517 commemorata
2999 4470 3130 4518 sunt
3149 4468 3537 4538 perceperunt,
3553 4460 3762 4513 virtutes-

2213 4567 2322 4621 que
2341 4551 2526 4605 saeculi
2550 4552 2767 4604 venturi
2787 4556 3159 4621 gustaverunt
3182 4552 3343 4615 Quod
3369 4550 3526 4615 dicit,
3545 4550 3760 4618 gustave-

2210 4643 2345 4693 runt
2372 4639 2605 4693 virtutes
2626 4640 2812 4694 saeculi
2840 4639 3078 4701 venturi,
3108 4640 3220 4693 tale
3250 4645 3357 4705 est,
3393 4655 3457 4692 ac
3484 4637 3528 4689 si
3555 4634 3757 4687 diceret:

2211 4726 2269 4780 Si
2289 4732 2669 4796 cognoverunt
2685 4726 2831 4797 quod
2859 4727 2915 4780 in
2940 4727 3349 4780 resurrectione
3378 4721 3590 4779 venturi
3615 4712 3762 4772 seculi

2209 4820 2341 4868 sunt
2364 4815 2524 4869 electi
2540 4819 2680 4869 sicut
2707 4819 2895 4881 angeli
2921 4817 3019 4869 Dei
3042 4819 3101 4867 in
3127 4817 3348 4876 calo;et
3370 4813 3514 4884 quod
3525 4810 3659 4878 justi
3670 4804 3763 4871 ful-

2212 4905 2413 4970 gebunt
2431 4908 2571 4957 sicut
2586 4907 2663 4957 sol
2684 4906 2745 4957 in
2768 4920 2935 4971 regno
2954 4906 3137 4957 Patris
3150 4900 3537 4969 eorumMIatth
3551 4894 3761 4959 .xIIJm‘.

2213 4992 2367 5045 nullo
2388 4992 2551 5045 modo
2572 4998 2808 5063 possunt
2827 4993 3034 5047 iterum
3054 4992 3135 5045 ita
3150 4991 3409 5045 renovari
3422 5004 3521 5061 per
3535 4976 3765 5058 peniten-

2209 5082 2344 5135 tiam
2357 5087 2431 5145 ,et
2453 5097 2552 5151 per
2566 5080 2902 5151 baptismum
2922 5081 3187 5135 iteratum
3207 5079 3251 5133 si
3266 5064 3765 5161 peccaverintcrimi:

2208 5171 2337 5223 nale
2358 5175 2668 5239 peccatum,
2696 5169 2841 5223 sicut
2858 5170 2915 5223 in
2937 5169 3117 5240 primo
3137 5168 3475 5239 baptismate
3493 5163 3610 5219 novi
3621 5158 3765 5213 euecti

2208 5264 2357 5312 sunt.
2385 5259 2557 5312 Erant
2580 5258 2728 5311 enim
2750 5258 2843 5328 qui
2867 5258 3127 5312 volebant
3145 5257 3486 5330 baptismum
3509 5254 3693 5305 iterare
3705 5240 3765 5294 di-

2205 5356 2392 5401 centes
2417 5366 2428 5401 :
2450 5347 2735 5417 Quidquid
2761 5363 3059 5417 peccavero
3076 5363 3187 5400 non
3206 5352 3291 5399 est
3314 5344 3452 5398 mihi
3473 5355 3631 5405 cum,
3655 5345 3764 5403 quo-

2205 5437 2358 5491 niam
2391 5437 2709 5508 praecipiam
2743 5453 2832 5491 me
2866 5436 3148 5509 baptizare
3169 5450 3387 5501 rursus,
3420 5440 3477 5486 et
3501 5422 3765 5483 renovabor

2205 5532 2358 5581 totus
2385 5525 2528 5581 sicut
2556 5526 2730 5597 prius.
2769 5525 2931 5590 Quod
2972 5525 3270 5596 Apostolus
3315 5523 3555 5590 denegat
3588 5530 3647 5570 ex
3670 5514 3762 5564 ιοῑο
