  <div class='ocr_page' id='page_1' title='image "/cluster/home/n/w/nwhite01/storage/ocr_20150623/117/hvd.32044054759816/436.png"; bbox 0 0 3992 6166; ppageno 0'>
   <div class='ocr_carea' id='block_1_1' title="bbox 279 293 378 353">
    <p class='ocr_par' dir='ltr' id='par_1_1' title="bbox 279 293 378 353">
     <span class='ocr_line' id='line_1_1' title="bbox 279 293 378 353; baseline 0 0"><span class='ocrx_word' id='word_1_1' title='bbox 279 293 378 353; x_wconf 86' lang='grc'>861</span> 
     </span>
    </p>
   </div>
   <div class='ocr_carea' id='block_1_2' title="bbox 975 244 2859 350">
    <p class='ocr_par' dir='ltr' id='par_1_2' title="bbox 975 244 2859 350">
     <span class='ocr_line' id='line_1_2' title="bbox 975 244 2859 350; baseline -0.007 0"><span class='ocrx_word' id='word_1_2' title='bbox 975 291 1356 350; x_wconf 80' lang='lat' dir='ltr'>EXPOSITIO</span> <span class='ocrx_word' id='word_1_3' title='bbox 1384 292 1465 348; x_wconf 89' lang='lat' dir='ltr'>IN</span> <span class='ocrx_word' id='word_1_4' title='bbox 1495 287 1653 346; x_wconf 84' lang='lat' dir='ltr'><strong>EPP.</strong></span> <span class='ocrx_word' id='word_1_5' title='bbox 1780 289 2017 345; x_wconf 80' lang='lat' dir='ltr'>PAULI.</span> <span class='ocrx_word' id='word_1_6' title='bbox 2051 316 2121 331; x_wconf 95' lang='lat'>—</span> <span class='ocrx_word' id='word_1_7' title='bbox 2149 286 2231 343; x_wconf 87' lang='lat' dir='ltr'>IN</span> <span class='ocrx_word' id='word_1_8' title='bbox 2260 283 2481 341; x_wconf 83' lang='lat' dir='ltr'>EPIST.</span> <span class='ocrx_word' id='word_1_9' title='bbox 2514 281 2611 336; x_wconf 83' lang='lat' dir='ltr'>AD</span> <span class='ocrx_word' id='word_1_10' title='bbox 2642 278 2859 336; x_wconf 84' lang='lat' dir='ltr'>HEBR.</span> 
     </span>
    </p>
   </div>
   <div class='ocr_carea' id='block_1_3' title="bbox 3437 270 3545 328">
    <p class='ocr_par' dir='ltr' id='par_1_3' title="bbox 3437 270 3545 328">
     <span class='ocr_line' id='line_1_3' title="bbox 3437 270 3545 328; baseline -0.009 0"><span class='ocrx_word' id='word_1_11' title='bbox 3437 270 3545 328; x_wconf 74' lang='lat'>862</span> 
     </span>
    </p>
   </div>
   <div class='ocr_carea' id='block_1_4' title="bbox 284 395 3548 491">
    <p class='ocr_par' dir='ltr' id='par_1_4' title="bbox 284 395 3548 491">
     <span class='ocr_line' id='line_1_4' title="bbox 284 395 3548 491; baseline -0.008 -16"><span class='ocrx_word' id='word_1_12' title='bbox 284 420 436 475; x_wconf 88' lang='lat' dir='ltr'>nullo</span> <span class='ocrx_word' id='word_1_13' title='bbox 462 419 631 474; x_wconf 91' lang='lat' dir='ltr'>modo</span> <span class='ocrx_word' id='word_1_14' title='bbox 663 434 826 491; x_wconf 83' lang='lat' dir='ltr'>posse</span> <span class='ocrx_word' id='word_1_15' title='bbox 846 420 985 484; x_wconf 81' lang='lat' dir='ltr'>fieri.</span> <span class='ocrx_word' id='word_1_16' title='bbox 1031 419 1101 473; x_wconf 89' lang='lat' dir='ltr'>Et</span> <span class='ocrx_word' id='word_1_17' title='bbox 1129 419 1261 490; x_wconf 83' lang='lat' dir='ltr'>quia</span> <span class='ocrx_word' id='word_1_18' title='bbox 1303 418 1480 483; x_wconf 85' lang='lat' dir='ltr'>virtus</span> <span class='ocrx_word' id='word_1_19' title='bbox 1519 414 1874 488; x_wconf 84' lang='lat' dir='ltr'>baptismatis</span> <span class='ocrx_word' id='word_1_20' title='bbox 1891 416 1940 474; x_wconf 86' lang='lat' dir='ltr'><strong>A</strong></span> <span class='ocrx_word' id='word_1_21' title='bbox 1958 420 2047 469; x_wconf 86' lang='lat' dir='ltr'>ret</span> <span class='ocrx_word' id='word_1_22' title='bbox 2077 431 2088 465; x_wconf 91' lang='lat'>:</span> <span class='ocrx_word' id='word_1_23' title='bbox 2123 413 2251 467; x_wconf 91' lang='lat' dir='ltr'>Non</span> <span class='ocrx_word' id='word_1_24' title='bbox 2267 408 2495 480; x_wconf 85' lang='lat' dir='ltr'>quidem</span> <span class='ocrx_word' id='word_1_25' title='bbox 2515 403 2767 477; x_wconf 88' lang='lat' dir='ltr'>quandiu</span> <span class='ocrx_word' id='word_1_26' title='bbox 2786 402 3031 474; x_wconf 81' lang='lat' dir='ltr'>Spatium</span> <span class='ocrx_word' id='word_1_27' title='bbox 3054 398 3361 472; x_wconf 64' lang='lat' dir='ltr'>paenitendi</span> <span class='ocrx_word' id='word_1_28' title='bbox 3377 395 3548 452; x_wconf 81' lang='lat' dir='ltr'>habet</span> 
     </span>
    </p>
   </div>
   <div class='ocr_carea' id='block_1_5' title="bbox 280 490 1871 579">
    <p class='ocr_par' dir='ltr' id='par_1_5' title="bbox 280 490 1871 579">
     <span class='ocr_line' id='line_1_5' title="bbox 280 490 1871 579; baseline -0.004 -16"><span class='ocrx_word' id='word_1_29' title='bbox 280 510 341 563; x_wconf 91' lang='lat' dir='ltr'>in</span> <span class='ocrx_word' id='word_1_30' title='bbox 399 524 561 563; x_wconf 88' lang='lat' dir='ltr'>cruce</span> <span class='ocrx_word' id='word_1_31' title='bbox 624 515 681 562; x_wconf 89' lang='lat' dir='ltr'>et</span> <span class='ocrx_word' id='word_1_32' title='bbox 735 490 1026 579; x_wconf 78' lang='lat' dir='ltr'>sepultura</span> <span class='ocrx_word' id='word_1_33' title='bbox 1081 507 1289 561; x_wconf 79' lang='lat' dir='ltr'>Christi</span> <span class='ocrx_word' id='word_1_34' title='bbox 1341 505 1579 559; x_wconf 83' lang='lat' dir='ltr'>maxime</span> <span class='ocrx_word' id='word_1_35' title='bbox 1632 508 1871 569; x_wconf 81' lang='lat' dir='ltr'>constat,</span> 
     </span>
    </p>
   </div>
   <div class='ocr_carea' id='block_1_6' title="bbox 281 587 880 669">
    <p class='ocr_par' dir='ltr' id='par_1_6' title="bbox 281 587 880 669">
     <span class='ocr_line' id='line_1_6' title="bbox 281 587 880 669; baseline 0.003 -18"><span class='ocrx_word' id='word_1_36' title='bbox 281 597 513 669; x_wconf 84' lang='lat' dir='ltr'>proinde</span> <span class='ocrx_word' id='word_1_37' title='bbox 543 587 834 667; x_wconf 76' lang='lat' dir='ltr'>subjunxit</span> <span class='ocrx_word' id='word_1_38' title='bbox 867 617 880 653; x_wconf 84' lang='lat'><strong>:</strong></span> 
     </span>
    </p>
   </div>
   <div class='ocr_carea' id='block_1_7' title="bbox 353 684 1876 752">
    <p class='ocr_par' dir='ltr' id='par_1_7' title="bbox 353 684 1876 752">
     <span class='ocr_line' id='line_1_7' title="bbox 353 684 1876 752; baseline -0.005 -11"><span class='ocrx_word' id='word_1_39' title='bbox 353 688 595 741; x_wconf 87' lang='lat' dir='ltr'>Rursum</span> <span class='ocrx_word' id='word_1_40' title='bbox 630 689 1008 752; x_wconf 81' lang='lat' dir='ltr'>cruciﬁgentes</span> <span class='ocrx_word' id='word_1_41' title='bbox 1054 685 1407 752; x_wconf 74' lang='lat' dir='ltr'>sibimetipsis</span> <span class='ocrx_word' id='word_1_42' title='bbox 1444 685 1652 737; x_wconf 81' lang='lat' dir='ltr'>Filium</span> <span class='ocrx_word' id='word_1_43' title='bbox 1687 684 1786 736; x_wconf 84' lang='lat' dir='ltr'>Dei</span> <span class='ocrx_word' id='word_1_44' title='bbox 1827 687 1876 737; x_wconf 86' lang='lat' dir='ltr'>et</span> 
     </span>
    </p>
   </div>
   <div class='ocr_carea' id='block_1_8' title="bbox 282 769 1876 841">
    <p class='ocr_par' dir='ltr' id='par_1_8' title="bbox 282 769 1876 841">
     <span class='ocr_line' id='line_1_8' title="bbox 282 769 1876 841; baseline -0.003 -15"><span class='ocrx_word' id='word_1_45' title='bbox 282 777 520 841; x_wconf 81' lang='lat' dir='ltr'>ostentui</span> <span class='ocrx_word' id='word_1_46' title='bbox 539 773 809 837; x_wconf 79' lang='lat' dir='ltr'>habentes.</span> <span class='ocrx_word' id='word_1_47' title='bbox 838 773 1048 837; x_wconf 85' lang='lat' dir='ltr'><strong>Tamen</strong></span> <span class='ocrx_word' id='word_1_48' title='bbox 1071 787 1183 825; x_wconf 89' lang='lat' dir='ltr'>non</span> <span class='ocrx_word' id='word_1_49' title='bbox 1214 771 1339 825; x_wconf 90' lang='lat' dir='ltr'>ideo</span> <span class='ocrx_word' id='word_1_50' title='bbox 1359 772 1670 840; x_wconf 83' lang='lat' dir='ltr'>denegatur</span> <span class='ocrx_word' id='word_1_51' title='bbox 1697 769 1876 840; x_wconf 56' lang='lat' dir='ltr'>pani-</span> 
     </span>
    </p>
   </div>
   <div class='ocr_carea' id='block_1_9' title="bbox 282 858 1873 930">
    <p class='ocr_par' dir='ltr' id='par_1_9' title="bbox 282 858 1873 930">
     <span class='ocr_line' id='line_1_9' title="bbox 282 858 1873 930; baseline -0.002 -16"><span class='ocrx_word' id='word_1_52' title='bbox 282 860 476 925; x_wconf 81' lang='lat' dir='ltr'>tentia,</span> <span class='ocrx_word' id='word_1_53' title='bbox 528 861 658 930; x_wconf 85' lang='lat' dir='ltr'>quia</span> <span class='ocrx_word' id='word_1_54' title='bbox 706 860 839 913; x_wconf 91' lang='lat' dir='ltr'>licet</span> <span class='ocrx_word' id='word_1_55' title='bbox 878 876 988 913; x_wconf 89' lang='lat' dir='ltr'>non</span> <span class='ocrx_word' id='word_1_56' title='bbox 1037 865 1377 925; x_wconf 76' lang='lat' dir='ltr'>renoventur</span> <span class='ocrx_word' id='word_1_57' title='bbox 1415 861 1472 913; x_wconf 90' lang='lat' dir='ltr'>in</span> <span class='ocrx_word' id='word_1_58' title='bbox 1516 858 1873 930; x_wconf 81' lang='lat' dir='ltr'>baptismate,</span> 
     </span>
    </p>
   </div>
   <div class='ocr_carea' id='block_1_10' title="bbox 278 934 1880 1036">
    <p class='ocr_par' dir='ltr' id='par_1_10' title="bbox 278 934 1880 1036">
     <span class='ocr_line' id='line_1_10' title="bbox 278 934 1880 1036; baseline -0.001 -34"><span class='ocrx_word' id='word_1_59' title='bbox 278 946 487 1036; x_wconf 84' lang='lat' dir='ltr'>iterum</span> <span class='ocrx_word' id='word_1_60' title='bbox 515 944 923 1018; x_wconf 86' lang='lat' dir='ltr'>indulgentiam</span> <span class='ocrx_word' id='word_1_61' title='bbox 961 953 1153 1002; x_wconf 87' lang='lat' dir='ltr'>tamen</span> <span class='ocrx_word' id='word_1_62' title='bbox 1198 946 1463 1001; x_wconf 85' lang='lat' dir='ltr'>valebunt</span> <span class='ocrx_word' id='word_1_63' title='bbox 1488 934 1737 1019; x_wconf 78' lang='lat' dir='ltr'>accipere</span> <span class='ocrx_word' id='word_1_64' title='bbox 1778 963 1880 1025; x_wconf 90' lang='lat' dir='ltr'>per</span> 
     </span>
    </p>
   </div>
   <div class='ocr_carea' id='block_1_11' title="bbox 283 1035 1881 1107">
    <p class='ocr_par' dir='ltr' id='par_1_11' title="bbox 283 1035 1881 1107">
     <span class='ocr_line' id='line_1_11' title="bbox 283 1035 1881 1107; baseline -0.001 -17"><span class='ocrx_word' id='word_1_65' title='bbox 283 1035 689 1090; x_wconf 85' lang='lat' dir='ltr'>confessionem</span> <span class='ocrx_word' id='word_1_66' title='bbox 711 1042 1088 1107; x_wconf 85' lang='lat' dir='ltr'>peccatorum,</span> <span class='ocrx_word' id='word_1_67' title='bbox 1107 1052 1209 1107; x_wconf 91' lang='lat' dir='ltr'>per</span> <span class='ocrx_word' id='word_1_68' title='bbox 1226 1036 1625 1102; x_wconf 84' lang='lat' dir='ltr'>humilitatem,</span> <span class='ocrx_word' id='word_1_69' title='bbox 1648 1051 1748 1105; x_wconf 91' lang='lat' dir='ltr'>per</span> <span class='ocrx_word' id='word_1_70' title='bbox 1768 1051 1881 1107; x_wconf 72' lang='lat' dir='ltr'>pce-</span> 
     </span>
    </p>
   </div>
   <div class='ocr_carea' id='block_1_12' title="bbox 282 1124 1881 1196">
    <p class='ocr_par' dir='ltr' id='par_1_12' title="bbox 282 1124 1881 1196">
     <span class='ocr_line' id='line_1_12' title="bbox 282 1124 1881 1196; baseline -0.002 -17"><span class='ocrx_word' id='word_1_71' title='bbox 282 1124 604 1190; x_wconf 88' lang='lat' dir='ltr'>nitentiam,</span> <span class='ocrx_word' id='word_1_72' title='bbox 625 1141 725 1195; x_wconf 90' lang='lat' dir='ltr'>per</span> <span class='ocrx_word' id='word_1_73' title='bbox 753 1125 1167 1196; x_wconf 86' lang='lat' dir='ltr'>eleemosynam</span> <span class='ocrx_word' id='word_1_74' title='bbox 1199 1124 1246 1179; x_wconf 91' lang='lat' dir='ltr'>si</span> <span class='ocrx_word' id='word_1_75' title='bbox 1275 1124 1515 1178; x_wconf 87' lang='lat' dir='ltr'>habetur</span> <span class='ocrx_word' id='word_1_76' title='bbox 1540 1124 1797 1183; x_wconf 80' lang='lat' dir='ltr'>facultas,</span> <span class='ocrx_word' id='word_1_77' title='bbox 1824 1129 1881 1177; x_wconf 88' lang='lat' dir='ltr'>et</span> 
     </span>
    </p>
   </div>
   <div class='ocr_carea' id='block_1_13' title="bbox 284 1212 1880 1284">
    <p class='ocr_par' dir='ltr' id='par_1_13' title="bbox 284 1212 1880 1284">
     <span class='ocr_line' id='line_1_13' title="bbox 284 1212 1880 1284; baseline -0.001 -18"><span class='ocrx_word' id='word_1_78' title='bbox 284 1214 334 1283; x_wconf 81' lang='lat' dir='ltr'>si</span> <span class='ocrx_word' id='word_1_79' title='bbox 351 1213 674 1267; x_wconf 87' lang='lat' dir='ltr'>dimiserint</span> <span class='ocrx_word' id='word_1_80' title='bbox 692 1214 963 1267; x_wconf 83' lang='lat' dir='ltr'>fratribus</span> <span class='ocrx_word' id='word_1_81' title='bbox 981 1214 1040 1266; x_wconf 92' lang='lat' dir='ltr'>in</span> <span class='ocrx_word' id='word_1_82' title='bbox 1066 1230 1125 1267; x_wconf 91' lang='lat' dir='ltr'>se</span> <span class='ocrx_word' id='word_1_83' title='bbox 1145 1213 1521 1284; x_wconf 83' lang='lat' dir='ltr'>peccantibus.</span> <span class='ocrx_word' id='word_1_84' title='bbox 1546 1212 1653 1276; x_wconf 88' lang='lat' dir='ltr'>Qui</span> <span class='ocrx_word' id='word_1_85' title='bbox 1673 1213 1880 1266; x_wconf 80' lang='lat' dir='ltr'>iterum</span> 
     </span>
    </p>
   </div>
   <div class='ocr_carea' id='block_1_14' title="bbox 281 1299 1881 1373">
    <p class='ocr_par' dir='ltr' id='par_1_14' title="bbox 281 1299 1881 1373">
     <span class='ocr_line' id='line_1_14' title="bbox 281 1299 1881 1373; baseline 0.001 -19"><span class='ocrx_word' id='word_1_86' title='bbox 281 1299 557 1372; x_wconf 85' lang='lat' dir='ltr'>baptizari</span> <span class='ocrx_word' id='word_1_87' title='bbox 585 1302 800 1366; x_wconf 89' lang='lat' dir='ltr'>volunt,</span> <span class='ocrx_word' id='word_1_88' title='bbox 835 1307 1109 1373; x_wconf 86' lang='lat' dir='ltr'>quantum</span> <span class='ocrx_word' id='word_1_89' title='bbox 1129 1303 1187 1355; x_wconf 92' lang='lat' dir='ltr'>in</span> <span class='ocrx_word' id='word_1_90' title='bbox 1214 1319 1273 1356; x_wconf 89' lang='lat' dir='ltr'>se</span> <span class='ocrx_word' id='word_1_91' title='bbox 1294 1308 1396 1366; x_wconf 90' lang='lat' dir='ltr'>est,</span> <span class='ocrx_word' id='word_1_92' title='bbox 1429 1302 1713 1356; x_wconf 89' lang='lat' dir='ltr'>Christum</span> <span class='ocrx_word' id='word_1_93' title='bbox 1748 1317 1881 1372; x_wconf 89' lang='lat' dir='ltr'>quo-</span> 
     </span>
    </p>
   </div>
   <div class='ocr_carea' id='block_1_15' title="bbox 280 1390 1875 1461">
    <p class='ocr_par' dir='ltr' id='par_1_15' title="bbox 280 1390 1875 1461">
     <span class='ocr_line' id='line_1_15' title="bbox 280 1390 1875 1461; baseline -0.002 -16"><span class='ocrx_word' id='word_1_94' title='bbox 280 1407 391 1461; x_wconf 89' lang='lat' dir='ltr'>que</span> <span class='ocrx_word' id='word_1_95' title='bbox 422 1391 630 1444; x_wconf 87' lang='lat' dir='ltr'>iterum</span> <span class='ocrx_word' id='word_1_96' title='bbox 670 1391 997 1461; x_wconf 81' lang='lat' dir='ltr'>crucifigere</span> <span class='ocrx_word' id='word_1_97' title='bbox 1037 1392 1229 1445; x_wconf 89' lang='lat' dir='ltr'>volunt</span> <span class='ocrx_word' id='word_1_98' title='bbox 1254 1397 1312 1445; x_wconf 92' lang='lat' dir='ltr'>et</span> <span class='ocrx_word' id='word_1_99' title='bbox 1341 1390 1605 1444; x_wconf 88' lang='lat' dir='ltr'>derisioni</span> <span class='ocrx_word' id='word_1_100' title='bbox 1650 1390 1875 1455; x_wconf 88' lang='lat' dir='ltr'>habere,</span> 
     </span>
    </p>
   </div>
   <div class='ocr_carea' id='block_1_16' title="bbox 279 1479 1883 1549">
    <p class='ocr_par' dir='ltr' id='par_1_16' title="bbox 279 1479 1883 1549">
     <span class='ocr_line' id='line_1_16' title="bbox 279 1479 1883 1549; baseline -0.001 -17"><span class='ocrx_word' id='word_1_101' title='bbox 279 1480 389 1533; x_wconf 88' lang='lat' dir='ltr'>hoc</span> <span class='ocrx_word' id='word_1_102' title='bbox 422 1485 510 1532; x_wconf 89' lang='lat' dir='ltr'>est</span> <span class='ocrx_word' id='word_1_103' title='bbox 540 1479 689 1533; x_wconf 90' lang='lat' dir='ltr'>enim</span> <span class='ocrx_word' id='word_1_104' title='bbox 719 1479 879 1533; x_wconf 91' lang='lat' dir='ltr'>illum</span> <span class='ocrx_word' id='word_1_105' title='bbox 924 1480 1169 1534; x_wconf 86' lang='lat' dir='ltr'>ostentui</span> <span class='ocrx_word' id='word_1_106' title='bbox 1214 1480 1440 1533; x_wconf 89' lang='lat' dir='ltr'>habere.</span> <span class='ocrx_word' id='word_1_107' title='bbox 1476 1479 1585 1533; x_wconf 87' lang='lat' dir='ltr'>Sed</span> <span class='ocrx_word' id='word_1_108' title='bbox 1624 1495 1736 1532; x_wconf 90' lang='lat' dir='ltr'>non</span> <span class='ocrx_word' id='word_1_109' title='bbox 1778 1495 1883 1549; x_wconf 93' lang='lat' dir='ltr'>po-</span> 
     </span>
    </p>
   </div>
   <div class='ocr_carea' id='block_1_17' title="bbox 281 1567 1882 1638">
    <p class='ocr_par' dir='ltr' id='par_1_17' title="bbox 281 1567 1882 1638">
     <span class='ocr_line' id='line_1_17' title="bbox 281 1567 1882 1638; baseline -0.001 -17"><span class='ocrx_word' id='word_1_110' title='bbox 281 1572 399 1621; x_wconf 86' lang='lat' dir='ltr'>test</span> <span class='ocrx_word' id='word_1_111' title='bbox 428 1567 570 1631; x_wconf 81' lang='lat' dir='ltr'>ﬁeri,</span> <span class='ocrx_word' id='word_1_112' title='bbox 607 1567 872 1638; x_wconf 89' lang='lat' dir='ltr'>quoniam</span> <span class='ocrx_word' id='word_1_113' title='bbox 919 1568 1064 1622; x_wconf 89' lang='lat' dir='ltr'>sicut</span> <span class='ocrx_word' id='word_1_114' title='bbox 1110 1567 1365 1623; x_wconf 87' lang='lat' dir='ltr'>Christus</span> <span class='ocrx_word' id='word_1_115' title='bbox 1406 1568 1578 1621; x_wconf 88' lang='lat' dir='ltr'>semel</span> <span class='ocrx_word' id='word_1_116' title='bbox 1625 1571 1882 1621; x_wconf 87' lang='lat' dir='ltr'>mortuus</span> 
     </span>
    </p>
   </div>
   <div class='ocr_carea' id='block_1_18' title="bbox 284 1655 1886 1726">
    <p class='ocr_par' dir='ltr' id='par_1_18' title="bbox 284 1655 1886 1726">
     <span class='ocr_line' id='line_1_18' title="bbox 284 1655 1886 1726; baseline 0 -18"><span class='ocrx_word' id='word_1_117' title='bbox 284 1661 373 1709; x_wconf 89' lang='lat' dir='ltr'>est</span> <span class='ocrx_word' id='word_1_118' title='bbox 400 1656 463 1709; x_wconf 90' lang='lat' dir='ltr'>in</span> <span class='ocrx_word' id='word_1_119' title='bbox 489 1670 657 1709; x_wconf 88' lang='lat' dir='ltr'>carne</span> <span class='ocrx_word' id='word_1_120' title='bbox 698 1656 756 1709; x_wconf 92' lang='lat' dir='ltr'>in</span> <span class='ocrx_word' id='word_1_121' title='bbox 787 1672 970 1721; x_wconf 82' lang='lat' dir='ltr'>cruce,</span> <span class='ocrx_word' id='word_1_122' title='bbox 994 1657 1074 1710; x_wconf 89' lang='lat' dir='ltr'>ita</span> <span class='ocrx_word' id='word_1_123' title='bbox 1099 1662 1156 1711; x_wconf 92' lang='lat' dir='ltr'>et</span> <span class='ocrx_word' id='word_1_124' title='bbox 1183 1672 1284 1710; x_wconf 91' lang='lat' dir='ltr'>nos</span> <span class='ocrx_word' id='word_1_125' title='bbox 1314 1656 1488 1721; x_wconf 89' lang='lat' dir='ltr'>semel</span> <span class='ocrx_word' id='word_1_126' title='bbox 1518 1655 1662 1709; x_wconf 90' lang='lat' dir='ltr'>mori</span> <span class='ocrx_word' id='word_1_127' title='bbox 1689 1672 1886 1726; x_wconf 86' lang='lat' dir='ltr'>possu-</span> 
     </span>
    </p>
   </div>
   <div class='ocr_carea' id='block_1_19' title="bbox 286 1743 1157 1814">
    <p class='ocr_par' dir='ltr' id='par_1_19' title="bbox 286 1743 1157 1814">
     <span class='ocr_line' id='line_1_19' title="bbox 286 1743 1157 1814; baseline 0 -17"><span class='ocrx_word' id='word_1_128' title='bbox 286 1759 419 1813; x_wconf 86' lang='lat' dir='ltr'>mus</span> <span class='ocrx_word' id='word_1_129' title='bbox 456 1743 517 1797; x_wconf 90' lang='lat' dir='ltr'>in</span> <span class='ocrx_word' id='word_1_130' title='bbox 544 1743 884 1814; x_wconf 85' lang='lat' dir='ltr'>baptismate</span> <span class='ocrx_word' id='word_1_131' title='bbox 911 1750 1157 1814; x_wconf 89' lang='lat' dir='ltr'>peccato.</span> 
     </span>
    </p>
   </div>
   <div class='ocr_carea' id='block_1_20' title="bbox 366 1833 1884 1905">
    <p class='ocr_par' dir='ltr' id='par_1_20' title="bbox 366 1833 1884 1905">
     <span class='ocr_line' id='line_1_20' title="bbox 366 1833 1884 1905; baseline -0.001 -20"><span class='ocrx_word' id='word_1_132' title='bbox 366 1833 538 1885; x_wconf 84' lang='lat' dir='ltr'>Terra</span> <span class='ocrx_word' id='word_1_133' title='bbox 549 1836 700 1886; x_wconf 85' lang='lat' dir='ltr'>enim</span> <span class='ocrx_word' id='word_1_134' title='bbox 715 1848 847 1901; x_wconf 63' lang='lat' dir='ltr'>saepe</span> <span class='ocrx_word' id='word_1_135' title='bbox 858 1849 1022 1905; x_wconf 85' lang='lat' dir='ltr'>super</span> <span class='ocrx_word' id='word_1_136' title='bbox 1035 1850 1087 1886; x_wconf 89' lang='lat' dir='ltr'>se</span> <span class='ocrx_word' id='word_1_137' title='bbox 1108 1836 1410 1887; x_wconf 73' lang='lat' dir='ltr'>venientem</span> <span class='ocrx_word' id='word_1_138' title='bbox 1432 1835 1613 1887; x_wconf 85' lang='lat' dir='ltr'>bibens</span> <span class='ocrx_word' id='word_1_139' title='bbox 1632 1833 1884 1898; x_wconf 88' lang='lat' dir='ltr'>imbrem,</span> 
     </span>
    </p>
   </div>
   <div class='ocr_carea' id='block_1_21' title="bbox 286 1922 1887 1990">
    <p class='ocr_par' dir='ltr' id='par_1_21' title="bbox 286 1922 1887 1990">
     <span class='ocr_line' id='line_1_21' title="bbox 286 1922 1887 1990; baseline 0 -16"><span class='ocrx_word' id='word_1_140' title='bbox 286 1926 338 1974; x_wconf 86' lang='lat' dir='ltr'>et</span> <span class='ocrx_word' id='word_1_141' title='bbox 355 1936 629 1987; x_wconf 83' lang='lat' dir='ltr'>generans</span> <span class='ocrx_word' id='word_1_142' title='bbox 645 1922 868 1975; x_wconf 86' lang='lat' dir='ltr'>herbam</span> <span class='ocrx_word' id='word_1_143' title='bbox 882 1927 1249 1989; x_wconf 81' lang='lat' dir='ltr'>opportunam</span> <span class='ocrx_word' id='word_1_144' title='bbox 1262 1924 1379 1975; x_wconf 83' lang='lat' dir='ltr'>illis</span> <span class='ocrx_word' id='word_1_145' title='bbox 1394 1938 1429 1974; x_wconf 89' lang='lat' dir='ltr'>a</span> <span class='ocrx_word' id='word_1_146' title='bbox 1445 1923 1643 1990; x_wconf 85' lang='lat' dir='ltr'>quibus</span> <span class='ocrx_word' id='word_1_147' title='bbox 1662 1924 1887 1988; x_wconf 88' lang='lat' dir='ltr'>colitur,</span> 
     </span>
    </p>
   </div>
   <div class='ocr_carea' id='block_1_22' title="bbox 285 2010 1892 2081">
    <p class='ocr_par' dir='ltr' id='par_1_22' title="bbox 285 2010 1892 2081">
     <span class='ocr_line' id='line_1_22' title="bbox 285 2010 1892 2081; baseline 0.001 -19"><span class='ocrx_word' id='word_1_148' title='bbox 285 2012 495 2077; x_wconf 69' lang='lat' dir='ltr'>accipit</span> <span class='ocrx_word' id='word_1_149' title='bbox 517 2010 939 2063; x_wconf 73' lang='lat' dir='ltr'>benedictionem</span> <span class='ocrx_word' id='word_1_150' title='bbox 959 2027 993 2063; x_wconf 91' lang='lat' dir='ltr'>a</span> <span class='ocrx_word' id='word_1_151' title='bbox 1012 2013 1134 2064; x_wconf 84' lang='lat' dir='ltr'>[)eo.</span> <span class='ocrx_word' id='word_1_152' title='bbox 1158 2011 1275 2064; x_wconf 85' lang='lat' dir='ltr'>Hoc</span> <span class='ocrx_word' id='word_1_153' title='bbox 1292 2010 1680 2081; x_wconf 86' lang='lat' dir='ltr'>paradigmate</span> <span class='ocrx_word' id='word_1_154' title='bbox 1704 2010 1892 2080; x_wconf 80' lang='lat' dir='ltr'>arguit</span> 
     </span>
    </p>
   </div>
   <div class='ocr_carea' id='block_1_23' title="bbox 285 2096 1890 2169">
    <p class='ocr_par' dir='ltr' id='par_1_23' title="bbox 285 2096 1890 2169">
     <span class='ocr_line' id='line_1_23' title="bbox 285 2096 1890 2169; baseline 0.001 -19"><span class='ocrx_word' id='word_1_155' title='bbox 285 2096 514 2151; x_wconf 62' lang='lat' dir='ltr'>Iudaeos</span> <span class='ocrx_word' id='word_1_156' title='bbox 567 2097 663 2168; x_wconf 89' lang='lat' dir='ltr'>qui</span> <span class='ocrx_word' id='word_1_157' title='bbox 714 2115 859 2169; x_wconf 67' lang='lat' dir='ltr'>smpe</span> <span class='ocrx_word' id='word_1_158' title='bbox 915 2097 1179 2152; x_wconf 86' lang='lat' dir='ltr'>biberunt</span> <span class='ocrx_word' id='word_1_159' title='bbox 1224 2098 1461 2154; x_wconf 88' lang='lat' dir='ltr'>imbrem</span> <span class='ocrx_word' id='word_1_160' title='bbox 1508 2099 1744 2153; x_wconf 81' lang='lat' dir='ltr'>caelestis</span> <span class='ocrx_word' id='word_1_161' title='bbox 1796 2099 1890 2152; x_wconf 94' lang='lat' dir='ltr'>do-</span> 
     </span>
    </p>
   </div>
   <div class='ocr_carea' id='block_1_24' title="bbox 281 2186 1889 2258">
    <p class='ocr_par' dir='ltr' id='par_1_24' title="bbox 281 2186 1889 2258">
     <span class='ocr_line' id='line_1_24' title="bbox 281 2186 1889 2258; baseline 0.001 -19"><span class='ocrx_word' id='word_1_162' title='bbox 281 2187 506 2255; x_wconf 77' lang='lat' dir='ltr'>ctrinae,</span> <span class='ocrx_word' id='word_1_163' title='bbox 524 2187 619 2240; x_wconf 92' lang='lat' dir='ltr'>sed</span> <span class='ocrx_word' id='word_1_164' title='bbox 640 2203 927 2258; x_wconf 87' lang='lat' dir='ltr'>nunquam</span> <span class='ocrx_word' id='word_1_165' title='bbox 944 2189 1202 2257; x_wconf 86' lang='lat' dir='ltr'>germina</span> <span class='ocrx_word' id='word_1_166' title='bbox 1218 2186 1744 2258; x_wconf 86' lang='lat' dir='ltr'>ﬁdeibonorumque</span> <span class='ocrx_word' id='word_1_167' title='bbox 1762 2203 1889 2258; x_wconf 89' lang='lat' dir='ltr'>ope-</span> 
     </span>
    </p>
   </div>
   <div class='ocr_carea' id='block_1_25' title="bbox 282 2275 1890 2347">
    <p class='ocr_par' dir='ltr' id='par_1_25' title="bbox 282 2275 1890 2347">
     <span class='ocr_line' id='line_1_25' title="bbox 282 2275 1890 2347; baseline -0.001 -18"><span class='ocrx_word' id='word_1_168' title='bbox 282 2292 415 2329; x_wconf 88' lang='lat' dir='ltr'>rum</span> <span class='ocrx_word' id='word_1_169' title='bbox 437 2275 814 2345; x_wconf 89' lang='lat' dir='ltr'>protulerunt.</span> <span class='ocrx_word' id='word_1_170' title='bbox 843 2277 1009 2330; x_wconf 90' lang='lat' dir='ltr'>Ponit</span> <span class='ocrx_word' id='word_1_171' title='bbox 1029 2280 1218 2330; x_wconf 88' lang='lat' dir='ltr'>autem</span> <span class='ocrx_word' id='word_1_172' title='bbox 1241 2277 1487 2347; x_wconf 92' lang='lat' dir='ltr'>primum</span> <span class='ocrx_word' id='word_1_173' title='bbox 1520 2276 1890 2346; x_wconf 90' lang='lat' dir='ltr'>comparatio-</span> 
     </span>
    </p>
   </div>
   <div class='ocr_carea' id='block_1_26' title="bbox 279 2362 1889 2430">
    <p class='ocr_par' dir='ltr' id='par_1_26' title="bbox 279 2362 1889 2430">
     <span class='ocr_line' id='line_1_26' title="bbox 279 2362 1889 2430; baseline -0.001 -13"><span class='ocrx_word' id='word_1_174' title='bbox 279 2380 416 2418; x_wconf 89' lang='lat' dir='ltr'>nem</span> <span class='ocrx_word' id='word_1_175' title='bbox 446 2363 516 2417; x_wconf 90' lang='lat' dir='ltr'>de</span> <span class='ocrx_word' id='word_1_176' title='bbox 552 2362 700 2417; x_wconf 90' lang='lat' dir='ltr'>bona</span> <span class='ocrx_word' id='word_1_177' title='bbox 737 2369 909 2430; x_wconf 89' lang='lat' dir='ltr'>terra,</span> <span class='ocrx_word' id='word_1_178' title='bbox 933 2382 999 2418; x_wconf 89' lang='lat' dir='ltr'>ac</span> <span class='ocrx_word' id='word_1_179' title='bbox 1039 2364 1239 2420; x_wconf 85' lang='lat' dir='ltr'>deinde</span> <span class='ocrx_word' id='word_1_180' title='bbox 1267 2366 1336 2419; x_wconf 92' lang='lat' dir='ltr'>de</span> <span class='ocrx_word' id='word_1_181' title='bbox 1370 2366 1536 2417; x_wconf 86' lang='lat' dir='ltr'>mala.</span> <span class='ocrx_word' id='word_1_182' title='bbox 1569 2364 1760 2428; x_wconf 84' lang='lat' dir='ltr'>Terra,</span> <span class='ocrx_word' id='word_1_183' title='bbox 1801 2364 1889 2417; x_wconf 88' lang='lat' dir='ltr'>in-</span> 
     </span>
    </p>
   </div>
   <div class='ocr_carea' id='block_1_27' title="bbox 248 2450 1891 2523">
    <p class='ocr_par' dir='ltr' id='par_1_27' title="bbox 248 2450 1891 2523">
     <span class='ocr_line' id='line_1_27' title="bbox 248 2450 1891 2523; baseline 0 -18"><span class='ocrx_word' id='word_1_184' title='bbox 248 2457 253 2460; x_wconf 83' lang='grc'><strong>’</strong></span> <span class='ocrx_word' id='word_1_185' title='bbox 282 2452 432 2522; x_wconf 88' lang='lat' dir='ltr'>quit,</span> <span class='ocrx_word' id='word_1_186' title='bbox 462 2450 657 2506; x_wconf 88' lang='lat' dir='ltr'>bibens</span> <span class='ocrx_word' id='word_1_187' title='bbox 695 2452 953 2523; x_wconf 85' lang='lat' dir='ltr'>imbrem,</span> <span class='ocrx_word' id='word_1_188' title='bbox 986 2454 1043 2507; x_wconf 91' lang='lat' dir='ltr'>id</span> <span class='ocrx_word' id='word_1_189' title='bbox 1074 2460 1159 2508; x_wconf 90' lang='lat' dir='ltr'>est</span> <span class='ocrx_word' id='word_1_190' title='bbox 1190 2459 1395 2508; x_wconf 67' lang='lat' dir='ltr'>sanctae</span> <span class='ocrx_word' id='word_1_191' title='bbox 1425 2459 1481 2506; x_wconf 89' lang='lat' dir='ltr'>et</span> <span class='ocrx_word' id='word_1_192' title='bbox 1508 2452 1666 2507; x_wconf 83' lang='lat' dir='ltr'>bonae</span> <span class='ocrx_word' id='word_1_193' title='bbox 1684 2453 1891 2506; x_wconf 84' lang='lat' dir='ltr'>volun—</span> 
     </span>
    </p>
   </div>
   <div class='ocr_carea' id='block_1_28' title="bbox 287 2541 1891 2613">
    <p class='ocr_par' dir='ltr' id='par_1_28' title="bbox 287 2541 1891 2613">
     <span class='ocr_line' id='line_1_28' title="bbox 287 2541 1891 2613; baseline 0 -19"><span class='ocrx_word' id='word_1_194' title='bbox 287 2541 429 2594; x_wconf 88' lang='lat' dir='ltr'>tatis</span> <span class='ocrx_word' id='word_1_195' title='bbox 468 2541 657 2595; x_wconf 88' lang='lat' dir='ltr'>anima</span> <span class='ocrx_word' id='word_1_196' title='bbox 686 2542 961 2613; x_wconf 88' lang='lat' dir='ltr'>accipiens</span> <span class='ocrx_word' id='word_1_197' title='bbox 1004 2543 1248 2612; x_wconf 84' lang='lat' dir='ltr'>gratiam</span> <span class='ocrx_word' id='word_1_198' title='bbox 1279 2542 1523 2612; x_wconf 91' lang='lat' dir='ltr'>Spiritus</span> <span class='ocrx_word' id='word_1_199' title='bbox 1552 2541 1751 2606; x_wconf 90' lang='lat' dir='ltr'>sancti,</span> <span class='ocrx_word' id='word_1_200' title='bbox 1784 2542 1891 2594; x_wconf 91' lang='lat' dir='ltr'>im-</span> 
     </span>
    </p>
   </div>
   <div class='ocr_carea' id='block_1_29' title="bbox 285 2626 1895 2703">
    <p class='ocr_par' dir='ltr' id='par_1_29' title="bbox 285 2626 1895 2703">
     <span class='ocr_line' id='line_1_29' title="bbox 285 2626 1895 2703; baseline 0.001 -22"><span class='ocrx_word' id='word_1_201' title='bbox 285 2626 563 2699; x_wconf 76' lang='lat' dir='ltr'>bremque</span> <span class='ocrx_word' id='word_1_202' title='bbox 579 2630 892 2703; x_wconf 87' lang='lat' dir='ltr'>divinorum</span> <span class='ocrx_word' id='word_1_203' title='bbox 913 2631 1265 2702; x_wconf 88' lang='lat' dir='ltr'>eloquiorum</span> <span class='ocrx_word' id='word_1_204' title='bbox 1288 2636 1345 2684; x_wconf 88' lang='lat' dir='ltr'>et</span> <span class='ocrx_word' id='word_1_205' title='bbox 1361 2646 1639 2701; x_wconf 86' lang='lat' dir='ltr'>generans</span> <span class='ocrx_word' id='word_1_206' title='bbox 1661 2629 1895 2683; x_wconf 88' lang='lat' dir='ltr'>herbam</span> 
     </span>
    </p>
   </div>
   <div class='ocr_carea' id='block_1_30' title="bbox 254 2720 1896 2790">
    <p class='ocr_par' dir='ltr' id='par_1_30' title="bbox 254 2720 1896 2790">
     <span class='ocr_line' id='line_1_30' title="bbox 254 2720 1896 2790; baseline 0.001 -20"><span class='ocrx_word' id='word_1_207' title='bbox 254 2736 259 2741; x_wconf 82' lang='grc'><em>’</em></span> <span class='ocrx_word' id='word_1_208' title='bbox 290 2725 695 2787; x_wconf 84' lang='lat' dir='ltr'>opportunam,</span> <span class='ocrx_word' id='word_1_209' title='bbox 732 2720 837 2773; x_wconf 93' lang='lat' dir='ltr'>hoc</span> <span class='ocrx_word' id='word_1_210' title='bbox 868 2725 955 2773; x_wconf 89' lang='lat' dir='ltr'>est</span> <span class='ocrx_word' id='word_1_211' title='bbox 972 2720 1208 2774; x_wconf 86' lang='lat' dir='ltr'>virtutes</span> <span class='ocrx_word' id='word_1_212' title='bbox 1230 2720 1429 2783; x_wconf 87' lang='lat' dir='ltr'>bonas,</span> <span class='ocrx_word' id='word_1_213' title='bbox 1467 2720 1745 2788; x_wconf 84' lang='lat' dir='ltr'>ﬁdemque</span> <span class='ocrx_word' id='word_1_214' title='bbox 1774 2735 1896 2790; x_wconf 90' lang='lat' dir='ltr'>per-</span> 
     </span>
    </p>
   </div>
   <div class='ocr_carea' id='block_1_31' title="bbox 288 2806 1901 2880">
    <p class='ocr_par' dir='ltr' id='par_1_31' title="bbox 288 2806 1901 2880">
     <span class='ocr_line' id='line_1_31' title="bbox 288 2806 1901 2880; baseline 0.001 -22"><span class='ocrx_word' id='word_1_215' title='bbox 288 2806 504 2860; x_wconf 85' lang='lat' dir='ltr'>fectam</span> <span class='ocrx_word' id='word_1_216' title='bbox 529 2809 815 2877; x_wconf 87' lang='lat' dir='ltr'>proferens</span> <span class='ocrx_word' id='word_1_217' title='bbox 852 2809 968 2862; x_wconf 88' lang='lat' dir='ltr'>suis</span> <span class='ocrx_word' id='word_1_218' title='bbox 999 2808 1475 2880; x_wconf 80' lang='lat' dir='ltr'>praedicatoribus,</span> <span class='ocrx_word' id='word_1_219' title='bbox 1500 2825 1533 2861; x_wconf 89' lang='lat' dir='ltr'>a</span> <span class='ocrx_word' id='word_1_220' title='bbox 1572 2808 1773 2879; x_wconf 86' lang='lat' dir='ltr'>quibus</span> <span class='ocrx_word' id='word_1_221' title='bbox 1812 2823 1901 2860; x_wconf 84' lang='lat' dir='ltr'>ex-</span> 
     </span>
    </p>
   </div>
   <div class='ocr_carea' id='block_1_32' title="bbox 1956 484 3546 568">
    <p class='ocr_par' dir='ltr' id='par_1_32' title="bbox 1956 484 3546 568">
     <span class='ocr_line' id='line_1_32' title="bbox 1956 484 3546 568; baseline -0.012 -12"><span class='ocrx_word' id='word_1_222' title='bbox 1956 497 2334 555; x_wconf 89' lang='lat' dir='ltr'>maledictioni</span> <span class='ocrx_word' id='word_1_223' title='bbox 2351 496 2604 568; x_wconf 88' lang='lat' dir='ltr'>proxima</span> <span class='ocrx_word' id='word_1_224' title='bbox 2625 498 2729 556; x_wconf 90' lang='lat' dir='ltr'>est,</span> <span class='ocrx_word' id='word_1_225' title='bbox 2755 491 2852 546; x_wconf 89' lang='lat' dir='ltr'>sed</span> <span class='ocrx_word' id='word_1_226' title='bbox 2883 491 2930 544; x_wconf 92' lang='lat' dir='ltr'>si</span> <span class='ocrx_word' id='word_1_227' title='bbox 2951 486 3325 562; x_wconf 87' lang='lat' dir='ltr'>permanserit</span> <span class='ocrx_word' id='word_1_228' title='bbox 3351 485 3409 538; x_wconf 91' lang='lat' dir='ltr'>in</span> <span class='ocrx_word' id='word_1_229' title='bbox 3438 484 3546 563; x_wconf 82' lang='lat' dir='ltr'>ini-</span> 
     </span>
    </p>
   </div>
   <div class='ocr_carea' id='block_1_33' title="bbox 1959 567 3545 668">
    <p class='ocr_par' dir='ltr' id='par_1_33' title="bbox 1959 567 3545 668">
     <span class='ocr_line' id='line_1_33' title="bbox 1959 567 3545 668; baseline -0.012 -25"><span class='ocrx_word' id='word_1_230' title='bbox 1959 588 2174 668; x_wconf 87' lang='lat' dir='ltr'>quitate</span> <span class='ocrx_word' id='word_1_231' title='bbox 2193 601 2314 651; x_wconf 84' lang='lat' dir='ltr'>sua,</span> <span class='ocrx_word' id='word_1_232' title='bbox 2334 567 2703 639; x_wconf 84' lang='lat' dir='ltr'>combustioni</span> <span class='ocrx_word' id='word_1_233' title='bbox 2725 578 2918 634; x_wconf 64' lang='lat' dir='ltr'>aeterni</span> <span class='ocrx_word' id='word_1_234' title='bbox 2940 576 3198 649; x_wconf 88' lang='lat' dir='ltr'>supplicii</span> <span class='ocrx_word' id='word_1_235' title='bbox 3218 567 3545 644; x_wconf 85' lang='lat' dir='ltr'>subjacebit.</span> 
     </span>
    </p>
   </div>
   <div class='ocr_carea' id='block_1_34' title="bbox 1958 659 3552 735">
    <p class='ocr_par' dir='ltr' id='par_1_34' title="bbox 1958 659 3552 735">
     <span class='ocr_line' id='line_1_34' title="bbox 1958 659 3552 735; baseline -0.012 -3"><span class='ocrx_word' id='word_1_236' title='bbox 1958 659 2089 731; x_wconf 49' lang='lat' dir='ltr'>llaec</span> <span class='ocrx_word' id='word_1_237' title='bbox 2109 676 2260 730; x_wconf 88' lang='lat' dir='ltr'>enim</span> <span class='ocrx_word' id='word_1_238' title='bbox 2280 664 2593 729; x_wconf 90' lang='lat' dir='ltr'>combustio</span> <span class='ocrx_word' id='word_1_239' title='bbox 2612 686 2726 724; x_wconf 92' lang='lat' dir='ltr'>non</span> <span class='ocrx_word' id='word_1_240' title='bbox 2747 669 2855 722; x_wconf 88' lang='lat' dir='ltr'>erit</span> <span class='ocrx_word' id='word_1_241' title='bbox 2884 666 2992 721; x_wconf 91' lang='lat' dir='ltr'>nisi</span> <span class='ocrx_word' id='word_1_242' title='bbox 3022 665 3110 719; x_wconf 89' lang='lat' dir='ltr'>his</span> <span class='ocrx_word' id='word_1_243' title='bbox 3149 664 3244 735; x_wconf 91' lang='lat' dir='ltr'>qui</span> <span class='ocrx_word' id='word_1_244' title='bbox 3279 678 3455 732; x_wconf 88' lang='lat' dir='ltr'>usque</span> <span class='ocrx_word' id='word_1_245' title='bbox 3495 659 3552 713; x_wconf 86' lang='lat' dir='ltr'>in</span> 
     </span>
    </p>
   </div>
   <div class='ocr_carea' id='block_1_35' title="bbox 1959 745 3556 831">
    <p class='ocr_par' dir='ltr' id='par_1_35' title="bbox 1959 745 3556 831">
     <span class='ocr_line' id='line_1_35' title="bbox 1959 745 3556 831; baseline -0.011 -12"><span class='ocrx_word' id='word_1_246' title='bbox 1959 767 2127 819; x_wconf 78' lang='lat' dir='ltr'>tinem</span> <span class='ocrx_word' id='word_1_247' title='bbox 2154 765 2279 818; x_wconf 76' lang='lat' dir='ltr'>vitze</span> <span class='ocrx_word' id='word_1_248' title='bbox 2302 779 2415 816; x_wconf 71' lang='lat' dir='ltr'>suae</span> <span class='ocrx_word' id='word_1_249' title='bbox 2435 756 2850 831; x_wconf 84' lang='lat' dir='ltr'>permanserint</span> <span class='ocrx_word' id='word_1_250' title='bbox 2876 755 2932 809; x_wconf 92' lang='lat' dir='ltr'>in</span> <span class='ocrx_word' id='word_1_251' title='bbox 2962 753 3205 825; x_wconf 86' lang='lat' dir='ltr'>peccatis</span> <span class='ocrx_word' id='word_1_252' title='bbox 3243 749 3393 805; x_wconf 89' lang='lat' dir='ltr'>suis:</span> <span class='ocrx_word' id='word_1_253' title='bbox 3420 745 3556 827; x_wconf 81' lang='lat' dir='ltr'>quia</span> 
     </span>
    </p>
   </div>
   <div class='ocr_carea' id='block_1_36' title="bbox 1960 832 3559 925">
    <p class='ocr_par' dir='ltr' id='par_1_36' title="bbox 1960 832 3559 925">
     <span class='ocr_line' id='line_1_36' title="bbox 1960 832 3559 925; baseline -0.013 -17"><span class='ocrx_word' id='word_1_254' title='bbox 1960 855 2018 908; x_wconf 88' lang='lat' dir='ltr'>in</span> <span class='ocrx_word' id='word_1_255' title='bbox 2057 867 2389 925; x_wconf 89' lang='lat' dir='ltr'>quacunque</span> <span class='ocrx_word' id='word_1_256' title='bbox 2430 848 2521 903; x_wconf 92' lang='lat' dir='ltr'>die</span> <span class='ocrx_word' id='word_1_257' title='bbox 2557 861 2858 901; x_wconf 90' lang='lat' dir='ltr'>conversus</span> <span class='ocrx_word' id='word_1_258' title='bbox 2897 842 3069 911; x_wconf 70' lang='lat' dir='ltr'>fuerit</span> <span class='ocrx_word' id='word_1_259' title='bbox 3112 844 3391 912; x_wconf 84' lang='lat' dir='ltr'>peccator,</span> <span class='ocrx_word' id='word_1_260' title='bbox 3444 832 3559 907; x_wconf 81' lang='lat' dir='ltr'>vita</span> 
     </span>
    </p>
   </div>
   <div class='ocr_carea' id='block_1_37' title="bbox 1959 922 3555 1008">
    <p class='ocr_par' dir='ltr' id='par_1_37' title="bbox 1959 922 3555 1008">
     <span class='ocr_line' id='line_1_37' title="bbox 1959 922 3555 1008; baseline -0.012 -11"><span class='ocrx_word' id='word_1_261' title='bbox 1959 945 2123 1008; x_wconf 83' lang='lat' dir='ltr'>vivet,</span> <span class='ocrx_word' id='word_1_262' title='bbox 2148 948 2205 996; x_wconf 90' lang='lat' dir='ltr'>et</span> <span class='ocrx_word' id='word_1_263' title='bbox 2229 956 2340 996; x_wconf 90' lang='lat' dir='ltr'>non</span> <span class='ocrx_word' id='word_1_264' title='bbox 2366 938 2658 993; x_wconf 90' lang='lat' dir='ltr'>morietur.</span> <span class='ocrx_word' id='word_1_265' title='bbox 2683 936 2986 1003; x_wconf 88' lang='lat' dir='ltr'>Postquam</span> <span class='ocrx_word' id='word_1_266' title='bbox 3002 927 3343 1001; x_wconf 82' lang='lat' dir='ltr'>sufﬁcienter</span> <span class='ocrx_word' id='word_1_267' title='bbox 3372 922 3555 980; x_wconf 86' lang='lat' dir='ltr'>incre-</span> 
     </span>
    </p>
   </div>
   <div class='ocr_carea' id='block_1_38' title="bbox 1962 1016 3557 1109">
    <p class='ocr_par' dir='ltr' id='par_1_38' title="bbox 1962 1016 3557 1109">
     <span class='ocr_line' id='line_1_38' title="bbox 1962 1016 3557 1109; baseline -0.013 -21"><span class='ocrx_word' id='word_1_268' title='bbox 1962 1034 2113 1109; x_wconf 88' lang='lat' dir='ltr'>pavit</span> <span class='ocrx_word' id='word_1_269' title='bbox 2141 1048 2255 1097; x_wconf 90' lang='lat' dir='ltr'>eos,</span> <span class='ocrx_word' id='word_1_270' title='bbox 2288 1028 2494 1084; x_wconf 89' lang='lat' dir='ltr'>terruit</span> <span class='ocrx_word' id='word_1_271' title='bbox 2535 1042 2599 1080; x_wconf 90' lang='lat' dir='ltr'>ac</span> <span class='ocrx_word' id='word_1_272' title='bbox 2641 1016 2933 1094; x_wconf 73' lang='lat' dir='ltr'>percusSit,</span> <span class='ocrx_word' id='word_1_273' title='bbox 2968 1017 3304 1074; x_wconf 87' lang='lat' dir='ltr'>blandiendo</span> <span class='ocrx_word' id='word_1_274' title='bbox 3348 1017 3557 1070; x_wconf 87' lang='lat' dir='ltr'>iterum</span> 
     </span>
    </p>
   </div>
   <div class='ocr_carea' id='block_1_39' title="bbox 1963 1106 3558 1192">
    <p class='ocr_par' dir='ltr' id='par_1_39' title="bbox 1963 1106 3558 1192">
     <span class='ocr_line' id='line_1_39' title="bbox 1963 1106 3558 1192; baseline -0.013 -15"><span class='ocrx_word' id='word_1_275' title='bbox 1963 1106 2270 1192; x_wconf 83' lang='lat' dir='ltr'>alloquitur</span> <span class='ocrx_word' id='word_1_276' title='bbox 2290 1135 2405 1180; x_wconf 90' lang='lat' dir='ltr'>eos,</span> <span class='ocrx_word' id='word_1_277' title='bbox 2428 1132 2500 1169; x_wconf 92' lang='lat' dir='ltr'>ne</span> <span class='ocrx_word' id='word_1_278' title='bbox 2529 1113 2855 1184; x_wconf 86' lang='lat' dir='ltr'>desperatos</span> <span class='ocrx_word' id='word_1_279' title='bbox 2903 1108 3194 1174; x_wconf 87' lang='lat' dir='ltr'>redderet;</span> <span class='ocrx_word' id='word_1_280' title='bbox 3228 1106 3326 1160; x_wconf 91' lang='lat' dir='ltr'>sed</span> <span class='ocrx_word' id='word_1_281' title='bbox 3363 1110 3558 1158; x_wconf 88' lang='lat' dir='ltr'>tamen</span> 
     </span>
    </p>
   </div>
   <div class='ocr_carea' id='block_1_40' title="bbox 1963 1192 3558 1283">
    <p class='ocr_par' dir='ltr' id='par_1_40' title="bbox 1963 1192 3558 1283">
     <span class='ocr_line' id='line_1_40' title="bbox 1963 1192 3558 1283; baseline -0.012 -18"><span class='ocrx_word' id='word_1_282' title='bbox 1963 1226 2149 1283; x_wconf 90' lang='lat' dir='ltr'>neque</span> <span class='ocrx_word' id='word_1_283' title='bbox 2177 1209 2236 1262; x_wconf 90' lang='lat' dir='ltr'>in</span> <span class='ocrx_word' id='word_1_284' title='bbox 2265 1204 2527 1260; x_wconf 89' lang='lat' dir='ltr'>omnibus</span> <span class='ocrx_word' id='word_1_285' title='bbox 2551 1202 2833 1265; x_wconf 86' lang='lat' dir='ltr'>adulatur,</span> <span class='ocrx_word' id='word_1_286' title='bbox 2865 1214 3047 1268; x_wconf 91' lang='lat' dir='ltr'>neque</span> <span class='ocrx_word' id='word_1_287' title='bbox 3076 1198 3134 1251; x_wconf 90' lang='lat' dir='ltr'>in</span> <span class='ocrx_word' id='word_1_288' title='bbox 3151 1192 3409 1249; x_wconf 90' lang='lat' dir='ltr'>omnibus</span> <span class='ocrx_word' id='word_1_289' title='bbox 3431 1209 3558 1264; x_wconf 90' lang='lat' dir='ltr'>per-</span> 
     </span>
    </p>
   </div>
   <div class='ocr_carea' id='block_1_41' title="bbox 1963 1297 2507 1363">
    <p class='ocr_par' dir='ltr' id='par_1_41' title="bbox 1963 1297 2507 1363">
     <span class='ocr_line' id='line_1_41' title="bbox 1963 1297 2507 1363; baseline -0.017 -9"><span class='ocrx_word' id='word_1_290' title='bbox 1963 1299 2122 1354; x_wconf 88' lang='lat' dir='ltr'>cutit.</span> <span class='ocrx_word' id='word_1_291' title='bbox 2155 1297 2303 1351; x_wconf 89' lang='lat' dir='ltr'>Dicit</span> <span class='ocrx_word' id='word_1_292' title='bbox 2330 1310 2463 1363; x_wconf 87' lang='lat' dir='ltr'>ergo</span> <span class='ocrx_word' id='word_1_293' title='bbox 2495 1310 2507 1345; x_wconf 89' lang='lat'>:</span> 
     </span>
    </p>
   </div>
   <div class='ocr_carea' id='block_1_42' title="bbox 2038 1375 3562 1454">
    <p class='ocr_par' dir='ltr' id='par_1_42' title="bbox 2038 1375 3562 1454">
     <span class='ocr_line' id='line_1_42' title="bbox 2038 1375 3562 1454; baseline -0.011 -14"><span class='ocrx_word' id='word_1_294' title='bbox 2038 1387 2226 1454; x_wconf 78' lang='lat' dir='ltr'>Conﬁd</span> <span class='ocrx_word' id='word_1_295' title='bbox 2232 1388 2376 1438; x_wconf 87' lang='lat' dir='ltr'>imus</span> <span class='ocrx_word' id='word_1_296' title='bbox 2393 1387 2577 1435; x_wconf 87' lang='lat' dir='ltr'>autem</span> <span class='ocrx_word' id='word_1_297' title='bbox 2590 1382 2654 1433; x_wconf 86' lang='lat' dir='ltr'>de</span> <span class='ocrx_word' id='word_1_298' title='bbox 2672 1380 2840 1445; x_wconf 66' lang='lat' dir='ltr'>vobis,</span> <span class='ocrx_word' id='word_1_299' title='bbox 2871 1377 3236 1437; x_wconf 80' lang='lat' dir='ltr'>dilectissimi,</span> <span class='ocrx_word' id='word_1_300' title='bbox 3262 1375 3493 1425; x_wconf 84' lang='lat' dir='ltr'>meliora</span> <span class='ocrx_word' id='word_1_301' title='bbox 3513 1376 3562 1424; x_wconf 89' lang='lat' dir='ltr'>et</span> 
     </span>
    </p>
   </div>
   <div class='ocr_carea' id='block_1_43' title="bbox 1965 1457 3566 1532">
    <p class='ocr_par' dir='ltr' id='par_1_43' title="bbox 1965 1457 3566 1532">
     <span class='ocr_line' id='line_1_43' title="bbox 1965 1457 3566 1532; baseline -0.012 -3"><span class='ocrx_word' id='word_1_302' title='bbox 1965 1478 2239 1529; x_wconf 71' lang='lat' dir='ltr'>viciniora</span> <span class='ocrx_word' id='word_1_303' title='bbox 2250 1469 2703 1531; x_wconf 84' lang='lat' dir='ltr'>saluti,tametsii</span> <span class='ocrx_word' id='word_1_304' title='bbox 2708 1472 2760 1519; x_wconf 88' lang='lat' dir='ltr'>ta</span> <span class='ocrx_word' id='word_1_305' title='bbox 2776 1466 2926 1532; x_wconf 85' lang='lat' dir='ltr'>loqui</span> <span class='ocrx_word' id='word_1_306' title='bbox 2931 1460 3230 1525; x_wconf 86' lang='lat' dir='ltr'>mur.Quia</span> <span class='ocrx_word' id='word_1_307' title='bbox 3244 1475 3355 1513; x_wconf 89' lang='lat' dir='ltr'>non</span> <span class='ocrx_word' id='word_1_308' title='bbox 3366 1457 3566 1511; x_wconf 87' lang='lat' dir='ltr'>habuit</span> 
     </span>
    </p>
   </div>
   <div class='ocr_carea' id='block_1_44' title="bbox 1964 1543 3565 1630">
    <p class='ocr_par' dir='ltr' id='par_1_44' title="bbox 1964 1543 3565 1630">
     <span class='ocr_line' id='line_1_44' title="bbox 1964 1543 3565 1630; baseline -0.012 -12"><span class='ocrx_word' id='word_1_309' title='bbox 1964 1564 2114 1619; x_wconf 90' lang='lat' dir='ltr'>unde</span> <span class='ocrx_word' id='word_1_310' title='bbox 2135 1579 2230 1616; x_wconf 91' lang='lat' dir='ltr'>eos</span> <span class='ocrx_word' id='word_1_311' title='bbox 2251 1560 2321 1613; x_wconf 87' lang='lat' dir='ltr'>ad</span> <span class='ocrx_word' id='word_1_312' title='bbox 2342 1573 2588 1630; x_wconf 65' lang='lat' dir='ltr'>praesens</span> <span class='ocrx_word' id='word_1_313' title='bbox 2620 1554 2895 1616; x_wconf 89' lang='lat' dir='ltr'>laudaret,</span> <span class='ocrx_word' id='word_1_314' title='bbox 2913 1551 3107 1605; x_wconf 84' lang='lat' dir='ltr'>laudat</span> <span class='ocrx_word' id='word_1_315' title='bbox 3125 1565 3220 1603; x_wconf 92' lang='lat' dir='ltr'>eos</span> <span class='ocrx_word' id='word_1_316' title='bbox 3249 1548 3318 1602; x_wconf 92' lang='lat' dir='ltr'>de</span> <span class='ocrx_word' id='word_1_317' title='bbox 3348 1562 3447 1618; x_wconf 89' lang='lat' dir='ltr'>spe</span> <span class='ocrx_word' id='word_1_318' title='bbox 3474 1543 3565 1600; x_wconf 81' lang='lat' dir='ltr'>fu-</span> 
     </span>
    </p>
   </div>
   <div class='ocr_carea' id='block_1_45' title="bbox 1968 1628 3566 1719">
    <p class='ocr_par' dir='ltr' id='par_1_45' title="bbox 1968 1628 3566 1719">
     <span class='ocr_line' id='line_1_45' title="bbox 1968 1628 3566 1719; baseline -0.012 -14"><span class='ocrx_word' id='word_1_319' title='bbox 1968 1657 2226 1707; x_wconf 89' lang='lat' dir='ltr'>turorum</span> <span class='ocrx_word' id='word_1_320' title='bbox 2258 1628 2427 1719; x_wconf 79' lang='lat' dir='ltr'>quam</span> <span class='ocrx_word' id='word_1_321' title='bbox 2457 1643 2701 1699; x_wconf 87' lang='lat' dir='ltr'>habebat</span> <span class='ocrx_word' id='word_1_322' title='bbox 2727 1643 2795 1695; x_wconf 89' lang='lat' dir='ltr'>de</span> <span class='ocrx_word' id='word_1_323' title='bbox 2820 1641 2950 1700; x_wconf 91' lang='lat' dir='ltr'>illis,</span> <span class='ocrx_word' id='word_1_324' title='bbox 2984 1638 3143 1709; x_wconf 87' lang='lat' dir='ltr'>quasi</span> <span class='ocrx_word' id='word_1_325' title='bbox 3174 1635 3417 1690; x_wconf 90' lang='lat' dir='ltr'>diceret:</span> <span class='ocrx_word' id='word_1_326' title='bbox 3440 1628 3566 1688; x_wconf 88' lang='lat' dir='ltr'>Non</span> 
     </span>
    </p>
   </div>
   <div class='ocr_carea' id='block_1_46' title="bbox 1900 1722 3567 1803">
    <p class='ocr_par' dir='ltr' id='par_1_46' title="bbox 1900 1722 3567 1803">
     <span class='ocr_line' id='line_1_46' title="bbox 1900 1722 3567 1803; baseline -0.013 -8"><span class='ocrx_word' id='word_1_327' title='bbox 1900 1725 1949 1785; x_wconf 85' lang='grc' dir='ltr'>Β</span> <span class='ocrx_word' id='word_1_328' title='bbox 1971 1740 2210 1795; x_wconf 87' lang='lat' dir='ltr'>dicimus</span> <span class='ocrx_word' id='word_1_329' title='bbox 2237 1739 2341 1791; x_wconf 86' lang='lat' dir='ltr'>hoc</span> <span class='ocrx_word' id='word_1_330' title='bbox 2372 1734 2543 1789; x_wconf 87' lang='lat' dir='ltr'>veluti</span> <span class='ocrx_word' id='word_1_331' title='bbox 2574 1737 2835 1803; x_wconf 84' lang='lat' dir='ltr'>putantes</span> <span class='ocrx_word' id='word_1_332' title='bbox 2870 1745 2965 1783; x_wconf 89' lang='lat' dir='ltr'>vos</span> <span class='ocrx_word' id='word_1_333' title='bbox 3010 1725 3186 1800; x_wconf 85' lang='lat' dir='ltr'>spinis</span> <span class='ocrx_word' id='word_1_334' title='bbox 3215 1725 3430 1795; x_wconf 91' lang='lat' dir='ltr'>plenos,</span> <span class='ocrx_word' id='word_1_335' title='bbox 3466 1722 3567 1777; x_wconf 91' lang='lat' dir='ltr'>sed</span> 
     </span>
    </p>
   </div>
   <div class='ocr_carea' id='block_1_47' title="bbox 1970 1812 3567 1889">
    <p class='ocr_par' dir='ltr' id='par_1_47' title="bbox 1970 1812 3567 1889">
     <span class='ocr_line' id='line_1_47' title="bbox 1970 1812 3567 1889; baseline -0.013 -6"><span class='ocrx_word' id='word_1_336' title='bbox 1970 1829 2237 1884; x_wconf 84' lang='lat' dir='ltr'>timentes</span> <span class='ocrx_word' id='word_1_337' title='bbox 2265 1842 2337 1881; x_wconf 88' lang='lat' dir='ltr'>ne</span> <span class='ocrx_word' id='word_1_338' title='bbox 2377 1823 2523 1878; x_wconf 90' lang='lat' dir='ltr'>tales</span> <span class='ocrx_word' id='word_1_339' title='bbox 2553 1819 2895 1889; x_wconf 75' lang='lat' dir='ltr'>efficiamini.</span> <span class='ocrx_word' id='word_1_340' title='bbox 2926 1814 3127 1872; x_wconf 87' lang='lat' dir='ltr'>Melius</span> <span class='ocrx_word' id='word_1_341' title='bbox 3159 1820 3245 1869; x_wconf 88' lang='lat' dir='ltr'>est</span> <span class='ocrx_word' id='word_1_342' title='bbox 3290 1812 3440 1867; x_wconf 90' lang='lat' dir='ltr'>enim</span> <span class='ocrx_word' id='word_1_343' title='bbox 3468 1827 3567 1885; x_wconf 88' lang='lat' dir='ltr'>vos</span> 
     </span>
    </p>
   </div>
   <div class='ocr_carea' id='block_1_48' title="bbox 1974 1901 3567 1983">
    <p class='ocr_par' dir='ltr' id='par_1_48' title="bbox 1974 1901 3567 1983">
     <span class='ocr_line' id='line_1_48' title="bbox 1974 1901 3567 1983; baseline -0.011 -12"><span class='ocrx_word' id='word_1_344' title='bbox 1974 1916 2154 1973; x_wconf 87' lang='lat' dir='ltr'>verbis</span> <span class='ocrx_word' id='word_1_345' title='bbox 2174 1914 2396 1977; x_wconf 88' lang='lat' dir='ltr'>terreri,</span> <span class='ocrx_word' id='word_1_346' title='bbox 2423 1927 2593 1983; x_wconf 87' lang='lat' dir='ltr'>quam</span> <span class='ocrx_word' id='word_1_347' title='bbox 2614 1908 2683 1963; x_wconf 89' lang='lat' dir='ltr'>de</span> <span class='ocrx_word' id='word_1_348' title='bbox 2704 1910 2872 1962; x_wconf 87' lang='lat' dir='ltr'>rebus</span> <span class='ocrx_word' id='word_1_349' title='bbox 2893 1904 3145 1961; x_wconf 87' lang='lat' dir='ltr'>doleatis.</span> <span class='ocrx_word' id='word_1_350' title='bbox 3171 1901 3398 1973; x_wconf 91' lang='lat' dir='ltr'>Optima</span> <span class='ocrx_word' id='word_1_351' title='bbox 3421 1916 3567 1971; x_wconf 69' lang='lat' dir='ltr'>quae-</span> 
     </span>
    </p>
   </div>
   <div class='ocr_carea' id='block_1_49' title="bbox 1975 1990 3569 2078">
    <p class='ocr_par' dir='ltr' id='par_1_49' title="bbox 1975 1990 3569 2078">
     <span class='ocr_line' id='line_1_49' title="bbox 1975 1990 3569 2078; baseline -0.013 -17"><span class='ocrx_word' id='word_1_352' title='bbox 1975 2024 2083 2078; x_wconf 88' lang='lat' dir='ltr'>que</span> <span class='ocrx_word' id='word_1_353' title='bbox 2099 2020 2268 2076; x_wconf 88' lang='lat' dir='ltr'>opera</span> <span class='ocrx_word' id='word_1_354' title='bbox 2291 2002 2361 2056; x_wconf 92' lang='lat' dir='ltr'>de</span> <span class='ocrx_word' id='word_1_355' title='bbox 2382 2000 2536 2055; x_wconf 89' lang='lat' dir='ltr'>vobis</span> <span class='ocrx_word' id='word_1_356' title='bbox 2555 1996 2910 2058; x_wconf 81' lang='lat' dir='ltr'>confidimus,</span> <span class='ocrx_word' id='word_1_357' title='bbox 2926 1999 3235 2062; x_wconf 65' lang='lat' dir='ltr'>vestraeque</span> <span class='ocrx_word' id='word_1_358' title='bbox 3255 1990 3423 2045; x_wconf 89' lang='lat' dir='ltr'>saluti</span> <span class='ocrx_word' id='word_1_359' title='bbox 3442 2003 3569 2059; x_wconf 83' lang='lat' dir='ltr'>pro-</span> 
     </span>
    </p>
   </div>
   <div class='ocr_carea' id='block_1_50' title="bbox 1972 2077 3569 2162">
    <p class='ocr_par' dir='ltr' id='par_1_50' title="bbox 1972 2077 3569 2162">
     <span class='ocr_line' id='line_1_50' title="bbox 1972 2077 3569 2162; baseline -0.012 -14"><span class='ocrx_word' id='word_1_360' title='bbox 1972 2094 2120 2148; x_wconf 89' lang='lat' dir='ltr'>ficua</span> <span class='ocrx_word' id='word_1_361' title='bbox 2152 2111 2163 2145; x_wconf 89' lang='lat'><strong>:</strong></span> <span class='ocrx_word' id='word_1_362' title='bbox 2200 2089 2459 2162; x_wconf 78' lang='lat' dir='ltr'>quamvis</span> <span class='ocrx_word' id='word_1_363' title='bbox 2489 2088 2569 2141; x_wconf 83' lang='lat' dir='ltr'>ita</span> <span class='ocrx_word' id='word_1_364' title='bbox 2607 2088 2922 2155; x_wconf 90' lang='lat' dir='ltr'>loquamur.</span> <span class='ocrx_word' id='word_1_365' title='bbox 2957 2082 3100 2135; x_wconf 85' lang='lat' dir='ltr'>Nam</span> <span class='ocrx_word' id='word_1_366' title='bbox 3132 2080 3281 2150; x_wconf 91' lang='lat' dir='ltr'>quod</span> <span class='ocrx_word' id='word_1_367' title='bbox 3309 2077 3569 2148; x_wconf 88' lang='lat' dir='ltr'>superius</span> 
     </span>
    </p>
   </div>
   <div class='ocr_carea' id='block_1_51' title="bbox 1973 2165 3564 2255">
    <p class='ocr_par' dir='ltr' id='par_1_51' title="bbox 1973 2165 3564 2255">
     <span class='ocr_line' id='line_1_51' title="bbox 1973 2165 3564 2255; baseline -0.013 -18"><span class='ocrx_word' id='word_1_368' title='bbox 1973 2182 2216 2255; x_wconf 83' lang='lat' dir='ltr'>diximus</span> <span class='ocrx_word' id='word_1_369' title='bbox 2233 2181 2302 2234; x_wconf 89' lang='lat' dir='ltr'>de</span> <span class='ocrx_word' id='word_1_370' title='bbox 2318 2177 2555 2249; x_wconf 90' lang='lat' dir='ltr'>reproba</span> <span class='ocrx_word' id='word_1_371' title='bbox 2567 2181 2721 2230; x_wconf 91' lang='lat' dir='ltr'>terra</span> <span class='ocrx_word' id='word_1_372' title='bbox 2732 2182 2789 2226; x_wconf 91' lang='lat' dir='ltr'>et</span> <span class='ocrx_word' id='word_1_373' title='bbox 2798 2167 3277 2225; x_wconf 86' lang='lat' dir='ltr'>combustionibus</span> <span class='ocrx_word' id='word_1_374' title='bbox 3291 2165 3564 2238; x_wconf 88' lang='lat' dir='ltr'>proxima,</span> 
     </span>
    </p>
   </div>
   <div class='ocr_carea' id='block_1_52' title="bbox 1974 2252 3571 2330">
    <p class='ocr_par' dir='ltr' id='par_1_52' title="bbox 1974 2252 3571 2330">
     <span class='ocr_line' id='line_1_52' title="bbox 1974 2252 3571 2330; baseline -0.013 -4"><span class='ocrx_word' id='word_1_375' title='bbox 1974 2288 2087 2326; x_wconf 91' lang='lat' dir='ltr'>non</span> <span class='ocrx_word' id='word_1_376' title='bbox 2123 2272 2192 2324; x_wconf 91' lang='lat' dir='ltr'>de</span> <span class='ocrx_word' id='word_1_377' title='bbox 2226 2268 2381 2322; x_wconf 88' lang='lat' dir='ltr'>vobis</span> <span class='ocrx_word' id='word_1_378' title='bbox 2418 2267 2524 2321; x_wconf 91' lang='lat' dir='ltr'>hoc</span> <span class='ocrx_word' id='word_1_379' title='bbox 2572 2263 2836 2324; x_wconf 86' lang='lat' dir='ltr'>diximus,</span> <span class='ocrx_word' id='word_1_380' title='bbox 2866 2258 3000 2330; x_wconf 88' lang='lat' dir='ltr'>quia</span> <span class='ocrx_word' id='word_1_381' title='bbox 3040 2257 3275 2311; x_wconf 83' lang='lat' dir='ltr'>meliora</span> <span class='ocrx_word' id='word_1_382' title='bbox 3303 2255 3371 2308; x_wconf 91' lang='lat' dir='ltr'>de</span> <span class='ocrx_word' id='word_1_383' title='bbox 3416 2252 3571 2307; x_wconf 86' lang='lat' dir='ltr'>vobis</span> 
     </span>
    </p>
   </div>
   <div class='ocr_carea' id='block_1_53' title="bbox 1974 2344 3573 2422">
    <p class='ocr_par' dir='ltr' id='par_1_53' title="bbox 1974 2344 3573 2422">
     <span class='ocr_line' id='line_1_53' title="bbox 1974 2344 3573 2422; baseline -0.013 -8"><span class='ocrx_word' id='word_1_384' title='bbox 1974 2360 2273 2415; x_wconf 82' lang='lat' dir='ltr'>credimus.</span> <span class='ocrx_word' id='word_1_385' title='bbox 2302 2354 2547 2411; x_wconf 85' lang='lat' dir='ltr'>Reduxit</span> <span class='ocrx_word' id='word_1_386' title='bbox 2574 2366 2796 2422; x_wconf 90' lang='lat' dir='ltr'>quoque</span> <span class='ocrx_word' id='word_1_387' title='bbox 2816 2349 2898 2403; x_wconf 86' lang='lat' dir='ltr'>eis</span> <span class='ocrx_word' id='word_1_388' title='bbox 2914 2346 3199 2418; x_wconf 85' lang='lat' dir='ltr'>praeterita</span> <span class='ocrx_word' id='word_1_389' title='bbox 3224 2344 3373 2397; x_wconf 88' lang='lat' dir='ltr'>bona</span> <span class='ocrx_word' id='word_1_390' title='bbox 3402 2357 3573 2422; x_wconf 83' lang='lat' dir='ltr'>opera</span> 
     </span>
    </p>
   </div>
   <div class='ocr_carea' id='block_1_54' title="bbox 1974 2418 3573 2519">
    <p class='ocr_par' dir='ltr' id='par_1_54' title="bbox 1974 2418 3573 2519">
     <span class='ocr_line' id='line_1_54' title="bbox 1974 2418 3573 2519; baseline -0.012 -16"><span class='ocrx_word' id='word_1_391' title='bbox 1974 2451 2200 2504; x_wconf 89' lang='lat' dir='ltr'>illorum</span> <span class='ocrx_word' id='word_1_392' title='bbox 2246 2449 2305 2512; x_wconf 86' lang='lat' dir='ltr'>in</span> <span class='ocrx_word' id='word_1_393' title='bbox 2348 2442 2700 2499; x_wconf 87' lang='lat' dir='ltr'>memoriam.</span> <span class='ocrx_word' id='word_1_394' title='bbox 2751 2445 2806 2493; x_wconf 92' lang='lat' dir='ltr'>et</span> <span class='ocrx_word' id='word_1_395' title='bbox 2840 2446 3123 2519; x_wconf 77' lang='lat' dir='ltr'>quatenus</span> <span class='ocrx_word' id='word_1_396' title='bbox 3170 2450 3235 2488; x_wconf 86' lang='lat' dir='ltr'>ex</span> <span class='ocrx_word' id='word_1_397' title='bbox 3273 2418 3573 2504; x_wconf 71' lang='lat' dir='ltr'>praeteritis</span> 
     </span>
    </p>
   </div>
   <div class='ocr_carea' id='block_1_55' title="bbox 1975 2521 3498 2609">
    <p class='ocr_par' dir='ltr' id='par_1_55' title="bbox 1975 2521 3498 2609">
     <span class='ocr_line' id='line_1_55' title="bbox 1975 2521 3498 2609; baseline -0.015 -15"><span class='ocrx_word' id='word_1_398' title='bbox 1975 2542 2164 2609; x_wconf 91' lang='lat' dir='ltr'>posset</span> <span class='ocrx_word' id='word_1_399' title='bbox 2191 2536 2466 2591; x_wconf 88' lang='lat' dir='ltr'>adducere</span> <span class='ocrx_word' id='word_1_400' title='bbox 2492 2533 2562 2586; x_wconf 89' lang='lat' dir='ltr'>ad</span> <span class='ocrx_word' id='word_1_401' title='bbox 2589 2530 2737 2584; x_wconf 90' lang='lat' dir='ltr'>bona</span> <span class='ocrx_word' id='word_1_402' title='bbox 2759 2543 3012 2598; x_wconf 65' lang='lat' dir='ltr'>quaeque,</span> <span class='ocrx_word' id='word_1_403' title='bbox 3040 2525 3167 2579; x_wconf 90' lang='lat' dir='ltr'>ideo</span> <span class='ocrx_word' id='word_1_404' title='bbox 3193 2521 3498 2597; x_wconf 83' lang='lat' dir='ltr'>subjunxit:</span> 
     </span>
    </p>
   </div>
   <div class='ocr_carea' id='block_1_56' title="bbox 2048 2614 3576 2689">
    <p class='ocr_par' dir='ltr' id='par_1_56' title="bbox 2048 2614 3576 2689">
     <span class='ocr_line' id='line_1_56' title="bbox 2048 2614 3576 2689; baseline -0.014 -9"><span class='ocrx_word' id='word_1_405' title='bbox 2048 2627 2168 2681; x_wconf 85' lang='lat' dir='ltr'>Non</span> <span class='ocrx_word' id='word_1_406' title='bbox 2196 2630 2346 2678; x_wconf 85' lang='lat' dir='ltr'>enim</span> <span class='ocrx_word' id='word_1_407' title='bbox 2378 2625 2620 2689; x_wconf 78' lang='lat' dir='ltr'>injustas</span> <span class='ocrx_word' id='word_1_408' title='bbox 2650 2623 2736 2671; x_wconf 84' lang='lat' dir='ltr'>est</span> <span class='ocrx_word' id='word_1_409' title='bbox 2763 2618 2922 2676; x_wconf 82' lang='lat' dir='ltr'>Deus,</span> <span class='ocrx_word' id='word_1_410' title='bbox 2956 2619 3016 2666; x_wconf 88' lang='lat' dir='ltr'>ut</span> <span class='ocrx_word' id='word_1_411' title='bbox 3060 2614 3415 2665; x_wconf 76' lang='lat' dir='ltr'>obliviscatur</span> <span class='ocrx_word' id='word_1_412' title='bbox 3458 2623 3576 2675; x_wconf 86' lang='lat' dir='ltr'>ope-</span> 
     </span>
    </p>
   </div>
   <div class='ocr_carea' id='block_1_57' title="bbox 1977 2698 3576 2773">
    <p class='ocr_par' dir='ltr' id='par_1_57' title="bbox 1977 2698 3576 2773">
     <span class='ocr_line' id='line_1_57' title="bbox 1977 2698 3576 2773; baseline -0.013 -5"><span class='ocrx_word' id='word_1_413' title='bbox 1977 2719 2058 2768; x_wconf 80' lang='lat' dir='ltr'>ris</span> <span class='ocrx_word' id='word_1_414' title='bbox 2084 2715 2250 2767; x_wconf 76' lang='lat' dir='ltr'>vestri</span> <span class='ocrx_word' id='word_1_415' title='bbox 2278 2716 2328 2765; x_wconf 90' lang='lat' dir='ltr'>et</span> <span class='ocrx_word' id='word_1_416' title='bbox 2356 2709 2684 2767; x_wconf 77' lang='lat' dir='ltr'>dilectionis,</span> <span class='ocrx_word' id='word_1_417' title='bbox 2727 2721 2896 2773; x_wconf 86' lang='lat' dir='ltr'>quam</span> <span class='ocrx_word' id='word_1_418' title='bbox 2930 2701 3238 2755; x_wconf 83' lang='lat' dir='ltr'>ostendistis</span> <span class='ocrx_word' id='word_1_419' title='bbox 3260 2701 3320 2750; x_wconf 85' lang='lat' dir='ltr'>in</span> <span class='ocrx_word' id='word_1_420' title='bbox 3352 2698 3576 2750; x_wconf 86' lang='lat' dir='ltr'>nomine</span> 
     </span>
    </p>
   </div>
   <div class='ocr_carea' id='block_1_58' title="bbox 1982 2786 3574 2873">
    <p class='ocr_par' dir='ltr' id='par_1_58' title="bbox 1982 2786 3574 2873">
     <span class='ocr_line' id='line_1_58' title="bbox 1982 2786 3574 2873; baseline -0.013 -15"><span class='ocrx_word' id='word_1_421' title='bbox 1982 2804 2223 2873; x_wconf 83' lang='lat' dir='ltr'>ejus.qui</span> <span class='ocrx_word' id='word_1_422' title='bbox 2238 2799 2602 2869; x_wconf 83' lang='lat' dir='ltr'>ministrastis</span> <span class='ocrx_word' id='word_1_423' title='bbox 2618 2796 2821 2848; x_wconf 84' lang='lat' dir='ltr'>sanctis</span> <span class='ocrx_word' id='word_1_424' title='bbox 2842 2797 2891 2845; x_wconf 89' lang='lat' dir='ltr'>et</span> <span class='ocrx_word' id='word_1_425' title='bbox 2907 2786 3413 2844; x_wconf 81' lang='lat' dir='ltr'>ministratis.Ecce</span> <span class='ocrx_word' id='word_1_426' title='bbox 3434 2800 3574 2855; x_wconf 90' lang='lat' dir='ltr'>quo-</span> 
     </span>
    </p>
   </div>
   <div class='ocr_carea' id='block_1_59' title="bbox 290 2874 3577 2969">
    <p class='ocr_par' dir='ltr' id='par_1_59' title="bbox 290 2874 3577 2969">
     <span class='ocr_line' id='line_1_59' title="bbox 290 2874 3577 2969; baseline -0.006 -22"><span class='ocrx_word' id='word_1_427' title='bbox 290 2894 526 2965; x_wconf 82' lang='lat' dir='ltr'>colitur,</span> <span class='ocrx_word' id='word_1_428' title='bbox 549 2896 662 2950; x_wconf 82' lang='lat' dir='ltr'>sive</span> <span class='ocrx_word' id='word_1_429' title='bbox 683 2896 1012 2969; x_wconf 89' lang='lat' dir='ltr'>sibimetipsi</span> <span class='ocrx_word' id='word_1_430' title='bbox 1036 2898 1236 2969; x_wconf 85' lang='lat' dir='ltr'>accipit</span> <span class='ocrx_word' id='word_1_431' title='bbox 1287 2896 1729 2963; x_wconf 85' lang='lat' dir='ltr'>benedictionem</span> <span class='ocrx_word' id='word_1_432' title='bbox 1780 2895 1901 2950; x_wconf 66' lang='lat' dir='ltr'>vitae</span> <span class='ocrx_word' id='word_1_433' title='bbox 1983 2893 2148 2947; x_wconf 89' lang='lat' dir='ltr'>modo</span> <span class='ocrx_word' id='word_1_434' title='bbox 2174 2887 2445 2944; x_wconf 78' lang='lat' dir='ltr'>recreavit</span> <span class='ocrx_word' id='word_1_435' title='bbox 2469 2885 2686 2940; x_wconf 88' lang='lat' dir='ltr'>animos</span> <span class='ocrx_word' id='word_1_436' title='bbox 2709 2897 2903 2936; x_wconf 89' lang='lat' dir='ltr'>eorum</span> <span class='ocrx_word' id='word_1_437' title='bbox 2927 2884 2984 2933; x_wconf 89' lang='lat' dir='ltr'>et</span> <span class='ocrx_word' id='word_1_438' title='bbox 3004 2874 3351 2932; x_wconf 80' lang='lat' dir='ltr'>reformavit:</span> <span class='ocrx_word' id='word_1_439' title='bbox 3376 2878 3577 2944; x_wconf 72' lang='lat' dir='ltr'>praete-</span> 
     </span>
    </p>
   </div>
   <div class='ocr_carea' id='block_1_60' title="bbox 292 2960 3578 3052">
    <p class='ocr_par' dir='ltr' id='par_1_60' title="bbox 292 2960 3578 3052">
     <span class='ocr_line' id='line_1_60' title="bbox 292 2960 3578 3052; baseline -0.006 -16"><span class='ocrx_word' id='word_1_440' title='bbox 292 2988 547 3050; x_wconf 66' lang='lat' dir='ltr'>azternae,</span> <span class='ocrx_word' id='word_1_441' title='bbox 580 2986 665 3039; x_wconf 92' lang='lat' dir='ltr'>vel</span> <span class='ocrx_word' id='word_1_442' title='bbox 705 2985 1107 3040; x_wconf 87' lang='lat' dir='ltr'>abundantiam</span> <span class='ocrx_word' id='word_1_443' title='bbox 1155 2987 1445 3052; x_wconf 90' lang='lat' dir='ltr'>virtutum,</span> <span class='ocrx_word' id='word_1_444' title='bbox 1487 2991 1545 3040; x_wconf 90' lang='lat' dir='ltr'>et</span> <span class='ocrx_word' id='word_1_445' title='bbox 1581 2986 1752 3040; x_wconf 72' lang='lat' dir='ltr'>refert</span> <span class='ocrx_word' id='word_1_446' title='bbox 1788 2984 1904 3037; x_wconf 84' lang='lat' dir='ltr'>fru-</span> <span class='ocrx_word' id='word_1_447' title='bbox 1984 2982 2094 3036; x_wconf 87' lang='lat' dir='ltr'>rita</span> <span class='ocrx_word' id='word_1_448' title='bbox 2122 2980 2269 3034; x_wconf 89' lang='lat' dir='ltr'>bona</span> <span class='ocrx_word' id='word_1_449' title='bbox 2299 2992 2467 3048; x_wconf 90' lang='lat' dir='ltr'>opera</span> <span class='ocrx_word' id='word_1_450' title='bbox 2497 2975 2568 3028; x_wconf 85' lang='lat' dir='ltr'>ad</span> <span class='ocrx_word' id='word_1_451' title='bbox 2596 2976 2842 3027; x_wconf 90' lang='lat' dir='ltr'>mentem</span> <span class='ocrx_word' id='word_1_452' title='bbox 2871 2983 3135 3023; x_wconf 88' lang='lat' dir='ltr'>revocans</span> <span class='ocrx_word' id='word_1_453' title='bbox 3164 2984 3177 3033; x_wconf 90' lang='lat'><strong>;</strong></span> <span class='ocrx_word' id='word_1_454' title='bbox 3203 2965 3336 3036; x_wconf 86' lang='lat' dir='ltr'>quia</span> <span class='ocrx_word' id='word_1_455' title='bbox 3367 2960 3424 3017; x_wconf 87' lang='lat' dir='ltr'>in</span> <span class='ocrx_word' id='word_1_456' title='bbox 3453 2977 3578 3016; x_wconf 94' lang='lat' dir='ltr'>om-</span> 
     </span>
    </p>
   </div>
   <div class='ocr_carea' id='block_1_61' title="bbox 291 3050 3580 3146">
    <p class='ocr_par' dir='ltr' id='par_1_61' title="bbox 291 3050 3580 3146">
     <span class='ocr_line' id='line_1_61' title="bbox 291 3050 3580 3146; baseline -0.006 -21"><span class='ocrx_word' id='word_1_457' title='bbox 291 3078 429 3126; x_wconf 90' lang='lat' dir='ltr'>ctus</span> <span class='ocrx_word' id='word_1_458' title='bbox 475 3072 806 3141; x_wconf 89' lang='lat' dir='ltr'>tricesimos,</span> <span class='ocrx_word' id='word_1_459' title='bbox 857 3077 1252 3146; x_wconf 85' lang='lat' dir='ltr'>sexagesimos,</span> <span class='ocrx_word' id='word_1_460' title='bbox 1298 3075 1620 3146; x_wconf 88' lang='lat' dir='ltr'>pariterque</span> <span class='ocrx_word' id='word_1_461' title='bbox 1662 3072 1902 3128; x_wconf 80' lang='lat' dir='ltr'>centesi-</span> <span class='ocrx_word' id='word_1_462' title='bbox 1921 3076 1964 3134; x_wconf 78' lang='grc' dir='ltr'>Ο</span> <span class='ocrx_word' id='word_1_463' title='bbox 1985 3069 2332 3141; x_wconf 89' lang='lat' dir='ltr'>nipotentem</span> <span class='ocrx_word' id='word_1_464' title='bbox 2356 3066 2535 3119; x_wconf 90' lang='lat' dir='ltr'>Deum</span> <span class='ocrx_word' id='word_1_465' title='bbox 2566 3060 2768 3116; x_wconf 88' lang='lat' dir='ltr'>oblivio</span> <span class='ocrx_word' id='word_1_466' title='bbox 2794 3074 2906 3112; x_wconf 92' lang='lat' dir='ltr'>non</span> <span class='ocrx_word' id='word_1_467' title='bbox 2928 3054 3096 3121; x_wconf 83' lang='lat' dir='ltr'>cadit,</span> <span class='ocrx_word' id='word_1_468' title='bbox 3128 3052 3255 3108; x_wconf 89' lang='lat' dir='ltr'>ideo</span> <span class='ocrx_word' id='word_1_469' title='bbox 3284 3068 3399 3106; x_wconf 92' lang='lat' dir='ltr'>non</span> <span class='ocrx_word' id='word_1_470' title='bbox 3437 3050 3580 3105; x_wconf 89' lang='lat' dir='ltr'>obli-</span> 
     </span>
    </p>
   </div>
   <div class='ocr_carea' id='block_1_62' title="bbox 294 3137 3584 3235">
    <p class='ocr_par' dir='ltr' id='par_1_62' title="bbox 294 3137 3584 3235">
     <span class='ocr_line' id='line_1_62' title="bbox 294 3137 3584 3235; baseline -0.008 -20"><span class='ocrx_word' id='word_1_471' title='bbox 294 3178 458 3218; x_wconf 88' lang='lat' dir='ltr'>mos.</span> <span class='ocrx_word' id='word_1_472' title='bbox 490 3162 641 3216; x_wconf 90' lang='lat' dir='ltr'>Nihil</span> <span class='ocrx_word' id='word_1_473' title='bbox 673 3137 820 3217; x_wconf 88' lang='lat' dir='ltr'>enim</span> <span class='ocrx_word' id='word_1_474' title='bbox 848 3137 1221 3235; x_wconf 61' lang='lat' dir='ltr'>opportunius</span> <span class='ocrx_word' id='word_1_475' title='bbox 1244 3137 1357 3218; x_wconf 33' lang='lat' dir='ltr'>&#39;fide</span> <span class='ocrx_word' id='word_1_476' title='bbox 1385 3137 1633 3234; x_wconf 75' lang='lat' dir='ltr'>perfecta</span> <span class='ocrx_word' id='word_1_477' title='bbox 1654 3163 1903 3216; x_wconf 83' lang='lat' dir='ltr'>fidelium</span> <span class='ocrx_word' id='word_1_478' title='bbox 1989 3137 2216 3213; x_wconf 80' lang='lat' dir='ltr'>viscitur</span> <span class='ocrx_word' id='word_1_479' title='bbox 2240 3170 2476 3226; x_wconf 90' lang='lat' dir='ltr'>operum</span> <span class='ocrx_word' id='word_1_480' title='bbox 2497 3156 2555 3205; x_wconf 88' lang='lat' dir='ltr'>et</span> <span class='ocrx_word' id='word_1_481' title='bbox 2585 3147 2840 3204; x_wconf 87' lang='lat' dir='ltr'>laborum</span> <span class='ocrx_word' id='word_1_482' title='bbox 2873 3145 3123 3199; x_wconf 84' lang='lat' dir='ltr'>ﬁdelium</span> <span class='ocrx_word' id='word_1_483' title='bbox 3146 3157 3399 3205; x_wconf 92' lang='lat' dir='ltr'>suorum,</span> <span class='ocrx_word' id='word_1_484' title='bbox 3442 3143 3498 3191; x_wconf 89' lang='lat' dir='ltr'>et</span> <span class='ocrx_word' id='word_1_485' title='bbox 3524 3137 3584 3190; x_wconf 87' lang='lat' dir='ltr'>in</span> 
     </span>
    </p>
   </div>
   <div class='ocr_carea' id='block_1_63' title="bbox 294 3250 1905 3323">
    <p class='ocr_par' dir='ltr' id='par_1_63' title="bbox 294 3250 1905 3323">
     <span class='ocr_line' id='line_1_63' title="bbox 294 3250 1905 3323; baseline -0.001 -17"><span class='ocrx_word' id='word_1_486' title='bbox 294 3250 409 3306; x_wconf 87' lang='lat' dir='ltr'>Dei</span> <span class='ocrx_word' id='word_1_487' title='bbox 438 3267 565 3305; x_wconf 90' lang='lat' dir='ltr'>cum</span> <span class='ocrx_word' id='word_1_488' title='bbox 596 3253 710 3305; x_wconf 84' lang='lat' dir='ltr'>vita</span> <span class='ocrx_word' id='word_1_489' title='bbox 736 3254 966 3323; x_wconf 89' lang='lat' dir='ltr'>optima.</span> <span class='ocrx_word' id='word_1_490' title='bbox 995 3254 1289 3307; x_wconf 86' lang='lat' dir='ltr'>Proferens</span> <span class='ocrx_word' id='word_1_491' title='bbox 1311 3270 1443 3323; x_wconf 89' lang='lat' dir='ltr'>ergo</span> <span class='ocrx_word' id='word_1_492' title='bbox 1472 3253 1773 3322; x_wconf 83' lang='lat' dir='ltr'>Apostolus</span> <span class='ocrx_word' id='word_1_493' title='bbox 1802 3253 1905 3305; x_wconf 89' lang='lat' dir='ltr'>hoc</span> 
     </span>
    </p>
   </div>
   <div class='ocr_carea' id='block_1_64' title="bbox 296 3340 1905 3411">
    <p class='ocr_par' dir='ltr' id='par_1_64' title="bbox 296 3340 1905 3411">
     <span class='ocr_line' id='line_1_64' title="bbox 296 3340 1905 3411; baseline 0.001 -18"><span class='ocrx_word' id='word_1_494' title='bbox 296 3341 626 3411; x_wconf 80' lang='lat' dir='ltr'>exemplum</span> <span class='ocrx_word' id='word_1_495' title='bbox 656 3341 724 3395; x_wconf 91' lang='lat' dir='ltr'>de</span> <span class='ocrx_word' id='word_1_496' title='bbox 756 3342 946 3395; x_wconf 87' lang='lat' dir='ltr'>anima</span> <span class='ocrx_word' id='word_1_497' title='bbox 986 3343 1220 3396; x_wconf 86' lang='lat' dir='ltr'>ﬂorente</span> <span class='ocrx_word' id='word_1_498' title='bbox 1252 3343 1309 3396; x_wconf 91' lang='lat' dir='ltr'>in</span> <span class='ocrx_word' id='word_1_499' title='bbox 1334 3340 1651 3407; x_wconf 88' lang='lat' dir='ltr'>virtutibus,</span> <span class='ocrx_word' id='word_1_500' title='bbox 1693 3341 1905 3411; x_wconf 89' lang='lat' dir='ltr'>Deique</span> 
     </span>
    </p>
   </div>
   <div class='ocr_carea' id='block_1_65' title="bbox 294 3428 1906 3501">
    <p class='ocr_par' dir='ltr' id='par_1_65' title="bbox 294 3428 1906 3501">
     <span class='ocr_line' id='line_1_65' title="bbox 294 3428 1906 3501; baseline 0.001 -20"><span class='ocrx_word' id='word_1_501' title='bbox 294 3428 696 3483; x_wconf 82' lang='lat' dir='ltr'>benedictione</span> <span class='ocrx_word' id='word_1_502' title='bbox 726 3430 914 3501; x_wconf 88' lang='lat' dir='ltr'>digna,</span> <span class='ocrx_word' id='word_1_503' title='bbox 940 3447 1067 3484; x_wconf 90' lang='lat' dir='ltr'>mox</span> <span class='ocrx_word' id='word_1_504' title='bbox 1088 3432 1375 3501; x_wconf 87' lang='lat' dir='ltr'>subjunxit</span> <span class='ocrx_word' id='word_1_505' title='bbox 1394 3431 1549 3484; x_wconf 88' lang='lat' dir='ltr'>aliud</span> <span class='ocrx_word' id='word_1_506' title='bbox 1577 3429 1906 3501; x_wconf 88' lang='lat' dir='ltr'>paradigma</span> 
     </span>
    </p>
   </div>
   <div class='ocr_carea' id='block_1_66' title="bbox 297 3517 1907 3592">
    <p class='ocr_par' dir='ltr' id='par_1_66' title="bbox 297 3517 1907 3592">
     <span class='ocr_line' id='line_1_66' title="bbox 297 3517 1907 3592; baseline 0 -20"><span class='ocrx_word' id='word_1_507' title='bbox 297 3518 379 3572; x_wconf 84' lang='lat' dir='ltr'>de</span> <span class='ocrx_word' id='word_1_508' title='bbox 410 3517 510 3570; x_wconf 89' lang='lat' dir='ltr'>illa</span> <span class='ocrx_word' id='word_1_509' title='bbox 538 3535 659 3589; x_wconf 73' lang='lat' dir='ltr'>quas</span> <span class='ocrx_word' id='word_1_510' title='bbox 688 3536 849 3574; x_wconf 89' lang='lat' dir='ltr'>suam</span> <span class='ocrx_word' id='word_1_511' title='bbox 874 3520 1109 3592; x_wconf 83' lang='lat' dir='ltr'>negligit</span> <span class='ocrx_word' id='word_1_512' title='bbox 1136 3521 1396 3582; x_wconf 82' lang='lat' dir='ltr'>salutem,</span> <span class='ocrx_word' id='word_1_513' title='bbox 1419 3520 1553 3574; x_wconf 91' lang='lat' dir='ltr'>dum</span> <span class='ocrx_word' id='word_1_514' title='bbox 1584 3521 1907 3591; x_wconf 86' lang='lat' dir='ltr'>frequenter</span> 
     </span>
    </p>
   </div>
   <div class='ocr_carea' id='block_1_67' title="bbox 297 3604 1651 3681">
    <p class='ocr_par' dir='ltr' id='par_1_67' title="bbox 297 3604 1651 3681">
     <span class='ocr_line' id='line_1_67' title="bbox 297 3604 1651 3681; baseline 0.002 -21"><span class='ocrx_word' id='word_1_515' title='bbox 297 3604 549 3660; x_wconf 88' lang='lat' dir='ltr'>imbrem</span> <span class='ocrx_word' id='word_1_516' title='bbox 577 3608 817 3662; x_wconf 60' lang='lat' dir='ltr'>celestis</span> <span class='ocrx_word' id='word_1_517' title='bbox 845 3610 1110 3663; x_wconf 68' lang='lat' dir='ltr'>doctrinae</span> <span class='ocrx_word' id='word_1_518' title='bbox 1139 3611 1314 3680; x_wconf 87' lang='lat' dir='ltr'>possit</span> <span class='ocrx_word' id='word_1_519' title='bbox 1334 3610 1616 3681; x_wconf 90' lang='lat' dir='ltr'>suscipere</span> <span class='ocrx_word' id='word_1_520' title='bbox 1641 3626 1651 3663; x_wconf 95' lang='lat'><strong>:</strong></span> 
     </span>
    </p>
   </div>
   <div class='ocr_carea' id='block_1_68' title="bbox 384 3697 1909 3766">
    <p class='ocr_par' dir='ltr' id='par_1_68' title="bbox 384 3697 1909 3766">
     <span class='ocr_line' id='line_1_68' title="bbox 384 3697 1909 3766; baseline 0.002 -19"><span class='ocrx_word' id='word_1_521' title='bbox 384 3697 672 3762; x_wconf 78' lang='lat' dir='ltr'>Proferens</span> <span class='ocrx_word' id='word_1_522' title='bbox 701 3703 885 3750; x_wconf 87' lang='lat' dir='ltr'>autem</span> <span class='ocrx_word' id='word_1_523' title='bbox 913 3701 1103 3766; x_wconf 83' lang='lat' dir='ltr'>spinas</span> <span class='ocrx_word' id='word_1_524' title='bbox 1126 3714 1191 3750; x_wconf 90' lang='lat' dir='ltr'>ac</span> <span class='ocrx_word' id='word_1_525' title='bbox 1214 3699 1463 3762; x_wconf 77' lang='lat' dir='ltr'>tribulos,</span> <span class='ocrx_word' id='word_1_526' title='bbox 1498 3698 1726 3764; x_wconf 81' lang='lat' dir='ltr'>reproba</span> <span class='ocrx_word' id='word_1_527' title='bbox 1755 3702 1828 3750; x_wconf 85' lang='lat' dir='ltr'>est</span> <span class='ocrx_word' id='word_1_528' title='bbox 1859 3703 1909 3750; x_wconf 81' lang='lat' dir='ltr'>et</span> 
     </span>
    </p>
   </div>
   <div class='ocr_carea' id='block_1_69' title="bbox 301 3785 1912 3865">
    <p class='ocr_par' dir='ltr' id='par_1_69' title="bbox 301 3785 1912 3865">
     <span class='ocr_line' id='line_1_69' title="bbox 301 3785 1912 3865; baseline 0.001 -28"><span class='ocrx_word' id='word_1_529' title='bbox 301 3785 694 3837; x_wconf 85' lang='lat' dir='ltr'>maledictioni</span> <span class='ocrx_word' id='word_1_530' title='bbox 718 3788 1001 3853; x_wconf 72' lang='lat' dir='ltr'>proxima.</span> <span class='ocrx_word' id='word_1_531' title='bbox 1042 3787 1150 3840; x_wconf 89' lang='lat' dir='ltr'>Per</span> <span class='ocrx_word' id='word_1_532' title='bbox 1177 3786 1365 3865; x_wconf 89' lang='lat' dir='ltr'>spinas</span> <span class='ocrx_word' id='word_1_533' title='bbox 1414 3802 1478 3839; x_wconf 85' lang='lat' dir='ltr'>ac</span> <span class='ocrx_word' id='word_1_534' title='bbox 1504 3786 1743 3839; x_wconf 90' lang='lat' dir='ltr'>tribulos</span> <span class='ocrx_word' id='word_1_535' title='bbox 1774 3801 1912 3855; x_wconf 89' lang='lat' dir='ltr'>pun-</span> 
     </span>
    </p>
   </div>
   <div class='ocr_carea' id='block_1_70' title="bbox 300 3871 1908 3947">
    <p class='ocr_par' dir='ltr' id='par_1_70' title="bbox 300 3871 1908 3947">
     <span class='ocr_line' id='line_1_70' title="bbox 300 3871 1908 3947; baseline 0.001 -22"><span class='ocrx_word' id='word_1_536' title='bbox 300 3871 527 3926; x_wconf 87' lang='lat' dir='ltr'>ctiones</span> <span class='ocrx_word' id='word_1_537' title='bbox 563 3879 918 3943; x_wconf 88' lang='lat' dir='ltr'>peccatorum</span> <span class='ocrx_word' id='word_1_538' title='bbox 975 3891 1274 3947; x_wconf 89' lang='lat' dir='ltr'>possumus</span> <span class='ocrx_word' id='word_1_539' title='bbox 1321 3874 1654 3944; x_wconf 85' lang='lat' dir='ltr'>intelligere,</span> <span class='ocrx_word' id='word_1_540' title='bbox 1706 3873 1908 3945; x_wconf 90' lang='lat' dir='ltr'>quibus</span> 
     </span>
    </p>
   </div>
   <div class='ocr_carea' id='block_1_71' title="bbox 299 3960 1906 4035">
    <p class='ocr_par' dir='ltr' id='par_1_71' title="bbox 299 3960 1906 4035">
     <span class='ocr_line' id='line_1_71' title="bbox 299 3960 1906 4035; baseline 0.001 -20"><span class='ocrx_word' id='word_1_541' title='bbox 299 3960 589 4031; x_wconf 88' lang='lat' dir='ltr'>pungitur</span> <span class='ocrx_word' id='word_1_542' title='bbox 629 3963 835 4029; x_wconf 88' lang='lat' dir='ltr'>anima,</span> <span class='ocrx_word' id='word_1_543' title='bbox 875 3963 945 4017; x_wconf 91' lang='lat' dir='ltr'>de</span> <span class='ocrx_word' id='word_1_544' title='bbox 977 3964 1177 4035; x_wconf 88' lang='lat' dir='ltr'>quibus</span> <span class='ocrx_word' id='word_1_545' title='bbox 1227 3964 1496 4017; x_wconf 89' lang='lat' dir='ltr'>Dominus</span> <span class='ocrx_word' id='word_1_546' title='bbox 1541 3964 1682 4017; x_wconf 82' lang='lat' dir='ltr'>dixit</span> <span class='ocrx_word' id='word_1_547' title='bbox 1717 3963 1852 4017; x_wconf 76' lang='lat' dir='ltr'>Adae</span> <span class='ocrx_word' id='word_1_548' title='bbox 1893 3980 1906 4015; x_wconf 87' lang='lat'><strong>:</strong></span> 
     </span>
    </p>
   </div>
   <div class='ocr_carea' id='block_1_72' title="bbox 308 4050 1911 4121">
    <p class='ocr_par' dir='ltr' id='par_1_72' title="bbox 308 4050 1911 4121">
     <span class='ocr_line' id='line_1_72' title="bbox 308 4050 1911 4121; baseline 0.001 -18"><span class='ocrx_word' id='word_1_549' title='bbox 308 4050 492 4103; x_wconf 85' lang='lat' dir='ltr'>Terra</span> <span class='ocrx_word' id='word_1_550' title='bbox 512 4053 610 4103; x_wconf 89' lang='lat' dir='ltr'>tua</span> <span class='ocrx_word' id='word_1_551' title='bbox 624 4054 813 4118; x_wconf 77' lang='lat' dir='ltr'>spinas</span> <span class='ocrx_word' id='word_1_552' title='bbox 831 4069 896 4105; x_wconf 89' lang='lat' dir='ltr'>ac</span> <span class='ocrx_word' id='word_1_553' title='bbox 911 4055 1141 4107; x_wconf 85' lang='lat' dir='ltr'>tribulos</span> <span class='ocrx_word' id='word_1_554' title='bbox 1161 4055 1497 4119; x_wconf 82' lang='lat' dir='ltr'>germinabit</span> <span class='ocrx_word' id='word_1_555' title='bbox 1513 4054 1612 4105; x_wconf 86' lang='lat' dir='ltr'>tibi</span> <span class='ocrx_word' id='word_1_556' title='bbox 1628 4053 1780 4121; x_wconf 85' lang='lat' dir='ltr'>(Gen.</span> <span class='ocrx_word' id='word_1_557' title='bbox 1806 4054 1911 4121; x_wconf 85' lang='grc' dir='ltr'><strong>ιιι),</strong></span> 
     </span>
    </p>
   </div>
   <div class='ocr_carea' id='block_1_73' title="bbox 304 4137 1917 4212">
    <p class='ocr_par' dir='ltr' id='par_1_73' title="bbox 304 4137 1917 4212">
     <span class='ocr_line' id='line_1_73' title="bbox 304 4137 1917 4212; baseline 0.001 -21"><span class='ocrx_word' id='word_1_558' title='bbox 304 4137 367 4192; x_wconf 88' lang='lat' dir='ltr'>id</span> <span class='ocrx_word' id='word_1_559' title='bbox 405 4144 509 4203; x_wconf 86' lang='lat' dir='ltr'>est,</span> <span class='ocrx_word' id='word_1_560' title='bbox 543 4156 673 4194; x_wconf 90' lang='lat' dir='ltr'>caro</span> <span class='ocrx_word' id='word_1_561' title='bbox 703 4146 803 4195; x_wconf 91' lang='lat' dir='ltr'>tua</span> <span class='ocrx_word' id='word_1_562' title='bbox 831 4141 1159 4212; x_wconf 88' lang='lat' dir='ltr'>punctiones</span> <span class='ocrx_word' id='word_1_563' title='bbox 1186 4147 1549 4212; x_wconf 87' lang='lat' dir='ltr'>peccatorum</span> <span class='ocrx_word' id='word_1_564' title='bbox 1593 4147 1649 4195; x_wconf 92' lang='lat' dir='ltr'>et</span> <span class='ocrx_word' id='word_1_565' title='bbox 1695 4141 1917 4195; x_wconf 88' lang='lat' dir='ltr'>aculeos</span> 
     </span>
    </p>
   </div>
   <div class='ocr_carea' id='block_1_74' title="bbox 304 4226 1912 4300">
    <p class='ocr_par' dir='ltr' id='par_1_74' title="bbox 304 4226 1912 4300">
     <span class='ocr_line' id='line_1_74' title="bbox 304 4226 1912 4300; baseline 0.001 -21"><span class='ocrx_word' id='word_1_566' title='bbox 304 4226 582 4280; x_wconf 84' lang='lat' dir='ltr'>vitiorum</span> <span class='ocrx_word' id='word_1_567' title='bbox 609 4229 853 4298; x_wconf 90' lang='lat' dir='ltr'>proferet</span> <span class='ocrx_word' id='word_1_568' title='bbox 881 4230 1004 4283; x_wconf 91' lang='lat' dir='ltr'>tibi.</span> <span class='ocrx_word' id='word_1_569' title='bbox 1036 4230 1159 4284; x_wconf 90' lang='lat' dir='ltr'>Sive</span> <span class='ocrx_word' id='word_1_570' title='bbox 1197 4246 1296 4300; x_wconf 90' lang='lat' dir='ltr'>per</span> <span class='ocrx_word' id='word_1_571' title='bbox 1324 4230 1514 4299; x_wconf 87' lang='lat' dir='ltr'>spinas</span> <span class='ocrx_word' id='word_1_572' title='bbox 1552 4234 1608 4282; x_wconf 86' lang='lat' dir='ltr'>et</span> <span class='ocrx_word' id='word_1_573' title='bbox 1659 4228 1912 4291; x_wconf 88' lang='lat' dir='ltr'>tribulos,</span> 
     </span>
    </p>
   </div>
   <div class='ocr_carea' id='block_1_75' title="bbox 308 4318 1919 4390">
    <p class='ocr_par' dir='ltr' id='par_1_75' title="bbox 308 4318 1919 4390">
     <span class='ocr_line' id='line_1_75' title="bbox 308 4318 1919 4390; baseline 0.001 -21"><span class='ocrx_word' id='word_1_574' title='bbox 308 4332 484 4370; x_wconf 88' lang='lat' dir='ltr'>curas</span> <span class='ocrx_word' id='word_1_575' title='bbox 512 4319 844 4389; x_wconf 87' lang='lat' dir='ltr'>superﬂuas,</span> <span class='ocrx_word' id='word_1_576' title='bbox 880 4318 1397 4390; x_wconf 90' lang='lat' dir='ltr'>sollicitudinesque</span> <span class='ocrx_word' id='word_1_577' title='bbox 1426 4318 1591 4372; x_wconf 89' lang='lat' dir='ltr'>istius</span> <span class='ocrx_word' id='word_1_578' title='bbox 1610 4318 1797 4372; x_wconf 65' lang='lat' dir='ltr'>saeculi</span> <span class='ocrx_word' id='word_1_579' title='bbox 1827 4318 1919 4371; x_wconf 89' lang='lat' dir='ltr'>de-</span> 
     </span>
    </p>
   </div>
   <div class='ocr_carea' id='block_1_76' title="bbox 310 4403 1920 4479">
    <p class='ocr_par' dir='ltr' id='par_1_76' title="bbox 310 4403 1920 4479">
     <span class='ocr_line' id='line_1_76' title="bbox 310 4403 1920 4479; baseline 0.002 -22"><span class='ocrx_word' id='word_1_580' title='bbox 310 4403 519 4459; x_wconf 90' lang='lat' dir='ltr'>bemus</span> <span class='ocrx_word' id='word_1_581' title='bbox 549 4407 819 4477; x_wconf 86' lang='lat' dir='ltr'>accipere,</span> <span class='ocrx_word' id='word_1_582' title='bbox 850 4408 919 4461; x_wconf 91' lang='lat' dir='ltr'>de</span> <span class='ocrx_word' id='word_1_583' title='bbox 969 4408 1170 4479; x_wconf 87' lang='lat' dir='ltr'>quibus</span> <span class='ocrx_word' id='word_1_584' title='bbox 1209 4407 1477 4462; x_wconf 90' lang='lat' dir='ltr'>Dominus</span> <span class='ocrx_word' id='word_1_585' title='bbox 1518 4407 1577 4460; x_wconf 91' lang='lat' dir='ltr'>in</span> <span class='ocrx_word' id='word_1_586' title='bbox 1619 4404 1920 4477; x_wconf 80' lang='lat' dir='ltr'>Evangelia</span> 
     </span>
    </p>
   </div>
   <div class='ocr_carea' id='block_1_77' title="bbox 311 4492 1921 4551">
    <p class='ocr_par' dir='ltr' id='par_1_77' title="bbox 311 4492 1921 4551">
     <span class='ocr_line' id='line_1_77' title="bbox 311 4492 1921 4551; baseline 0 -4"><span class='ocrx_word' id='word_1_587' title='bbox 311 4492 496 4547; x_wconf 89' lang='lat' dir='ltr'>dicit:</span> <span class='ocrx_word' id='word_1_588' title='bbox 529 4495 689 4549; x_wconf 58' lang='lat' dir='ltr'>Curae</span> <span class='ocrx_word' id='word_1_589' title='bbox 717 4496 881 4550; x_wconf 90' lang='lat' dir='ltr'>istius</span> <span class='ocrx_word' id='word_1_590' title='bbox 919 4497 1110 4551; x_wconf 68' lang='lat' dir='ltr'>seaculi</span> <span class='ocrx_word' id='word_1_591' title='bbox 1159 4500 1216 4550; x_wconf 91' lang='lat' dir='ltr'>et</span> <span class='ocrx_word' id='word_1_592' title='bbox 1254 4495 1659 4550; x_wconf 89' lang='lat' dir='ltr'>sollicitudines</span> <span class='ocrx_word' id='word_1_593' title='bbox 1700 4493 1921 4547; x_wconf 87' lang='lat' dir='ltr'>divitia-</span> 
     </span>
    </p>
   </div>
   <div class='ocr_carea' id='block_1_78' title="bbox 311 4583 1923 4651">
    <p class='ocr_par' dir='ltr' id='par_1_78' title="bbox 311 4583 1923 4651">
     <span class='ocr_line' id='line_1_78' title="bbox 311 4583 1923 4651; baseline 0 -16"><span class='ocrx_word' id='word_1_594' title='bbox 311 4598 446 4636; x_wconf 87' lang='lat' dir='ltr'>rum</span> <span class='ocrx_word' id='word_1_595' title='bbox 469 4583 746 4638; x_wconf 79' lang='lat' dir='ltr'>suﬂ&#39;ocant</span> <span class='ocrx_word' id='word_1_596' title='bbox 766 4586 1015 4651; x_wconf 83' lang='lat' dir='ltr'>verbum,</span> <span class='ocrx_word' id='word_1_597' title='bbox 1040 4586 1120 4639; x_wconf 88' lang='lat' dir='ltr'>ita</span> <span class='ocrx_word' id='word_1_598' title='bbox 1140 4590 1204 4639; x_wconf 90' lang='lat' dir='ltr'>ut</span> <span class='ocrx_word' id='word_1_599' title='bbox 1220 4585 1627 4639; x_wconf 87' lang='lat' dir='ltr'>infructuosum</span> <span class='ocrx_word' id='word_1_600' title='bbox 1652 4583 1923 4637; x_wconf 89' lang='lat' dir='ltr'>reddatur</span> 
     </span>
    </p>
   </div>
   <div class='ocr_carea' id='block_1_79' title="bbox 312 4671 1921 4749">
    <p class='ocr_par' dir='ltr' id='par_1_79' title="bbox 312 4671 1921 4749">
     <span class='ocr_line' id='line_1_79' title="bbox 312 4671 1921 4749; baseline -0.001 -24"><span class='ocrx_word' id='word_1_601' title='bbox 312 4671 543 4741; x_wconf 71' lang='lat' dir='ltr'>(Matth.</span> <span class='ocrx_word' id='word_1_602' title='bbox 592 4679 732 4741; x_wconf 86' lang='lat' dir='ltr'>xm).</span> <span class='ocrx_word' id='word_1_603' title='bbox 791 4675 995 4728; x_wconf 82' lang='lat' dir='ltr'>Anima</span> <span class='ocrx_word' id='word_1_604' title='bbox 1032 4674 1204 4745; x_wconf 87' lang='lat' dir='ltr'>igitur</span> <span class='ocrx_word' id='word_1_605' title='bbox 1259 4675 1549 4749; x_wconf 89' lang='lat' dir='ltr'>proferens</span> <span class='ocrx_word' id='word_1_606' title='bbox 1592 4672 1921 4744; x_wconf 84' lang='lat' dir='ltr'>punctiones</span> 
     </span>
    </p>
   </div>
   <div class='ocr_carea' id='block_1_80' title="bbox 314 4760 1924 4833">
    <p class='ocr_par' dir='ltr' id='par_1_80' title="bbox 314 4760 1924 4833">
     <span class='ocr_line' id='line_1_80' title="bbox 314 4760 1924 4833; baseline 0 -20"><span class='ocrx_word' id='word_1_607' title='bbox 314 4766 705 4830; x_wconf 87' lang='lat' dir='ltr'>peccatorum,</span> <span class='ocrx_word' id='word_1_608' title='bbox 728 4762 986 4833; x_wconf 84' lang='lat' dir='ltr'>curisque</span> <span class='ocrx_word' id='word_1_609' title='bbox 1008 4764 1193 4818; x_wconf 64' lang='lat' dir='ltr'>saeculi</span> <span class='ocrx_word' id='word_1_610' title='bbox 1225 4768 1281 4817; x_wconf 90' lang='lat' dir='ltr'>et</span> <span class='ocrx_word' id='word_1_611' title='bbox 1300 4761 1769 4825; x_wconf 88' lang='lat' dir='ltr'>sollicitudinibus</span> <span class='ocrx_word' id='word_1_612' title='bbox 1789 4760 1924 4814; x_wconf 90' lang='lat' dir='ltr'>divi-</span> 
     </span>
    </p>
   </div>
   <div class='ocr_carea' id='block_1_81' title="bbox 316 4849 1926 4923">
    <p class='ocr_par' dir='ltr' id='par_1_81' title="bbox 316 4849 1926 4923">
     <span class='ocr_line' id='line_1_81' title="bbox 316 4849 1926 4923; baseline 0.001 -22"><span class='ocrx_word' id='word_1_613' title='bbox 316 4849 535 4902; x_wconf 87' lang='lat' dir='ltr'>tiarum</span> <span class='ocrx_word' id='word_1_614' title='bbox 579 4862 869 4922; x_wconf 86' lang='lat' dir='ltr'>occupata,</span> <span class='ocrx_word' id='word_1_615' title='bbox 920 4851 1161 4923; x_wconf 87' lang='lat' dir='ltr'>reproba</span> <span class='ocrx_word' id='word_1_616' title='bbox 1204 4857 1309 4917; x_wconf 91' lang='lat' dir='ltr'>est,</span> <span class='ocrx_word' id='word_1_617' title='bbox 1354 4851 1458 4905; x_wconf 90' lang='lat' dir='ltr'>hoc</span> <span class='ocrx_word' id='word_1_618' title='bbox 1494 4858 1596 4916; x_wconf 89' lang='lat' dir='ltr'>est,</span> <span class='ocrx_word' id='word_1_619' title='bbox 1643 4850 1807 4904; x_wconf 89' lang='lat' dir='ltr'>laude</span> <span class='ocrx_word' id='word_1_620' title='bbox 1842 4850 1926 4903; x_wconf 81' lang='lat' dir='ltr'>in-</span> 
     </span>
    </p>
   </div>
   <div class='ocr_carea' id='block_1_82' title="bbox 318 4937 1929 5012">
    <p class='ocr_par' dir='ltr' id='par_1_82' title="bbox 318 4937 1929 5012">
     <span class='ocr_line' id='line_1_82' title="bbox 318 4937 1929 5012; baseline 0.001 -22"><span class='ocrx_word' id='word_1_621' title='bbox 318 4938 499 5009; x_wconf 86' lang='lat' dir='ltr'>digna</span> <span class='ocrx_word' id='word_1_622' title='bbox 527 4943 586 4992; x_wconf 90' lang='lat' dir='ltr'>et</span> <span class='ocrx_word' id='word_1_623' title='bbox 614 4941 992 4995; x_wconf 89' lang='lat' dir='ltr'>maledictioni</span> <span class='ocrx_word' id='word_1_624' title='bbox 1031 4942 1302 5012; x_wconf 84' lang='lat' dir='ltr'>proxima.</span> <span class='ocrx_word' id='word_1_625' title='bbox 1335 4940 1769 5011; x_wconf 89' lang='lat' dir='ltr'>Notandumque</span> <span class='ocrx_word' id='word_1_626' title='bbox 1796 4937 1929 5009; x_wconf 88' lang='lat' dir='ltr'>quia</span> 
     </span>
    </p>
   </div>
   <div class='ocr_carea' id='block_1_83' title="bbox 318 5025 1924 5098">
    <p class='ocr_par' dir='ltr' id='par_1_83' title="bbox 318 5025 1924 5098">
     <span class='ocr_line' id='line_1_83' title="bbox 318 5025 1924 5098; baseline -0.001 -20"><span class='ocrx_word' id='word_1_627' title='bbox 318 5041 441 5079; x_wconf 88' lang='lat' dir='ltr'>non</span> <span class='ocrx_word' id='word_1_628' title='bbox 456 5025 624 5096; x_wconf 84' lang='lat' dir='ltr'>dixit,</span> <span class='ocrx_word' id='word_1_629' title='bbox 646 5029 947 5083; x_wconf 88' lang='lat' dir='ltr'>maledicta</span> <span class='ocrx_word' id='word_1_630' title='bbox 978 5034 1082 5092; x_wconf 90' lang='lat' dir='ltr'>est,</span> <span class='ocrx_word' id='word_1_631' title='bbox 1106 5029 1204 5082; x_wconf 89' lang='lat' dir='ltr'>sed</span> <span class='ocrx_word' id='word_1_632' title='bbox 1243 5027 1623 5081; x_wconf 86' lang='lat' dir='ltr'>maledictioni</span> <span class='ocrx_word' id='word_1_633' title='bbox 1650 5025 1924 5098; x_wconf 85' lang='lat' dir='ltr'>proxima.</span> 
     </span>
    </p>
   </div>
   <div class='ocr_carea' id='block_1_84' title="bbox 1986 3234 3582 3315">
    <p class='ocr_par' dir='ltr' id='par_1_84' title="bbox 1986 3234 3582 3315">
     <span class='ocr_line' id='line_1_84' title="bbox 1986 3234 3582 3315; baseline -0.013 -13"><span class='ocrx_word' id='word_1_634' title='bbox 1986 3248 2092 3301; x_wconf 90' lang='lat' dir='ltr'>hoc</span> <span class='ocrx_word' id='word_1_635' title='bbox 2117 3252 2200 3299; x_wconf 91' lang='lat' dir='ltr'>est</span> <span class='ocrx_word' id='word_1_636' title='bbox 2220 3246 2430 3315; x_wconf 89' lang='lat' dir='ltr'>justus,</span> <span class='ocrx_word' id='word_1_637' title='bbox 2456 3240 2591 3311; x_wconf 90' lang='lat' dir='ltr'>quia</span> <span class='ocrx_word' id='word_1_638' title='bbox 2619 3240 2944 3291; x_wconf 89' lang='lat' dir='ltr'>remunerat</span> <span class='ocrx_word' id='word_1_639' title='bbox 2969 3234 3174 3287; x_wconf 88' lang='lat' dir='ltr'>electos</span> <span class='ocrx_word' id='word_1_640' title='bbox 3220 3246 3351 3283; x_wconf 83' lang='lat' dir='ltr'>suos</span> <span class='ocrx_word' id='word_1_641' title='bbox 3393 3243 3492 3298; x_wconf 86' lang='lat' dir='ltr'>pro</span> <span class='ocrx_word' id='word_1_642' title='bbox 3521 3241 3582 3281; x_wconf 86' lang='lat' dir='ltr'>se</span> 
     </span>
    </p>
   </div>
   <div class='ocr_carea' id='block_1_85' title="bbox 1985 3317 3579 3391">
    <p class='ocr_par' dir='ltr' id='par_1_85' title="bbox 1985 3317 3579 3391">
     <span class='ocr_line' id='line_1_85' title="bbox 1985 3317 3579 3391; baseline -0.014 0"><span class='ocrx_word' id='word_1_643' title='bbox 1985 3337 2329 3391; x_wconf 88' lang='lat' dir='ltr'>laborantes.</span> <span class='ocrx_word' id='word_1_644' title='bbox 2351 3331 2412 3386; x_wconf 86' lang='lat' dir='ltr'>Si</span> <span class='ocrx_word' id='word_1_645' title='bbox 2439 3329 2587 3383; x_wconf 89' lang='lat' dir='ltr'>enim</span> <span class='ocrx_word' id='word_1_646' title='bbox 2618 3324 3039 3381; x_wconf 89' lang='lat' dir='ltr'>oblivisceretur</span> <span class='ocrx_word' id='word_1_647' title='bbox 3067 3335 3301 3391; x_wconf 90' lang='lat' dir='ltr'>operum</span> <span class='ocrx_word' id='word_1_648' title='bbox 3332 3317 3579 3379; x_wconf 89' lang='lat' dir='ltr'>illorum,</span> 
     </span>
    </p>
   </div>
   <div class='ocr_carea' id='block_1_86' title="bbox 1988 3411 3583 3483">
    <p class='ocr_par' dir='ltr' id='par_1_86' title="bbox 1988 3411 3583 3483">
     <span class='ocr_line' id='line_1_86' title="bbox 1988 3411 3583 3483; baseline -0.014 -3"><span class='ocrx_word' id='word_1_649' title='bbox 1988 3442 2090 3480; x_wconf 91' lang='lat' dir='ltr'>nec</span> <span class='ocrx_word' id='word_1_650' title='bbox 2116 3440 2212 3478; x_wconf 90' lang='lat' dir='ltr'>eos</span> <span class='ocrx_word' id='word_1_651' title='bbox 2241 3423 2647 3481; x_wconf 86' lang='lat' dir='ltr'>remuneraret,</span> <span class='ocrx_word' id='word_1_652' title='bbox 2678 3421 2965 3482; x_wconf 89' lang='lat' dir='ltr'>utcunque</span> <span class='ocrx_word' id='word_1_653' title='bbox 2993 3411 3239 3483; x_wconf 85' lang='lat' dir='ltr'>injustus</span> <span class='ocrx_word' id='word_1_654' title='bbox 3266 3411 3583 3478; x_wconf 87' lang='lat' dir='ltr'>putaretur,</span> 
     </span>
    </p>
   </div>
   <div class='ocr_carea' id='block_1_87' title="bbox 1990 3494 3579 3587">
    <p class='ocr_par' dir='ltr' id='par_1_87' title="bbox 1990 3494 3579 3587">
     <span class='ocr_line' id='line_1_87' title="bbox 1990 3494 3579 3587; baseline -0.016 -17"><span class='ocrx_word' id='word_1_655' title='bbox 1990 3514 2138 3587; x_wconf 90' lang='lat' dir='ltr'>quod</span> <span class='ocrx_word' id='word_1_656' title='bbox 2181 3511 2413 3567; x_wconf 90' lang='lat' dir='ltr'>omnino</span> <span class='ocrx_word' id='word_1_657' title='bbox 2456 3506 2611 3561; x_wconf 87' lang='lat' dir='ltr'>nefas</span> <span class='ocrx_word' id='word_1_658' title='bbox 2641 3496 2747 3558; x_wconf 82' lang='lat' dir='ltr'>est</span> <span class='ocrx_word' id='word_1_659' title='bbox 2794 3501 3001 3555; x_wconf 90' lang='lat' dir='ltr'>dicere.</span> <span class='ocrx_word' id='word_1_660' title='bbox 3046 3497 3205 3554; x_wconf 90' lang='lat' dir='ltr'>Unde</span> <span class='ocrx_word' id='word_1_661' title='bbox 3233 3494 3533 3567; x_wconf 90' lang='lat' dir='ltr'>Apostolus</span> <span class='ocrx_word' id='word_1_662' title='bbox 3568 3510 3579 3544; x_wconf 91' lang='lat'><strong>:</strong></span> 
     </span>
    </p>
   </div>
   <div class='ocr_carea' id='block_1_88' title="bbox 1991 3581 3585 3671">
    <p class='ocr_par' dir='ltr' id='par_1_88' title="bbox 1991 3581 3585 3671">
     <span class='ocr_line' id='line_1_88' title="bbox 1991 3581 3585 3671; baseline -0.014 -14"><span class='ocrx_word' id='word_1_663' title='bbox 1991 3581 2135 3666; x_wconf 35' lang='lat' dir='ltr'>l‘Von,</span> <span class='ocrx_word' id='word_1_664' title='bbox 2158 3601 2363 3671; x_wconf 89' lang='lat' dir='ltr'>inquit,</span> <span class='ocrx_word' id='word_1_665' title='bbox 2386 3599 2631 3669; x_wconf 89' lang='lat' dir='ltr'>injustus</span> <span class='ocrx_word' id='word_1_666' title='bbox 2644 3600 2729 3649; x_wconf 89' lang='lat' dir='ltr'>est</span> <span class='ocrx_word' id='word_1_667' title='bbox 2740 3596 2907 3656; x_wconf 89' lang='lat' dir='ltr'>Deus,</span> <span class='ocrx_word' id='word_1_668' title='bbox 2926 3598 2991 3646; x_wconf 92' lang='lat' dir='ltr'>ut</span> <span class='ocrx_word' id='word_1_669' title='bbox 3013 3588 3375 3645; x_wconf 88' lang='lat' dir='ltr'>obliviscatur</span> <span class='ocrx_word' id='word_1_670' title='bbox 3400 3581 3585 3654; x_wconf 88' lang='lat' dir='ltr'>operis</span> 
     </span>
    </p>
   </div>
   <div class='ocr_carea' id='block_1_89' title="bbox 1991 3671 3588 3765">
    <p class='ocr_par' dir='ltr' id='par_1_89' title="bbox 1991 3671 3588 3765">
     <span class='ocr_line' id='line_1_89' title="bbox 1991 3671 3588 3765; baseline -0.014 -21"><span class='ocrx_word' id='word_1_671' title='bbox 1991 3690 2309 3759; x_wconf 86' lang='lat' dir='ltr'>laborisque</span> <span class='ocrx_word' id='word_1_672' title='bbox 2349 3686 2537 3749; x_wconf 85' lang='lat' dir='ltr'>vestri,</span> <span class='ocrx_word' id='word_1_673' title='bbox 2598 3690 2655 3738; x_wconf 91' lang='lat' dir='ltr'>et</span> <span class='ocrx_word' id='word_1_674' title='bbox 2696 3681 3012 3736; x_wconf 89' lang='lat' dir='ltr'>dilectionis</span> <span class='ocrx_word' id='word_1_675' title='bbox 3051 3693 3219 3765; x_wconf 80' lang='lat' dir='ltr'>quam</span> <span class='ocrx_word' id='word_1_676' title='bbox 3262 3671 3588 3729; x_wconf 90' lang='lat' dir='ltr'>ostendistis</span> 
     </span>
    </p>
   </div>
   <div class='ocr_carea' id='block_1_90' title="bbox 1995 3757 3588 3851">
    <p class='ocr_par' dir='ltr' id='par_1_90' title="bbox 1995 3757 3588 3851">
     <span class='ocr_line' id='line_1_90' title="bbox 1995 3757 3588 3851; baseline -0.014 -18"><span class='ocrx_word' id='word_1_677' title='bbox 1995 3796 2094 3851; x_wconf 89' lang='lat' dir='ltr'>pro</span> <span class='ocrx_word' id='word_1_678' title='bbox 2124 3792 2317 3832; x_wconf 89' lang='lat' dir='ltr'>amore</span> <span class='ocrx_word' id='word_1_679' title='bbox 2342 3774 2585 3829; x_wconf 87' lang='lat' dir='ltr'>nominis</span> <span class='ocrx_word' id='word_1_680' title='bbox 2604 3773 2726 3843; x_wconf 89' lang='lat' dir='ltr'>ejus</span> <span class='ocrx_word' id='word_1_681' title='bbox 2748 3772 2806 3823; x_wconf 90' lang='lat' dir='ltr'>in</span> <span class='ocrx_word' id='word_1_682' title='bbox 2826 3757 3145 3823; x_wconf 28' lang='lat' dir='ltr'>invicem‘et</span> <span class='ocrx_word' id='word_1_683' title='bbox 3164 3766 3219 3819; x_wconf 90' lang='lat' dir='ltr'>in</span> <span class='ocrx_word' id='word_1_684' title='bbox 3243 3779 3458 3823; x_wconf 91' lang='lat' dir='ltr'>omnes,</span> <span class='ocrx_word' id='word_1_685' title='bbox 3491 3757 3588 3829; x_wconf 89' lang='lat' dir='ltr'>qui</span> 
     </span>
    </p>
   </div>
   <div class='ocr_carea' id='block_1_91' title="bbox 1991 3852 3588 3939">
    <p class='ocr_par' dir='ltr' id='par_1_91' title="bbox 1991 3852 3588 3939">
     <span class='ocr_line' id='line_1_91' title="bbox 1991 3852 3588 3939; baseline -0.014 -17"><span class='ocrx_word' id='word_1_686' title='bbox 1991 3864 2353 3922; x_wconf 88' lang='lat' dir='ltr'>ministrastis</span> <span class='ocrx_word' id='word_1_687' title='bbox 2399 3863 2625 3939; x_wconf 87' lang='lat' dir='ltr'>sanctis,</span> <span class='ocrx_word' id='word_1_688' title='bbox 2667 3866 2724 3914; x_wconf 91' lang='lat' dir='ltr'>et</span> <span class='ocrx_word' id='word_1_689' title='bbox 2754 3860 2937 3913; x_wconf 88' lang='lat' dir='ltr'>adhuc</span> <span class='ocrx_word' id='word_1_690' title='bbox 2977 3855 3285 3911; x_wconf 88' lang='lat' dir='ltr'>secundum</span> <span class='ocrx_word' id='word_1_691' title='bbox 3340 3852 3588 3927; x_wconf 79' lang='lat' dir='ltr'>vestrum</span> 
     </span>
    </p>
   </div>
   <div class='ocr_carea' id='block_1_92' title="bbox 1994 3939 3589 4028">
    <p class='ocr_par' dir='ltr' id='par_1_92' title="bbox 1994 3939 3589 4028">
     <span class='ocr_line' id='line_1_92' title="bbox 1994 3939 3589 4028; baseline -0.013 -17"><span class='ocrx_word' id='word_1_692' title='bbox 1994 3972 2156 4028; x_wconf 91' lang='lat' dir='ltr'>posse</span> <span class='ocrx_word' id='word_1_693' title='bbox 2179 3952 2529 4021; x_wconf 85' lang='lat' dir='ltr'>ministratis.</span> <span class='ocrx_word' id='word_1_694' title='bbox 2547 3952 2629 4005; x_wconf 91' lang='lat' dir='ltr'>De</span> <span class='ocrx_word' id='word_1_695' title='bbox 2657 3949 2768 4003; x_wconf 90' lang='lat' dir='ltr'>illis</span> <span class='ocrx_word' id='word_1_696' title='bbox 2784 3947 2994 4002; x_wconf 87' lang='lat' dir='ltr'>sanctis</span> <span class='ocrx_word' id='word_1_697' title='bbox 3016 3945 3168 4013; x_wconf 78' lang='lat' dir='ltr'>dicit,</span> <span class='ocrx_word' id='word_1_698' title='bbox 3190 3942 3285 4013; x_wconf 91' lang='lat' dir='ltr'>qui</span> <span class='ocrx_word' id='word_1_699' title='bbox 3304 3939 3589 3995; x_wconf 87' lang='lat' dir='ltr'>venientes</span> 
     </span>
    </p>
   </div>
   <div class='ocr_carea' id='block_1_93' title="bbox 1998 4027 3586 4109">
    <p class='ocr_par' dir='ltr' id='par_1_93' title="bbox 1998 4027 3586 4109">
     <span class='ocr_line' id='line_1_93' title="bbox 1998 4027 3586 4109; baseline -0.014 -8"><span class='ocrx_word' id='word_1_700' title='bbox 1998 4027 2069 4101; x_wconf 70' lang='lat' dir='ltr'>ad</span> <span class='ocrx_word' id='word_1_701' title='bbox 2094 4045 2261 4099; x_wconf 83' lang='lat' dir='ltr'>ﬁdem</span> <span class='ocrx_word' id='word_1_702' title='bbox 2316 4040 2545 4105; x_wconf 89' lang='lat' dir='ltr'>Christi,</span> <span class='ocrx_word' id='word_1_703' title='bbox 2579 4037 2873 4109; x_wconf 88' lang='lat' dir='ltr'>exspoliati</span> <span class='ocrx_word' id='word_1_704' title='bbox 2922 4040 3054 4089; x_wconf 88' lang='lat' dir='ltr'>sunt</span> <span class='ocrx_word' id='word_1_705' title='bbox 3089 4033 3158 4087; x_wconf 89' lang='lat' dir='ltr'>ab</span> <span class='ocrx_word' id='word_1_706' title='bbox 3194 4031 3319 4085; x_wconf 89' lang='lat' dir='ltr'>aliis</span> <span class='ocrx_word' id='word_1_707' title='bbox 3359 4027 3586 4091; x_wconf 69' lang='lat' dir='ltr'>Iudaeis,</span> 
     </span>
    </p>
   </div>
   <div class='ocr_carea' id='block_1_94' title="bbox 2000 4118 3592 4206">
    <p class='ocr_par' dir='ltr' id='par_1_94' title="bbox 2000 4118 3592 4206">
     <span class='ocr_line' id='line_1_94' title="bbox 2000 4118 3592 4206; baseline -0.013 -17"><span class='ocrx_word' id='word_1_708' title='bbox 2000 4151 2140 4206; x_wconf 90' lang='lat' dir='ltr'>quos</span> <span class='ocrx_word' id='word_1_709' title='bbox 2163 4133 2361 4188; x_wconf 87' lang='lat' dir='ltr'>laudat</span> <span class='ocrx_word' id='word_1_710' title='bbox 2381 4131 2437 4184; x_wconf 92' lang='lat' dir='ltr'>in</span> <span class='ocrx_word' id='word_1_711' title='bbox 2458 4130 2563 4184; x_wconf 89' lang='lat' dir='ltr'>hac</span> <span class='ocrx_word' id='word_1_712' title='bbox 2584 4126 2855 4199; x_wconf 86' lang='lat' dir='ltr'>Epistola,</span> <span class='ocrx_word' id='word_1_713' title='bbox 2880 4124 3070 4178; x_wconf 90' lang='lat' dir='ltr'>dicens</span> <span class='ocrx_word' id='word_1_714' title='bbox 3102 4142 3112 4175; x_wconf 90' lang='lat'>:</span> <span class='ocrx_word' id='word_1_715' title='bbox 3138 4122 3276 4188; x_wconf 82' lang='lat' dir='ltr'>Rapi</span> <span class='ocrx_word' id='word_1_716' title='bbox 3281 4134 3413 4172; x_wconf 89' lang='lat' dir='ltr'>nam</span> <span class='ocrx_word' id='word_1_717' title='bbox 3434 4118 3592 4170; x_wconf 89' lang='lat' dir='ltr'>bono-</span> 
     </span>
    </p>
   </div>
   <div class='ocr_carea' id='block_1_95' title="bbox 1998 4207 3596 4287">
    <p class='ocr_par' dir='ltr' id='par_1_95' title="bbox 1998 4207 3596 4287">
     <span class='ocr_line' id='line_1_95' title="bbox 1998 4207 3596 4287; baseline -0.013 -10"><span class='ocrx_word' id='word_1_718' title='bbox 1998 4238 2131 4276; x_wconf 84' lang='lat' dir='ltr'>rum</span> <span class='ocrx_word' id='word_1_719' title='bbox 2160 4213 2465 4287; x_wconf 66' lang='lat' dir='ltr'>uestrorum</span> <span class='ocrx_word' id='word_1_720' title='bbox 2488 4233 2615 4271; x_wconf 85' lang='lat' dir='ltr'>cum.</span> <span class='ocrx_word' id='word_1_721' title='bbox 2648 4216 2851 4283; x_wconf 85' lang='lat' dir='ltr'>gaudio</span> <span class='ocrx_word' id='word_1_722' title='bbox 2879 4212 3184 4279; x_wconf 81' lang='lat' dir='ltr'>suscepistis</span> <span class='ocrx_word' id='word_1_723' title='bbox 3217 4208 3395 4275; x_wconf 81' lang='lat' dir='ltr'>(Hebr.</span> <span class='ocrx_word' id='word_1_724' title='bbox 3418 4213 3467 4266; x_wconf 75' lang='grc' dir='ltr'><strong>κ)</strong></span> <span class='ocrx_word' id='word_1_725' title='bbox 3496 4220 3506 4254; x_wconf 88' lang='lat'><strong>:</strong></span> <span class='ocrx_word' id='word_1_726' title='bbox 3538 4207 3596 4256; x_wconf 90' lang='lat' dir='ltr'>et</span> 
     </span>
    </p>
   </div>
   <div class='ocr_carea' id='block_1_96' title="bbox 2001 4298 3597 4383">
    <p class='ocr_par' dir='ltr' id='par_1_96' title="bbox 2001 4298 3597 4383">
     <span class='ocr_line' id='line_1_96' title="bbox 2001 4298 3597 4383; baseline -0.014 -15"><span class='ocrx_word' id='word_1_727' title='bbox 2001 4315 2070 4368; x_wconf 91' lang='lat' dir='ltr'>de</span> <span class='ocrx_word' id='word_1_728' title='bbox 2092 4312 2294 4383; x_wconf 90' lang='lat' dir='ltr'>quibus</span> <span class='ocrx_word' id='word_1_729' title='bbox 2326 4309 2502 4364; x_wconf 89' lang='lat' dir='ltr'>Isaias</span> <span class='ocrx_word' id='word_1_730' title='bbox 2532 4308 2698 4376; x_wconf 88' lang='lat' dir='ltr'>longe</span> <span class='ocrx_word' id='word_1_731' title='bbox 2727 4308 2858 4358; x_wconf 86' lang='lat' dir='ltr'>ante</span> <span class='ocrx_word' id='word_1_732' title='bbox 2887 4301 3221 4373; x_wconf 67' lang='lat' dir='ltr'>praedixerat</span> <span class='ocrx_word' id='word_1_733' title='bbox 3249 4313 3259 4348; x_wconf 92' lang='lat'>:</span> <span class='ocrx_word' id='word_1_734' title='bbox 3298 4298 3358 4351; x_wconf 81' lang='lat' dir='ltr'>Et</span> <span class='ocrx_word' id='word_1_735' title='bbox 3388 4298 3488 4364; x_wconf 85' lang='lat' dir='ltr'>qui</span> <span class='ocrx_word' id='word_1_736' title='bbox 3514 4308 3597 4347; x_wconf 89' lang='lat' dir='ltr'>re-</span> 
     </span>
    </p>
   </div>
   <div class='ocr_carea' id='block_1_97' title="bbox 1976 4382 3602 4469">
    <p class='ocr_par' dir='ltr' id='par_1_97' title="bbox 1976 4382 3602 4469">
     <span class='ocr_line' id='line_1_97' title="bbox 1976 4382 3602 4469; baseline -0.013 -13"><span class='ocrx_word' id='word_1_737' title='bbox 1976 4382 2180 4467; x_wconf 52' lang='lat' dir='ltr'>&#39;cessit,</span> <span class='ocrx_word' id='word_1_738' title='bbox 2226 4399 2506 4469; x_wconf 89' lang='lat' dir='ltr'>inquiens,</span> <span class='ocrx_word' id='word_1_739' title='bbox 2557 4413 2591 4449; x_wconf 92' lang='lat' dir='ltr'>a</span> <span class='ocrx_word' id='word_1_740' title='bbox 2634 4396 2782 4447; x_wconf 88' lang='lat' dir='ltr'>malo</span> <span class='ocrx_word' id='word_1_741' title='bbox 2813 4391 3140 4445; x_wconf 72' lang='lat' dir='ltr'>Judeeorum</span> <span class='ocrx_word' id='word_1_742' title='bbox 3169 4386 3370 4459; x_wconf 62' lang='lat' dir='ltr'>praedae</span> <span class='ocrx_word' id='word_1_743' title='bbox 3415 4382 3602 4454; x_wconf 88' lang='lat' dir='ltr'>patuit</span> 
     </span>
    </p>
   </div>
   <div class='ocr_carea' id='block_1_98' title="bbox 2007 4470 3597 4561">
    <p class='ocr_par' dir='ltr' id='par_1_98' title="bbox 2007 4470 3597 4561">
     <span class='ocr_line' id='line_1_98' title="bbox 2007 4470 3597 4561; baseline -0.013 -16"><span class='ocrx_word' id='word_1_744' title='bbox 2007 4493 2130 4561; x_wconf 73' lang='lat' dir='ltr'>Usa.</span> <span class='ocrx_word' id='word_1_745' title='bbox 2164 4491 2297 4555; x_wconf 69' lang='lat' dir='ltr'>LIX).</span> <span class='ocrx_word' id='word_1_746' title='bbox 2339 4487 2468 4542; x_wconf 90' lang='lat' dir='ltr'>lstis</span> <span class='ocrx_word' id='word_1_747' title='bbox 2498 4484 2704 4539; x_wconf 83' lang='lat' dir='ltr'>talibus</span> <span class='ocrx_word' id='word_1_748' title='bbox 2735 4480 3074 4552; x_wconf 85' lang='lat' dir='ltr'>exspoliatis,</span> <span class='ocrx_word' id='word_1_749' title='bbox 3109 4477 3167 4531; x_wconf 88' lang='lat' dir='ltr'>hi</span> <span class='ocrx_word' id='word_1_750' title='bbox 3199 4476 3297 4547; x_wconf 91' lang='lat' dir='ltr'>qui</span> <span class='ocrx_word' id='word_1_751' title='bbox 3324 4486 3438 4528; x_wconf 87' lang='lat' dir='ltr'>non</span> <span class='ocrx_word' id='word_1_752' title='bbox 3475 4470 3597 4526; x_wconf 87' lang='lat' dir='ltr'>fue-</span> 
     </span>
    </p>
   </div>
   <div class='ocr_carea' id='block_1_99' title="bbox 2005 4563 3600 4651">
    <p class='ocr_par' dir='ltr' id='par_1_99' title="bbox 2005 4563 3600 4651">
     <span class='ocr_line' id='line_1_99' title="bbox 2005 4563 3600 4651; baseline -0.013 -18"><span class='ocrx_word' id='word_1_753' title='bbox 2005 4584 2135 4632; x_wconf 89' lang='lat' dir='ltr'>rant</span> <span class='ocrx_word' id='word_1_754' title='bbox 2162 4575 2471 4647; x_wconf 81' lang='lat' dir='ltr'>ex3poliati,</span> <span class='ocrx_word' id='word_1_755' title='bbox 2497 4578 2666 4651; x_wconf 89' lang='lat' dir='ltr'>prout</span> <span class='ocrx_word' id='word_1_756' title='bbox 2695 4577 2955 4642; x_wconf 87' lang='lat' dir='ltr'>poterant</span> <span class='ocrx_word' id='word_1_757' title='bbox 2984 4565 3399 4620; x_wconf 88' lang='lat' dir='ltr'>ministrabant.</span> <span class='ocrx_word' id='word_1_758' title='bbox 3415 4563 3600 4626; x_wconf 86' lang='lat' dir='ltr'>Quare</span> 
     </span>
    </p>
   </div>
   <div class='ocr_carea' id='block_1_100' title="bbox 2005 4651 3600 4736">
    <p class='ocr_par' dir='ltr' id='par_1_100' title="bbox 2005 4651 3600 4736">
     <span class='ocr_line' id='line_1_100' title="bbox 2005 4651 3600 4736; baseline -0.011 -17"><span class='ocrx_word' id='word_1_759' title='bbox 2005 4683 2133 4721; x_wconf 88' lang='lat' dir='ltr'>vero</span> <span class='ocrx_word' id='word_1_760' title='bbox 2165 4670 2509 4736; x_wconf 89' lang='lat' dir='ltr'>quantumve</span> <span class='ocrx_word' id='word_1_761' title='bbox 2534 4659 2874 4715; x_wconf 86' lang='lat' dir='ltr'>desiderium</span> <span class='ocrx_word' id='word_1_762' title='bbox 2913 4656 3148 4709; x_wconf 86' lang='lat' dir='ltr'>haberet</span> <span class='ocrx_word' id='word_1_763' title='bbox 3175 4653 3245 4706; x_wconf 91' lang='lat' dir='ltr'>de</span> <span class='ocrx_word' id='word_1_764' title='bbox 3289 4651 3469 4705; x_wconf 88' lang='lat' dir='ltr'>salute</span> <span class='ocrx_word' id='word_1_765' title='bbox 3502 4663 3600 4702; x_wconf 86' lang='lat' dir='ltr'>eo-</span> 
     </span>
    </p>
   </div>
   <div class='ocr_carea' id='block_1_101' title="bbox 2004 4736 3601 4826">
    <p class='ocr_par' dir='ltr' id='par_1_101' title="bbox 2004 4736 3601 4826">
     <span class='ocr_line' id='line_1_101' title="bbox 2004 4736 3601 4826; baseline -0.016 -13"><span class='ocrx_word' id='word_1_766' title='bbox 2004 4775 2152 4818; x_wconf 86' lang='lat' dir='ltr'>rum.</span> <span class='ocrx_word' id='word_1_767' title='bbox 2202 4752 2565 4826; x_wconf 87' lang='lat' dir='ltr'>sequentibus</span> <span class='ocrx_word' id='word_1_768' title='bbox 2618 4748 2800 4803; x_wconf 89' lang='lat' dir='ltr'>verbis</span> <span class='ocrx_word' id='word_1_769' title='bbox 2849 4763 2913 4800; x_wconf 89' lang='lat' dir='ltr'>ex</span> <span class='ocrx_word' id='word_1_770' title='bbox 2956 4748 3115 4814; x_wconf 87' lang='lat' dir='ltr'>parte</span> <span class='ocrx_word' id='word_1_771' title='bbox 3173 4738 3452 4810; x_wconf 85' lang='lat' dir='ltr'>exprimit,</span> <span class='ocrx_word' id='word_1_772' title='bbox 3512 4736 3601 4789; x_wconf 92' lang='lat' dir='ltr'>di-</span> 
     </span>
    </p>
   </div>
   <div class='ocr_carea' id='block_1_102' title="bbox 2007 4863 2182 4902">
    <p class='ocr_par' dir='ltr' id='par_1_102' title="bbox 2007 4863 2182 4902">
     <span class='ocr_line' id='line_1_102' title="bbox 2007 4863 2182 4902; baseline -0.023 0"><span class='ocrx_word' id='word_1_773' title='bbox 2007 4863 2136 4902; x_wconf 91' lang='lat' dir='ltr'>cens</span> <span class='ocrx_word' id='word_1_774' title='bbox 2171 4863 2182 4898; x_wconf 78' lang='grc' dir='ltr'>ε</span> 
     </span>
    </p>
   </div>
   <div class='ocr_carea' id='block_1_103' title="bbox 2080 4915 3607 5002">
    <p class='ocr_par' dir='ltr' id='par_1_103' title="bbox 2080 4915 3607 5002">
     <span class='ocr_line' id='line_1_103' title="bbox 2080 4915 3607 5002; baseline -0.014 -13"><span class='ocrx_word' id='word_1_775' title='bbox 2080 4936 2346 5002; x_wconf 78' lang='lat' dir='ltr'>Cupimus</span> <span class='ocrx_word' id='word_1_776' title='bbox 2369 4935 2555 4984; x_wconf 88' lang='lat' dir='ltr'>autem</span> <span class='ocrx_word' id='word_1_777' title='bbox 2594 4936 3043 4993; x_wconf 85' lang='lat' dir='ltr'>unumquemque</span> <span class='ocrx_word' id='word_1_778' title='bbox 3069 4923 3313 4973; x_wconf 79' lang='lat' dir='ltr'>vestrum</span> <span class='ocrx_word' id='word_1_779' title='bbox 3360 4915 3607 4969; x_wconf 83' lang='lat' dir='ltr'>eamdem</span> 
     </span>
    </p>
   </div>
   <div class='ocr_carea' id='block_1_104' title="bbox 2011 5002 3610 5077">
    <p class='ocr_par' dir='ltr' id='par_1_104' title="bbox 2011 5002 3610 5077">
     <span class='ocr_line' id='line_1_104' title="bbox 2011 5002 3610 5077; baseline -0.014 -1"><span class='ocrx_word' id='word_1_780' title='bbox 2011 5021 2286 5077; x_wconf 83' lang='lat' dir='ltr'>ostendere</span> <span class='ocrx_word' id='word_1_781' title='bbox 2315 5016 2763 5077; x_wconf 84' lang='lat' dir='ltr'>sollicitudinem,</span> <span class='ocrx_word' id='word_1_782' title='bbox 2805 5006 3073 5063; x_wconf 89' lang='lat' dir='ltr'>subaudis</span> <span class='ocrx_word' id='word_1_783' title='bbox 3103 5020 3273 5076; x_wconf 88' lang='lat' dir='ltr'>quam</span> <span class='ocrx_word' id='word_1_784' title='bbox 3317 5006 3471 5056; x_wconf 89' lang='lat' dir='ltr'>retro</span> <span class='ocrx_word' id='word_1_785' title='bbox 3510 5002 3610 5056; x_wconf 89' lang='lat' dir='ltr'>ha-</span> 
     </span>
    </p>
   </div>
   <div class='ocr_carea' id='block_1_105' title="bbox 261 5093 3610 5185">
    <p class='ocr_par' dir='ltr' id='par_1_105' title="bbox 261 5093 3610 5185">
     <span class='ocr_line' id='line_1_105' title="bbox 261 5093 3610 5185; baseline -0.006 -17"><span class='ocrx_word' id='word_1_786' title='bbox 261 5144 267 5148; x_wconf 92' lang='lat'>—</span> <span class='ocrx_word' id='word_1_787' title='bbox 322 5114 593 5176; x_wconf 88' lang='lat' dir='ltr'>Quandiu</span> <span class='ocrx_word' id='word_1_788' title='bbox 616 5117 763 5169; x_wconf 89' lang='lat' dir='ltr'>enim</span> <span class='ocrx_word' id='word_1_789' title='bbox 786 5121 1108 5170; x_wconf 88' lang='lat' dir='ltr'>reservatur</span> <span class='ocrx_word' id='word_1_790' title='bbox 1126 5115 1196 5169; x_wconf 90' lang='lat' dir='ltr'>ad</span> <span class='ocrx_word' id='word_1_791' title='bbox 1219 5115 1605 5185; x_wconf 74' lang='lat' dir='ltr'>paenitentiam</span> <span class='ocrx_word' id='word_1_792' title='bbox 1628 5112 1787 5183; x_wconf 88' lang='lat' dir='ltr'>quasi</span> <span class='ocrx_word' id='word_1_793' title='bbox 1819 5127 1933 5165; x_wconf 89' lang='lat' dir='ltr'>non</span> <span class='ocrx_word' id='word_1_794' title='bbox 2014 5107 2235 5173; x_wconf 87' lang='lat' dir='ltr'>buistis,</span> <span class='ocrx_word' id='word_1_795' title='bbox 2261 5107 2335 5160; x_wconf 85' lang='lat' dir='ltr'>ad</span> <span class='ocrx_word' id='word_1_796' title='bbox 2359 5106 2716 5173; x_wconf 68' lang='lat' dir='ltr'>expletionem</span> <span class='ocrx_word' id='word_1_797' title='bbox 2745 5102 2860 5167; x_wconf 82' lang='lat' dir='ltr'>spei</span> <span class='ocrx_word' id='word_1_798' title='bbox 2890 5112 3060 5165; x_wconf 85' lang='lat' dir='ltr'>usque</span> <span class='ocrx_word' id='word_1_799' title='bbox 3080 5098 3143 5149; x_wconf 87' lang='lat' dir='ltr'>in</span> <span class='ocrx_word' id='word_1_800' title='bbox 3172 5097 3337 5162; x_wconf 86' lang='lat' dir='ltr'>ﬁnem</span> <span class='ocrx_word' id='word_1_801' title='bbox 3367 5093 3493 5147; x_wconf 71' lang='lat' dir='ltr'>vitae</span> <span class='ocrx_word' id='word_1_802' title='bbox 3522 5109 3610 5147; x_wconf 91' lang='lat' dir='ltr'>ve-</span> 
     </span>
    </p>
   </div>
   <div class='ocr_carea' id='block_1_106' title="bbox 324 5202 1929 5275">
    <p class='ocr_par' dir='ltr' id='par_1_106' title="bbox 324 5202 1929 5275">
     <span class='ocr_line' id='line_1_106' title="bbox 324 5202 1929 5275; baseline 0 -18"><span class='ocrx_word' id='word_1_803' title='bbox 324 5209 417 5257; x_wconf 85' lang='lat' dir='ltr'>est</span> <span class='ocrx_word' id='word_1_804' title='bbox 445 5204 745 5257; x_wconf 89' lang='lat' dir='ltr'>maledicta</span> <span class='ocrx_word' id='word_1_805' title='bbox 778 5223 791 5258; x_wconf 89' lang='lat'><strong>:</strong></span> <span class='ocrx_word' id='word_1_806' title='bbox 818 5205 906 5258; x_wconf 89' lang='lat' dir='ltr'>sin</span> <span class='ocrx_word' id='word_1_807' title='bbox 923 5222 1051 5258; x_wconf 92' lang='lat' dir='ltr'>vero</span> <span class='ocrx_word' id='word_1_808' title='bbox 1072 5204 1461 5275; x_wconf 73' lang='lat' dir='ltr'>pmnitentiam</span> <span class='ocrx_word' id='word_1_809' title='bbox 1484 5202 1727 5256; x_wconf 89' lang='lat' dir='ltr'>noluerit</span> <span class='ocrx_word' id='word_1_810' title='bbox 1742 5216 1929 5271; x_wconf 73' lang='lat' dir='ltr'>agere.</span> 
     </span>
    </p>
   </div>
   <div class='ocr_carea' id='block_1_107' title="bbox 319 5292 1933 5365">
    <p class='ocr_par' dir='ltr' id='par_1_107' title="bbox 319 5292 1933 5365">
     <span class='ocr_line' id='line_1_107' title="bbox 319 5292 1933 5365; baseline -0.004 -19"><span class='ocrx_word' id='word_1_811' title='bbox 319 5294 446 5365; x_wconf 86' lang='lat' dir='ltr'>jam</span> <span class='ocrx_word' id='word_1_812' title='bbox 476 5292 777 5346; x_wconf 88' lang='lat' dir='ltr'>maledicta</span> <span class='ocrx_word' id='word_1_813' title='bbox 816 5293 944 5346; x_wconf 91' lang='lat' dir='ltr'>erit.</span> <span class='ocrx_word' id='word_1_814' title='bbox 984 5293 1144 5347; x_wconf 89' lang='lat' dir='ltr'>Unde</span> <span class='ocrx_word' id='word_1_815' title='bbox 1175 5301 1229 5345; x_wconf 89' lang='lat' dir='ltr'>et</span> <span class='ocrx_word' id='word_1_816' title='bbox 1272 5292 1546 5362; x_wconf 89' lang='lat' dir='ltr'>sequitur,</span> <span class='ocrx_word' id='word_1_817' title='bbox 1599 5294 1756 5358; x_wconf 82' lang='lat' dir='ltr'>cujus</span> <span class='ocrx_word' id='word_1_818' title='bbox 1804 5305 1933 5342; x_wconf 86' lang='lat' dir='ltr'>con-</span> 
     </span>
    </p>
   </div>
   <div class='ocr_carea' id='block_1_108' title="bbox 2018 5181 3613 5262">
    <p class='ocr_par' dir='ltr' id='par_1_108' title="bbox 2018 5181 3613 5262">
     <span class='ocr_line' id='line_1_108' title="bbox 2018 5181 3613 5262; baseline -0.011 -11"><span class='ocrx_word' id='word_1_819' title='bbox 2018 5203 2167 5260; x_wconf 70' lang='lat' dir='ltr'>strze,</span> <span class='ocrx_word' id='word_1_820' title='bbox 2195 5194 2310 5249; x_wconf 88' lang='lat' dir='ltr'>sive</span> <span class='ocrx_word' id='word_1_821' title='bbox 2324 5193 2433 5247; x_wconf 90' lang='lat' dir='ltr'>diei</span> <span class='ocrx_word' id='word_1_822' title='bbox 2451 5190 2667 5262; x_wconf 90' lang='lat' dir='ltr'>judicii,</span> <span class='ocrx_word' id='word_1_823' title='bbox 2701 5194 2761 5242; x_wconf 89' lang='lat' dir='ltr'>ut</span> <span class='ocrx_word' id='word_1_824' title='bbox 2786 5204 2898 5241; x_wconf 86' lang='lat' dir='ltr'>non</span> <span class='ocrx_word' id='word_1_825' title='bbox 2926 5201 3110 5253; x_wconf 85' lang='lat' dir='ltr'>segnes</span> <span class='ocrx_word' id='word_1_826' title='bbox 3138 5185 3485 5251; x_wconf 82' lang='lat' dir='ltr'>efﬁciamini,</span> <span class='ocrx_word' id='word_1_827' title='bbox 3505 5181 3613 5235; x_wconf 87' lang='lat' dir='ltr'>hoc</span> 
     </span>
    </p>
   </div>
   <div class='ocr_carea' id='block_1_109' title="bbox 2018 5269 3612 5355">
    <p class='ocr_par' dir='ltr' id='par_1_109' title="bbox 2018 5269 3612 5355">
     <span class='ocr_line' id='line_1_109' title="bbox 2018 5269 3612 5355; baseline -0.011 -16"><span class='ocrx_word' id='word_1_828' title='bbox 2018 5290 2102 5341; x_wconf 90' lang='lat' dir='ltr'>est</span> <span class='ocrx_word' id='word_1_829' title='bbox 2118 5282 2262 5355; x_wconf 85' lang='lat' dir='ltr'>pigri</span> <span class='ocrx_word' id='word_1_830' title='bbox 2278 5287 2331 5335; x_wconf 91' lang='lat' dir='ltr'>et</span> <span class='ocrx_word' id='word_1_831' title='bbox 2352 5279 2568 5334; x_wconf 91' lang='lat' dir='ltr'>desides</span> <span class='ocrx_word' id='word_1_832' title='bbox 2583 5277 2640 5331; x_wconf 92' lang='lat' dir='ltr'>in</span> <span class='ocrx_word' id='word_1_833' title='bbox 2666 5277 2809 5330; x_wconf 92' lang='lat' dir='ltr'>bono</span> <span class='ocrx_word' id='word_1_834' title='bbox 2838 5290 3006 5346; x_wconf 88' lang='lat' dir='ltr'>opere</span> <span class='ocrx_word' id='word_1_835' title='bbox 3036 5277 3093 5326; x_wconf 90' lang='lat' dir='ltr'>et</span> <span class='ocrx_word' id='word_1_836' title='bbox 3119 5272 3179 5325; x_wconf 88' lang='lat' dir='ltr'>in</span> <span class='ocrx_word' id='word_1_837' title='bbox 3211 5270 3491 5325; x_wconf 85' lang='lat' dir='ltr'>mandatis</span> <span class='ocrx_word' id='word_1_838' title='bbox 3511 5269 3612 5323; x_wconf 89' lang='lat' dir='ltr'>Dei</span> 
     </span>
    </p>
   </div>
   <div class='ocr_carea' id='block_1_110' title="bbox 325 5362 3615 5453">
    <p class='ocr_par' dir='ltr' id='par_1_110' title="bbox 325 5362 3615 5453">
     <span class='ocr_line' id='line_1_110' title="bbox 325 5362 3615 5453; baseline -0.009 -18"><span class='ocrx_word' id='word_1_839' title='bbox 325 5385 654 5441; x_wconf 85' lang='lat' dir='ltr'>summatio,</span> <span class='ocrx_word' id='word_1_840' title='bbox 680 5382 737 5435; x_wconf 90' lang='lat' dir='ltr'>id</span> <span class='ocrx_word' id='word_1_841' title='bbox 758 5388 846 5436; x_wconf 88' lang='lat' dir='ltr'>est</span> <span class='ocrx_word' id='word_1_842' title='bbox 867 5382 994 5435; x_wconf 84' lang='lat' dir='ltr'>ﬁnis</span> <span class='ocrx_word' id='word_1_843' title='bbox 1013 5382 1163 5436; x_wconf 91' lang='lat' dir='ltr'>illius</span> <span class='ocrx_word' id='word_1_844' title='bbox 1193 5382 1393 5436; x_wconf 66' lang='lat' dir='ltr'>animae</span> <span class='ocrx_word' id='word_1_845' title='bbox 1411 5381 1468 5433; x_wconf 93' lang='lat' dir='ltr'>in</span> <span class='ocrx_word' id='word_1_846' title='bbox 1489 5395 1659 5453; x_wconf 90' lang='lat' dir='ltr'>pravo</span> <span class='ocrx_word' id='word_1_847' title='bbox 1682 5395 1850 5449; x_wconf 90' lang='lat' dir='ltr'>opere</span> <span class='ocrx_word' id='word_1_848' title='bbox 1880 5383 1937 5431; x_wconf 89' lang='lat' dir='ltr'>et</span> <span class='ocrx_word' id='word_1_849' title='bbox 2020 5370 2389 5447; x_wconf 73' lang='lat' dir='ltr'>perficiendis.</span> <span class='ocrx_word' id='word_1_850' title='bbox 2426 5366 2838 5428; x_wconf 88' lang='lat' dir='ltr'>Desideramus,</span> <span class='ocrx_word' id='word_1_851' title='bbox 2873 5362 3076 5432; x_wconf 90' lang='lat' dir='ltr'>inquit,</span> <span class='ocrx_word' id='word_1_852' title='bbox 3108 5377 3206 5415; x_wconf 92' lang='lat' dir='ltr'>vos</span> <span class='ocrx_word' id='word_1_853' title='bbox 3245 5376 3357 5413; x_wconf 90' lang='lat' dir='ltr'>non</span> <span class='ocrx_word' id='word_1_854' title='bbox 3390 5362 3615 5411; x_wconf 84' lang='lat' dir='ltr'>tantum</span> 
     </span>
    </p>
   </div>
   <div class='ocr_carea' id='block_1_111' title="bbox 329 5446 3615 5542">
    <p class='ocr_par' dir='ltr' id='par_1_111' title="bbox 329 5446 3615 5542">
     <span class='ocr_line' id='line_1_111' title="bbox 329 5446 3615 5542; baseline -0.008 -20"><span class='ocrx_word' id='word_1_855' title='bbox 329 5469 753 5542; x_wconf 87' lang='lat' dir='ltr'>perseverantia</span> <span class='ocrx_word' id='word_1_856' title='bbox 776 5469 833 5522; x_wconf 91' lang='lat' dir='ltr'>in</span> <span class='ocrx_word' id='word_1_857' title='bbox 857 5470 1004 5523; x_wconf 88' lang='lat' dir='ltr'>malo</span> <span class='ocrx_word' id='word_1_858' title='bbox 1023 5486 1201 5542; x_wconf 85' lang='lat' dir='ltr'>usque</span> <span class='ocrx_word' id='word_1_859' title='bbox 1224 5470 1293 5522; x_wconf 89' lang='lat' dir='ltr'>ad</span> <span class='ocrx_word' id='word_1_860' title='bbox 1316 5469 1527 5522; x_wconf 87' lang='lat' dir='ltr'>exitum</span> <span class='ocrx_word' id='word_1_861' title='bbox 1548 5466 1696 5533; x_wconf 67' lang='lat' dir='ltr'>vitae,</span> <span class='ocrx_word' id='word_1_862' title='bbox 1710 5470 1770 5519; x_wconf 87' lang='lat' dir='ltr'>in</span> <span class='ocrx_word' id='word_1_863' title='bbox 1792 5483 1939 5520; x_wconf 84' lang='lat' dir='ltr'>com-</span> <span class='ocrx_word' id='word_1_864' title='bbox 2023 5455 2171 5517; x_wconf 85' lang='lat' dir='ltr'>circa</span> <span class='ocrx_word' id='word_1_865' title='bbox 2191 5458 2377 5525; x_wconf 87' lang='lat' dir='ltr'>verba,</span> <span class='ocrx_word' id='word_1_866' title='bbox 2403 5457 2499 5510; x_wconf 91' lang='lat' dir='ltr'>sed</span> <span class='ocrx_word' id='word_1_867' title='bbox 2518 5455 2685 5510; x_wconf 87' lang='lat' dir='ltr'>etiam</span> <span class='ocrx_word' id='word_1_868' title='bbox 2724 5454 2779 5507; x_wconf 88' lang='lat' dir='ltr'>in</span> <span class='ocrx_word' id='word_1_869' title='bbox 2806 5450 3106 5506; x_wconf 78' lang='lat' dir='ltr'>virtutibus</span> <span class='ocrx_word' id='word_1_870' title='bbox 3137 5446 3472 5510; x_wconf 86' lang='lat' dir='ltr'>conversari,</span> <span class='ocrx_word' id='word_1_871' title='bbox 3500 5458 3615 5496; x_wconf 87' lang='lat' dir='ltr'>non</span> 
     </span>
    </p>
   </div>
   <div class='ocr_carea' id='block_1_112' title="bbox 332 5530 3616 5629">
    <p class='ocr_par' dir='ltr' id='par_1_112' title="bbox 332 5530 3616 5629">
     <span class='ocr_line' id='line_1_112' title="bbox 332 5530 3616 5629; baseline -0.009 -16"><span class='ocrx_word' id='word_1_872' title='bbox 332 5530 669 5623; x_wconf 79' lang='lat' dir='ltr'>bustionem,</span> <span class='ocrx_word' id='word_1_873' title='bbox 701 5554 969 5613; x_wconf 88' lang='lat' dir='ltr'>subaudis</span> <span class='ocrx_word' id='word_1_874' title='bbox 1007 5530 1152 5629; x_wconf 80' lang='lat' dir='ltr'>ignis</span> <span class='ocrx_word' id='word_1_875' title='bbox 1186 5556 1381 5613; x_wconf 81' lang='lat' dir='ltr'>aeterni</span> <span class='ocrx_word' id='word_1_876' title='bbox 1413 5555 1540 5610; x_wconf 88' lang='lat' dir='ltr'>erit.</span> <span class='ocrx_word' id='word_1_877' title='bbox 1596 5530 1768 5618; x_wconf 80' lang='lat' dir='ltr'>Quasi</span> <span class='ocrx_word' id='word_1_878' title='bbox 1799 5554 1945 5609; x_wconf 80' lang='lat' dir='ltr'>dice—</span> <span class='ocrx_word' id='word_1_879' title='bbox 2026 5550 2187 5623; x_wconf 88' lang='lat' dir='ltr'>quasi</span> <span class='ocrx_word' id='word_1_880' title='bbox 2219 5547 2505 5619; x_wconf 62' lang='lat' dir='ltr'>praeterita</span> <span class='ocrx_word' id='word_1_881' title='bbox 2533 5561 2703 5617; x_wconf 85' lang='lat' dir='ltr'>opera</span> <span class='ocrx_word' id='word_1_882' title='bbox 2730 5547 2915 5596; x_wconf 89' lang='lat' dir='ltr'>vestra</span> <span class='ocrx_word' id='word_1_883' title='bbox 2959 5540 3267 5609; x_wconf 85' lang='lat' dir='ltr'>culpantes,</span> <span class='ocrx_word' id='word_1_884' title='bbox 3299 5533 3395 5588; x_wconf 91' lang='lat' dir='ltr'>sed</span> <span class='ocrx_word' id='word_1_885' title='bbox 3440 5535 3503 5584; x_wconf 90' lang='lat' dir='ltr'>ut</span> <span class='ocrx_word' id='word_1_886' title='bbox 3546 5530 3616 5585; x_wconf 88' lang='lat' dir='ltr'>de</span> 
     </span>
    </p>
   </div>
  </div>
