3992 6166
499 197 604 256 863
779 197 801 224 ‘

940 201 1318 257 HAYMONIS
1350 200 1837 260 HALBERSTAT.
1869 200 2106 259 EPISC.

2147 202 2305 259 OPP.
2338 203 2522 259 PARS
2550 205 2594 260 1.
2629 233 2696 245 —
2728 196 3096 260 COMMENT.
3133 203 3312 261 BIBL.
3615 206 3703 264 864

500 324 709 379 futuris
743 324 965 380 solliciti
994 325 1118 379 sitis
1147 325 1549 392 admonentes;
1592 325 1697 379 hoc
1739 330 1843 391 est,
1897 326 2335 396 qualesAhomo
2367 329 2604 382 mendas
2626 329 2788 393 (Psal.
2829 333 2973 398 ριν),
3009 332 3215 399 quanto
3256 327 3425 399 magis
3464 329 3553 385 Dei
3574 333 3707 401 jura-

500 412 689 467 fuistis
709 415 972 484 primum,
989 413 1130 468 tales
1142 414 1398 485 cupimus
1419 420 1476 468 et
1503 413 1670 467 modo
1691 430 1810 467 esse
1832 421 1889 468 et
1918 414 1976 468 in
2005 415 2097 470 fu-

500 506 715 556 turum.
738 503 807 557 Et
828 519 938 557 non
968 503 1109 557 dixit
1134 503 1279 568 volo,
1307 502 1455 573 quod
1502 508 1589 556 est
1630 503 1982 557 auctoritatis
2010 503 2097 557 di-

505 590 666 656 vinae,
698 592 794 645 sed
821 592 969 663 quod
1008 598 1130 645 erat
1158 598 1404 662 paternae
1440 591 1769 657 dilectionis,
1813 592 1917 645 hoc
1962 596 2049 646 est
2079 608 2093 644 :

507 679 763 750 cupimus
802 696 1259 750 unumquemque
1277 686 1522 733 vestrum
1552 680 1806 734 eamdem
1839 696 1974 750 erga
1992 680 2101 733 fra-

504 771 620 822 tres
649 784 870 839 semper
897 769 1192 822 ostendere
1223 768 1577 823 dilectionem
1616 785 1786 838 quam
1841 769 1975 822 olim
2004 769 2101 822 ha-

443 908 452 921 ,
503 852 704 912 buistis
729 855 799 909 ad
821 856 1250 926 completionem
1280 857 1399 928 spei
1441 857 1501 910 in
1531 863 1799 911 aeternam
1846 872 2102 910 resurre-

504 942 779 1006 ctionem;
805 946 1046 1015 expletio
1076 946 1226 999 enim
1248 945 1361 1017 spei
1389 950 1477 1000 est
1495 946 1718 1016 adeptio
1739 961 1929 1000 rerum
1962 961 2101 1016 quas

503 1047 606 1086 nos
650 1039 1049 1088 consecuturos
1094 1050 1404 1105 speramus.
1465 1035 1619 1088 Veros
1666 1037 1970 1088 imitatores
2014 1050 2100 1087 eo-

504 1137 657 1187 rum,
679 1121 951 1177 subaudis
979 1124 1234 1195 cupimus
1266 1141 1359 1178 vos
1389 1139 1529 1189 esse,
1559 1126 1657 1192 qui
1686 1126 1788 1191 [ide
1814 1130 1862 1176 et
1888 1127 2100 1190 patien-

506 1211 587 1262 tia
618 1211 1017 1265 lwreditabunt
1032 1214 1440 1279 promissiones.
1473 1212 1746 1265 Hortatur
1772 1210 1977 1264 iterum
2006 1226 2101 1265 eos

504 1301 572 1351 ut
594 1299 703 1352 ﬁde
723 1316 835 1353 non
855 1301 986 1354 ﬁcta
1014 1304 1067 1353 et
1084 1300 1355 1371 patientia
1371 1301 1616 1370 perfecta
1631 1304 1951 1370 exspectent
1967 1315 2100 1370 pro-

504 1386 803 1441 missiones
833 1388 951 1449 Dei,
985 1393 1042 1441 et
1082 1389 1466 1443 haereditatem
1511 1404 1679 1458 quam
1730 1387 1937 1442 sanctis
1983 1387 2099 1441 suis

504 1475 781 1546 promisit.
816 1476 975 1541 Quod
1004 1477 1300 1547 dupliciter
1337 1477 1513 1547 accipi
1560 1482 1762 1547 potest,
1790 1476 2001 1530 scilicet
2035 1482 2101 1531 ut

502 1564 783 1619 referatur
807 1565 877 1618 ad
906 1565 1258 1636 patriarchas
1298 1571 1355 1619 et
1394 1571 1617 1619 sanctos
1651 1565 1870 1619 Veteris
1897 1566 2099 1619 Testa-

2179 421 2370 470 mento
2398 416 2548 470 credi
2570 416 2755 481 debet,
2788 416 2884 487 qui
2914 422 2999 471 est
3039 417 3257 480 veritas,
3285 422 3341 471 et
3368 417 3457 488 qui
3490 434 3581 473 nec
3614 420 3710 475 falli

2178 510 2363 574 potest
2381 520 2485 558 nec
2516 504 2762 569 mentiri,
2796 510 2853 558 et
2886 505 2974 559 cui
3021 505 3249 575 insuper
3292 504 3406 559 sine
3436 506 3712 575 juramento

2181 592 2333 647 credi
2375 593 2633 663 oportet!
2667 593 2952 653 Homines,
2992 593 3192 663 inquit,
3236 610 3335 663 per
3372 594 3613 662 majorem
3644 596 3714 650 sui

2177 680 2394 749 jurant,
2427 680 2532 734 hoc
2559 686 2664 749 est,
2696 697 2797 751 per
2838 681 3040 747 Deum,
3073 680 3170 750 qui
3200 687 3285 734 est
3312 697 3494 735 eorum
3516 689 3714 737 creator.

2180 768 2573 823 Juramentum
2620 785 2842 840 quoque
2876 775 2965 823 est
3004 769 3130 823 finis
3175 769 3353 823 omnis
3399 770 3716 824 contentionis

2183 873 2375 910 eorum
2418 856 2486 910 ad
2532 857 3038 921 conﬁrmationem,
3071 858 3202 928 quia
3258 873 3356 929 per
3386 858 3717 928 juramentum

2182 944 2521 999 credendum
2544 950 2648 1011 est,
2682 961 2785 1000 nec
2803 945 2969 1000 debet
3006 945 3361 1017 postmodum
3393 945 3599 1016 querela
3624 947 3716 1000 ﬁeri

2178 1035 2502 1104 juramento
2522 1034 2819 1106 completo,
2839 1034 2941 1088 sed
2955 1033 3082 1088 ﬁnis
3099 1034 3462 1089 contentionis
3471 1033 3718 1090 debetesse

2177 1123 2571 1192 juramentum
2580 1123 2683 1179 sub
2703 1123 3146 1178 conﬁrmatione.

2256 1215 2324 1267 In
2353 1229 2479 1281 quo,
2530 1212 2797 1267 subaudis
2821 1213 3165 1282 juramento,
3196 1212 3283 1266 vel
3320 1216 3594 1282 propterea
3618 1211 3720 1283 quia

2181 1301 2532 1355 conﬁrmatio
2554 1301 2631 1355 rei
2658 1302 3044 1371 juramentum
3074 1306 3177 1367 est,
3210 1304 3391 1354 colens
3421 1301 3547 1354 Deus
3585 1306 3721 1354 osten-

2181 1390 2305 1443 dere
2319 1391 2701 1444 abundantius
2728 1391 3175 1444 immobilitatem
3197 1391 3417 1443 consilii
3440 1391 3526 1441 sui
3541 1388 3722 1441 luendi-

2183 1478 2278 1531 bus
2303 1481 2744 1546 pollicitationis,
2770 1479 2826 1532 id
2848 1484 2935 1532 est
2970 1476 3225 1548 patribus
3252 1476 3366 1530 sive
3393 1475 3721 1546 promissionis

2180 1565 2513 1644 haeredibus,
2538 1569 2867 1635 interposuit
2883 1566 3321 1635 jusjurandum,
3340 1575 3402 1618 ut
3419 1580 3511 1635 per
3526 1564 3720 1617 duasres

504 1653 702 1719 menti,
726 1654 822 1724 qui
842 1655 1049 1708 multas
1068 1654 1466 1725 promissiones
1486 1660 1823 1725 acceperunt
1851 1654 1920 1707 de
1935 1654 2165 1713 Chri—B
2183 1654 2518 1716 immobiles,
2555 1655 2757 1726 quibus
2799 1654 3143 1725 impossibile
3171 1660 3259 1709 est
3305 1654 3478 1708 Deum
3521 1652 3719 1714 mentiri,

507 1748 616 1808 sto,
633 1749 690 1796 et
701 1743 769 1797 de
781 1743 1107 1798 haereditate
1118 1750 1283 1797 terrae
1304 1743 1755 1814 repromissionis
1780 1761 1791 1796 :
1816 1742 1912 1813 qui
1932 1743 2101 1797 ﬁdem

502 1830 774 1886 habentes
794 1833 1117 1903 perfectam,
1141 1849 1253 1903 qua
1267 1832 1631 1886 crediderunt
1660 1833 1837 1886 Deum
1868 1831 2103 1902 implere

505 1937 669 1993 posse
708 1939 831 1994 quae
878 1922 1157 1994 promisit,
1201 1928 1259 1976 et
1304 1922 1635 1993 patientiam
1678 1920 2098 1986 solidissimam,

507 2026 621 2082 qua
649 2027 761 2065 non
788 2012 844 2066 in
875 2029 954 2074 se,
986 2011 1084 2066 sed
1112 2011 1169 2064 in
1198 2011 1327 2064 ﬁliis
1353 2011 1469 2065 suis
1488 2010 1887 2081 promissiones
1913 2026 2102 2080 exspe-

506 2104 800 2154 ctaverunt
826 2100 1159 2171 implendas,
1192 2105 1522 2153 meruerunt
1551 2098 1716 2152 amici
1744 2097 1845 2152 Dei
1873 2113 2013 2164 esse,
2046 2103 2103 2151 et

506 2187 565 2241 in
585 2187 716 2242 ﬁliis
735 2188 851 2242 suis
871 2189 1095 2242 easdem
1120 2187 1517 2258 promissiones
1536 2187 1886 2241 haereditare.
1911 2186 2106 2241 Potest

509 2280 567 2329 et
595 2275 662 2328 ad
714 2277 996 2347 apostolos
1034 2277 1285 2346 aliosque
1328 2282 1554 2330 sanctos
1600 2276 1818 2339 referri,
1866 2275 1962 2347 qui
2004 2291 2105 2345 per

505 2363 675 2418 ﬁdem
713 2368 767 2417 et
807 2364 1135 2435 patientiam
1166 2369 1493 2418 meruerunt
1513 2364 1800 2434 consequi,
1833 2369 1891 2418 et
1924 2364 2103 2418 haere-

506 2452 689 2507 ditare
711 2453 1108 2525 promissiones
1127 2459 1348 2508 aeterna:
1377 2452 1778 2507 benedictionis
1803 2469 1834 2506 a
1863 2452 2104 2506 Domino

507 2539 612 2594 sibi
640 2540 1009 2612 omnibusque
1034 2541 1293 2595 ﬁdelibus
1319 2541 1639 2611 promissas.

575 2630 808 2684 Abrahz
836 2646 1075 2699 namque
1087 2634 1418 2698 promittens
1446 2632 1608 2696 Deus,
1635 2633 1901 2699 quoniam
1932 2632 2105 2683 nemi-

509 2734 635 2772 nem
663 2719 857 2773 habuit
886 2722 1155 2788 majorem
1180 2735 1281 2788 per
1307 2736 1468 2788 quem
1494 2724 1741 2788 jurarel,
1761 2720 1985 2788 juravit
1999 2734 2102 2786 per

505 2809 1075 2876 scmctipsum,dicens
1106 2827 1123 2862 :
1153 2810 1280 2863 Nisi
1304 2810 1617 2863 benedicens
1645 2810 1954 2863 benedicam
1979 2809 2097 2874 tibi,

502 2900 555 2949 et
576 2898 962 2965 multiplicans
987 2898 1367 2966 multiplicabo
1394 2902 1459 2950 te.
1493 2896 1569 2952 Ut
1591 2896 1812 2950 ﬁrmius
1837 2894 2100 2950 corrobo-

2184 1742 2549 1797 fortissimum
2579 1744 2844 1815 solatium
2875 1742 3201 1806 habeamus,
3237 1742 3293 1796 id
3318 1748 3401 1796 est
3435 1740 3641 1794 ﬁrmiter
3661 1738 3723 1792 illi

2183 1834 2604 1902 credamus,qui
2613 1834 2966 1901 confugimus
2977 1831 3258 1887 credendo
3274 1832 3347 1885 ad
3363 1830 3619 1884 tenendam
3627 1843 3725 1897 pro-

2177 1925 2418 1991 positam
2461 1939 2629 1990 spem,
2662 1922 2768 1975 hoc
2799 1927 2886 1975 est
2912 1921 2983 1975 ad
3023 1920 3403 1991 accipiendam
3445 1917 3723 1989 promissam

2182 2010 2571 2064 remissionem
2598 2010 2683 2064 vel
2714 2010 3250 2065 remunerationem.
3284 2008 3432 2063 Duas
3458 2023 3539 2060 res
3570 2005 3726 2059 immo-

2181 2098 2323 2153 biles
2368 2099 2461 2153 hic
2498 2098 2768 2153 debemus
2814 2098 3066 2170 accipere
3112 2096 3530 2169 promissionem
3568 2094 3651 2147 Dei
3673 2092 3726 2146 de

2184 2188 2697 2258 Christo,quadixit
2720 2190 2817 2242 :In
2846 2191 3053 2241 semine
3074 2193 3167 2241 tuo
3189 2188 3558 2241 benedicentur
3581 2198 3725 2238 mune:

2182 2283 2380 2346 gentes,
2406 2284 2463 2331 et
2477 2277 2874 2347 jusjurandum
2904 2277 3054 2331 illius
3074 2275 3226 2346 quod
3245 2275 3412 2329 dixit:
3442 2274 3725 2327 Permrmet-

2185 2370 2366 2434 ipsum
2385 2369 2587 2434 juraci
2612 2368 2729 2420 tibi.
2764 2365 3068 2419 Promissio
3105 2365 3261 2418 enim
3290 2363 3438 2417 illius
3472 2365 3553 2415 est
3573 2360 3727 2413 immo-

2150 2519 2159 2525 _
2185 2452 2332 2519 bilis,
2360 2454 2493 2524 quia
2522 2470 2634 2508 non
2665 2455 2850 2525 potuit
2877 2454 3103 2520 mutari,
3130 2460 3188 2508 et
3216 2454 3587 2524 juramentum
3613 2447 3729 2500 illius

2184 2542 2491 2597 veridicum
2517 2548 2621 2597 est.
2646 2543 2884 2607 Quidam
2909 2544 3058 2598 enim
3090 2559 3267 2597 unam
3299 2557 3416 2596 rem
3439 2535 3731 2593 immobilem

2186 2630 2426 2702 intelligi
2457 2632 2650 2686 volunt
2673 2633 3100 2703 promissionem
3123 2638 3177 2685 et
3195 2633 3572 2701 juramentum
3593 2625 3726 2679 illius:

2183 2716 2420 2775 alteram
2459 2728 2649 2777 autem
2701 2722 3132 2792 completionem
3177 2720 3357 2791 ipsius
3385 2718 3482 2772 rei.
3512 2712 3731 2785 Proposi-

2181 2815 2300 2864 tam
2348 2828 2478 2865 vero
2526 2828 2704 2882 spem,
2735 2811 2872 2866 dicit
2912 2811 3206 2865 veritatem
3247 2824 3441 2863 rerum
3466 2810 3726 2877 gestarum,

2181 2899 2610 2968 promissionem
2657 2899 2916 2954 videlicet
2959 2898 3155 2970 patriae
3198 2897 3461 2962 caelestis,
3499 2894 3563 2948 ad
3596 2904 3728 2961 quam

506 2989 661 3038 raret
688 2964 755 3039 ea
773 3001 896 3056 quae
917 2964 1176 3057 superius
1197 2985 1414 3039 dixerat
1430 2985 1500 3039 de
1527 2985 1733 3039 sanctis
1753 2985 1901 3056 quod
1925 2984 2099 3038 hmrc-
2118 2964 2163 3026 ο
2181 2964 2597 3058 percipiendam
2623 2964 2979 3058 confugimus
3001 3004 3104 3059 per
3124 2987 3317 3040 ﬁdem.

504 3072 764 3127 ditabunt
790 3074 1188 3145 promissiones
1216 3075 1315 3129 Dei
1345 3074 1455 3129 ﬁde
1485 3078 1542 3128 et
1562 3074 1853 3145 patientia,
1894 3073 2101 3127 idcirco

2253 3076 2427 3143 Quam
2447 3093 2603 3147 spem
2625 3080 2766 3130 sicut
2785 3078 3089 3131 anchoram
3104 3077 3371 3129 habemus
3390 3073 3728 3128 animzlutam

505 3160 686 3215 utitur
712 3163 998 3233 exemplis.
1037 3164 1145 3216 Sed
1175 3163 1319 3217 mira
1345 3170 1431 3216 est
1467 3163 1744 3233 sapientia
1780 3163 1901 3232 ejus
1936 3180 1946 3214 :
1989 3164 2103 3217 Ali-
2182 3180 2247 3219 ac
2273 3166 2521 3232 ﬁrmam.
2554 3164 2711 3219 Sicut
2740 3166 2988 3219 anchora
3018 3165 3264 3234 projecta
3302 3180 3338 3216 a
3366 3161 3487 3216 navi
3506 3175 3604 3214 non
3636 3171 3732 3228 per-

505 3250 729 3321 quando
757 3251 906 3304 enim
937 3250 1196 3305 laudibus
1225 3251 1539 3305 extollendo
1562 3251 1848 3305 blanditur
1867 3251 1965 3315 eis,
2000 3251 2102 3305 ali-
2185 3252 2361 3307 mittit
2389 3270 2512 3307 eam
2543 3252 2889 3307 circumferri
2907 3268 3089 3323 neque
3112 3250 3444 3323 periclitari,
3473 3248 3591 3302 licet
3618 3242 3729 3297 venti

503 3340 728 3411 quando
756 3340 1067 3394 terroribus
1089 3345 1283 3395 terret.
1316 3340 1460 3393 Nam
1492 3339 1550 3393 in
1580 3339 1963 3410 superioribus
1991 3345 2102 3393 ter-
2181 3350 2570 3396 commoveant
2594 3358 2739 3409 eam,
2771 3342 2869 3396 sed
2892 3344 3109 3410 jactata
3136 3340 3380 3395 ﬁrmiter
3405 3342 3553 3393 tenet
3572 3347 3731 3389 navem

501 3433 588 3483 ret
610 3445 725 3494 eos,
756 3447 826 3484 ne
854 3429 1106 3483 inﬁdeles
1130 3434 1335 3495 essent,
1359 3435 1416 3483 et
1431 3428 1618 3482 minus
1638 3428 1848 3482 creduli
1869 3429 2103 3499 promis—
2181 3430 2330 3485 inter
2356 3432 2628 3502 procellas
2659 3436 2715 3485 et
2754 3432 2974 3495 ﬂuctus,
3014 3431 3096 3484 ita
3133 3430 3272 3483 ﬁdes
3321 3445 3420 3500 spe
3463 3428 3730 3480 futm'm‘um

502 3517 753 3574 sionibus
781 3520 900 3582 Dei,
938 3535 1086 3572 nunc
1108 3522 1297 3571 autem
1322 3517 1589 3588 exemplis
1609 3518 1870 3571 hortatur
1898 3517 1966 3571 ad
1999 3534 2099 3589 pa-
2181 3516 2455 3573 bonorum
2495 3519 2776 3587 roborata,
2812 3521 3002 3573 ﬁrmat
3037 3524 3283 3572 mentem
3336 3522 3574 3572 nostram
3616 3512 3732 3566 inter

499 3608 758 3663 tientiam
788 3615 845 3662 et
872 3608 1037 3662 ﬁdem
1068 3612 1134 3660 ut
1165 3606 1554 3660 indubitanter
1580 3607 1830 3667 credant,
1865 3623 1977 3661 non
2006 3624 2100 3661 so-
2182 3624 2453 3679 prospera
2472 3609 2641 3679 hujus
2662 3609 2846 3664 saeculi
2866 3615 2923 3663 et
2935 3608 3192 3675 adversa,
3213 3604 3672 3661 etintroducitnos
3686 3599 3730 3650 in

502 3697 621 3751 lum
651 3698 765 3751 Deo
791 3697 1030 3761 dicente,
1066 3712 1258 3749 verum
1290 3697 1460 3749 etiam
1486 3697 1717 3765 jurante
1756 3712 1857 3767 per
1902 3702 2103 3751 semet.
2183 3697 2426 3767 speciem
2448 3714 2833 3768 rerum,quam
2853 3697 3018 3752 modo
3038 3697 3215 3750 ﬁdeet
3232 3713 3334 3766 spe
3348 3687 3731 3749 tenemus.ldeo-

501 3784 709 3854 ipsum.
744 3784 803 3838 Si
838 3783 1201 3855 promittente
1240 3784 1356 3839 Deo
1399 3783 1657 3852 iniquum
1697 3790 1784 3838 est
1825 3800 1938 3838 non
1984 3801 2101 3838 cre-
2185 3801 2294 3856 que
2314 3786 2782 3856 additApostolus
2801 3785 2989 3839 dicens
3016 3803 3028 3838 :
3053 3786 3121 3839 Et
3142 3786 3473 3838 incedentem
3500 3794 3645 3847 usque
3676 3774 3731 3847 ad

499 3871 653 3939 dere,
686 3887 853 3942 quam
884 3873 1119 3943 impium
1150 3877 1236 3927 est
1265 3873 1380 3927 Deo
1394 3874 1622 3943 jurante
1648 3873 1815 3927 ﬁdem
1859 3889 1972 3926 non
2012 3889 2092 3927 ac-
2182 3877 2454 3927 interiora
2468 3872 3545 3928 velaminis.Interioravelaminisvocat
3559 3870 3733 3921 secreta

502 3961 889 4017 commodare!
924 3962 1141 4016 Iuravit
1168 3969 1357 4015 autem
1386 3962 1535 4015 Deus
1550 3962 1719 4016 Pater
1736 3961 1975 4016 Abrahae
2001 3978 2100 4032 per
2179 3962 2338 4032 regni
2373 3962 2638 4016 caelorum
2679 3968 2736 4016 et
2777 3962 2987 4032 gaudia
3024 3962 3220 4033 patriae
3263 3960 3519 4015 cmlestis.
3572 3955 3731 4009 ‘lelum

502 4052 891 4123 semetipsum,
944 4051 1077 4122 quia
1117 4051 1398 4105 neminem
1445 4050 1642 4104 habuit
1683 4051 1956 4121 majorem
1999 4066 2100 4120 per
2180 4051 2329 4105 enim
2352 4052 2499 4121 quod
2539 4057 2663 4105 erat
2698 4056 2830 4105 ante
2876 4057 3071 4105 sancta
3118 4054 3464 4111 sanctorum,
3503 4044 3733 4116 signiﬁcﬂt

501 4157 667 4211 quem
693 4141 934 4209 juraret,
953 4139 1144 4194 dicens
1172 4157 1182 4192 :
1213 4142 1339 4193 Nisi
1355 4140 1666 4193 benedicens
1693 4141 2002 4193 benedicam
2025 4145 2091 4203 te,
2112 4154 2158 4212 D
2179 4141 2411 4207 caelum;
2448 4156 2572 4209 quae
2603 4156 2733 4194 vero
2772 4145 2936 4194 erant
2970 4139 3120 4194 intra
3151 4139 3361 4204 velum,
3392 4141 3592 4193 secreta
3629 4133 3733 4185 sunt

501 4234 607 4283 etc.
639 4228 916 4298 Repetitio
946 4227 1097 4281 verbi
1136 4227 1488 4280 conﬁrmatio
1519 4236 1605 4280 est
1634 4226 1735 4280 rei.
1759 4227 1881 4281 Nisi
1910 4227 1968 4281 in
1997 4228 2102 4281 hoc
2180 4228 2339 4299 regni
2377 4229 2663 4282 caelorum.
2694 4228 2830 4299 Spes
2851 4233 3039 4282 autem
3072 4226 3343 4280 interiora
3373 4222 3640 4279 velaminis
3664 4227 3734 4289 pe‘

502 4316 623 4369 loco
649 4315 983 4369 afﬁrmative
1012 4314 1242 4385 ponitur
1265 4331 1366 4385 pro
1411 4321 1560 4368 certe
1590 4315 1704 4368 sive
1735 4332 1834 4385 pro
1865 4316 2013 4386 quia,
2044 4322 2101 4370 et
2138 4323 2149 4332 “
2182 4318 2537 4380 netrat,dum
2558 4333 2654 4388 per
2671 4316 2876 4370 mentis
2889 4315 3420 4385 contemplationem
3436 4308 3735 4367 futurabona

502 4409 591 4459 est
614 4420 813 4458 sensus
840 4421 851 4456 :
886 4404 1050 4458 Certe
1078 4420 1301 4474 semper
1317 4403 1641 4457 benedicam
1671 4410 1727 4458 te
1752 4403 1810 4458 in
1836 4404 1963 4458 ﬁliis
1988 4405 2100 4459 tuis
2181 4405 2471 4476 conspicit,
2487 4406 2619 4460 dum
2644 4404 2892 4459 coelestia
2921 4405 3152 4475 praemia
3178 4403 3390 4473 absque
3420 4402 3532 4457 ulla
3554 4396 3735 4452 dubita-

499 4510 833 4565 semperque
862 4492 1246 4564 multiplicabo
1275 4499 1351 4548 te.

571 4584 640 4638 Et
666 4586 745 4637 sic
767 4585 1165 4652 longanimiter
1188 4584 1372 4650 ferens
1390 4584 1615 4650 adeptus
1635 4588 1711 4637 cst
1727 4586 2099 4651 repromissio-

500 4689 645 4738 nem,
670 4673 774 4727 hoc
792 4679 878 4727 est
903 4672 1000 4727 diu
1029 4689 1131 4744 per
1153 4671 1485 4744 patientiam
1508 4672 1784 4726 credendo
1814 4673 2098 4727 sustinens

498 4768 829 4818 consecutus
862 4768 947 4816 est
970 4762 1398 4832 promissionem
1426 4760 1482 4814 in
1525 4760 1658 4814 ﬁliis
1688 4761 1805 4814 suis
1845 4761 1914 4814 de
1944 4766 2098 4816 terra

496 4851 972 4922 repromissionis,
1002 4867 1173 4920 quam
1201 4850 1251 4904 ei
1291 4849 1568 4921 promisit,
1601 4848 1790 4903 dicens
1821 4864 1833 4897 :
1868 4851 2093 4904 Terram

495 4941 641 4993 hanc
667 4941 768 4993 tibi
784 4941 921 4992 dabo
941 4944 987 4993 ct
1011 4941 1147 5006 filiis
1165 4941 1275 4992 tuis
1297 4939 1453 5009 (Gen.
1477 4940 1620 5004 xm),
1648 4943 1705 4991 et
1723 4937 1955 5008 insuper
1969 4954 2093 5008 pro-

494 5026 819 5081 missionem
860 5029 929 5080 de
960 5027 1203 5094 Christo,
1253 5027 1323 5081 de
1358 5042 1468 5097 quo
1511 5026 1589 5079 ait
1626 5044 1637 5078 :
1671 5028 1739 5081 In
1768 5030 1973 5080 semine
1998 5032 2090 5081 tuo

496 5115 884 5169 benedicentur
909 5131 1092 5168 omnes
1119 5120 1300 5182 gentes
1330 5116 1485 5186 (Gen.
1517 5124 1676 5180 xxn).
1701 5114 1967 5185 Sequitur
2000 5134 2012 5168 :

564 5204 822 5258 Homines
850 5205 999 5256 enim
1029 5218 1128 5271 per
1154 5207 1420 5273 majorem
1440 5206 1532 5258 sui
1554 5206 1756 5271 iurant
1787 5222 1802 5255 :
1833 5208 1881 5257 et
1906 5206 2086 5257 omnis

488 5294 866 5349 controversia:
894 5306 1085 5345 eorum
1105 5295 1235 5358 ﬁnis
1253 5294 1326 5345 ad
1344 5294 1816 5359 conﬁrmationem
1837 5297 1911 5345 est
1921 5295 2087 5360 jura-

490 5385 762 5435 menlum.
796 5378 968 5444 Quasi
992 5379 1205 5435 diceret
1232 5400 1244 5433 :
1269 5380 1328 5434 Si
1375 5379 1695 5434 hominibus
1740 5380 1799 5433 in
1836 5379 2089 5435 futurum

486 5469 752 5535 creditur,
784 5468 855 5523 de
891 5467 1093 5542 quibus
1123 5485 1224 5539 per
1261 5468 1601 5541 Prophetam
1635 5469 1862 5535 dicitur,
1897 5469 2089 5525 Omnis

2180 4494 2333 4548 tione
2359 4494 2539 4548 credit
2555 4494 2660 4547 sibi
2684 4493 3391 4565 provenire,sperat,amat,
3408 4486 3733 4560 operibusque

2180 4582 2425 4637 ostendit
2445 4582 2593 4652 quod
2621 4582 2814 4636 credat
2841 4588 2898 4636 et
2926 4582 3057 4652 quid
3097 4586 3301 4651 speret.
3343 4581 3402 4634 Si
3438 4580 3574 4634 hanc
3608 4586 3733 4644 spem

2179 4687 2291 4725 non
2320 4670 2704 4734 habuerimus,
2728 4671 2922 4741 utique
2946 4669 3394 4740 submergemur,
3422 4683 3530 4722 non
3549 4668 3734 4718 tantum

2176 4760 2235 4813 in
2264 4758 2632 4830 spiritalibus,
2646 4776 2837 4813 verum
2853 4759 3021 4813 etiam
3049 4758 3107 4812 in
3127 4757 3466 4821 carnalibus,
3488 4754 3620 4808 sicut.
3633 4748 3736 4804 sub-

2176 4854 2465 4919 mergetur
2512 4848 2668 4902 navis
2720 4864 2832 4901 non
2883 4846 3095 4901 habens
3135 4848 3405 4917 jactatam
3450 4843 3728 4898 anclioram.

2176 4937 2283 4992 Sed
2323 4937 2370 4991 si
2401 4936 2520 4990 voci
2556 4936 2848 5007 Propheta;
2896 4935 3322 4990 obaudierimus
3349 4932 3581 4989 dicenti:
3608 4930 3733 4983 Jacla

2172 5041 2336 5093 super
2358 5028 2657 5080 Dominum
2676 5041 2873 5079 curam
2896 5030 3071 5088 tuam,
3096 5030 3145 5079 et
3162 5028 3271 5092 ipse
3293 5031 3339 5079 te
3357 5016 3732 5087 enutrieu’Psal.

2170 5118 2301 5183 LIV),
2335 5121 2471 5169 tunc
2505 5119 2700 5169 nostra
2731 5131 2858 5184 spes
2904 5115 3017 5167 ﬁxa
3052 5115 3111 5167 in
3159 5113 3433 5168 interiora
3481 5103 3734 5165 velaminis

2167 5203 2665 5257 nullainﬁdelitate
2688 5202 2868 5273 mergi
2899 5202 3122 5273 poterit.
3158 5200 3426 5271 Sequitur
3455 5218 3467 5252 :

2245 5293 2342 5346 Ubi
2356 5306 2667 5360 przcursor
2686 5306 2788 5359 pro
2811 5292 2964 5345 nobis
2980 5278 3735 5356 introivitJesus,ponti,’es/'a‘

2171 5386 2308 5440 ctus.
2338 5386 2396 5433 et
2406 5382 2789 5434 constitutusa
2809 5379 2925 5433 Deo
2945 5379 3112 5433 Patre
3127 5381 3187 5432 in
3198 5371 3734 5432 .eternumsecundum

2172 5471 2424 5524 ordinem
2438 5467 2927 5524 Melchisedech.Ut
2946 5467 3252 5523 ﬁrmiorem
3266 5466 3427 5521 nobis
3437 5477 3578 5535 spem
3595 5454 3734 5512 adde-
