3992 6166
247 281 357 341 865

912 278 1293 339 EXPOSITIO
1333 281 1411 337 IN
1450 279 1606 336 EPP.
1650 279 1707 334 S.
1750 277 1986 333 PAULI.
2033 307 2096 318 —
2136 276 2215 331 IN
2254 275 2476 332 EPIST.
2517 276 2613 331 AD
2651 276 2866 334 HEBR.

3414 280 3520 337 866

243 411 350 473 ret,
381 406 507 461 ideo
534 406 638 461 hoc
656 406 727 462 de
747 406 969 462 Christo
990 405 1631 478 subjunxit.Przecursor
1649 409 1838 457 autem
1859 402 1911 462 Α
1923 401 2077 462 Dan,‘
2097 416 2209 455 non
2238 400 2298 454 in
2328 401 2418 455 via
2446 401 2778 456 reversionis
2821 400 3021 456 habuit
3057 403 3388 470 Jerusalem,
3419 407 3518 461 sed

243 495 451 549 dicitur
477 511 511 548 a
539 495 840 566 praeeundo
871 500 927 549 et
953 494 1365 566 praecurrendo,
1401 498 1458 547 et
1493 498 1579 547 est
1603 492 1842 561 alicujus

245 599 577 654 prazcursor,
620 583 765 637 sicut
802 583 1051 638 Joannes
1090 582 1314 638 Christi.
1359 581 1839 636 Considerandum

244 676 455 734 autem,
489 670 620 742 quia
648 688 762 726 non
791 672 930 725 dicit
952 671 1298 742 simpliciter,
1326 670 1573 724 introivit
1594 671 1756 724 .lesus
1785 669 1842 723 in

242 757 512 813 inferiora
542 758 853 822 velaminis,
886 759 986 812 sed
1009 775 1136 811 cum
1168 758 1571 817 additamento,
1600 757 1791 811 dicens
1827 775 1838 810 :

243 846 353 903 Ubi
402 863 714 918 praecursor
766 863 866 918 pro
916 846 1078 901 nobis
1106 846 1378 910 introivit,
1421 846 1593 900 veluti
1630 845 1843 916 absque

247 935 423 990 dubio
451 952 552 989 nos
576 940 832 1007 oporteat
851 935 1114 1007 prosequi
1137 950 1535 1006 praecursorem
1564 941 1841 988 nostrum.

247 1023 664 1079 Pra‘cursorem
694 1040 824 1077 vero
871 1029 927 1077 et
966 1029 1391 1094 consequentes,
1429 1022 1489 1077 in
1530 1024 1728 1077 eadem
1757 1023 1848 1076 via

249 1127 376 1166 esse
402 1112 678 1165 convenit.
711 1111 969 1166 Christus
997 1111 1188 1181 itaque
1210 1126 1508 1181 resurgens
1531 1127 1567 1164 a
1587 1111 1845 1176 mortuis,

246 1200 616 1272 praecucurrit
642 1217 744 1254 nos
767 1200 837 1254 ad
867 1199 1221 1254 altitudinem
1250 1200 1537 1265 ccelorum,
1560 1199 1850 1270 factusque

248 1294 338 1343 est
394 1288 555 1343 nobis
610 1305 940 1360 praecursor,
982 1288 1286 1359 aperiendo
1333 1287 1495 1342 nobis
1531 1287 1751 1351 caelum,
1794 1294 1853 1342 et

244 1377 463 1448 gaudia
492 1379 686 1449 patria
715 1378 957 1432 caelestis
985 1377 1290 1432 reddendo.
1324 1377 1381 1432 Si
1421 1393 1554 1447 ergo
1596 1377 1850 1431 volumus

245 1466 519 1537 subsequi
541 1482 939 1537 przecursorem
972 1471 1246 1529 nostrum,
1272 1465 1539 1520 debemus
1563 1466 1709 1519 sicut
1734 1465 1847 1531 ille,

246 1559 308 1609 et
322 1555 433 1625 ipsi
454 1554 760 1610 ambulare.
776 1556 894 1609 Hoc
910 1560 1098 1609 autem
1116 1556 1187 1608 ad
1202 1559 1465 1608 naturam
1480 1553 1851 1608 humanitatis

247 1641 382 1696 Filii
415 1643 516 1696 Dei
547 1643 803 1707 refertur,
837 1643 895 1697 in
944 1660 1057 1713 qua
1100 1642 1464 1713 semetipsum
1502 1642 1706 1697 obtulit
1735 1644 1849 1697 Deo

1922 489 2112 560 potius
2142 489 2328 544 Salem
2349 489 2618 560 oppidum
2638 506 2811 561 supra
2840 496 3233 545 memoratum.
3263 495 3519 548 Primum

1923 579 2143 645 quidem
2183 581 2280 646 qui
2318 581 2720 647 interpretatur
2763 595 2858 632 rex
2894 582 3149 646 justitise,
3192 581 3387 635 deinde
3424 598 3522 636 res:

1924 666 2107 720 Solem
2138 668 2281 734 quod
2319 672 2396 720 est
2436 681 2533 720 res:
2569 669 2745 733 pacis,
2784 670 2903 721 sine
2944 674 3126 736 patre,
3157 671 3277 723 sine
3320 675 3516 737 matre,

1923 757 2042 807 sine
2080 758 2415 821 genealogia,
2465 771 2633 822 neque
2675 758 2910 809 initium
2956 758 3198 823 dierum,
3244 774 3416 828 neque
3451 762 3521 827 ﬁ-

1926 861 2052 899 nem
2098 847 2299 899 habens
2326 850 2466 900 vita.
2511 847 2668 918 Sazpe
2717 847 2915 902 beatus
2956 850 3256 919 Apostolus
3285 850 3523 906 Melchi-

1927 934 2129 988 sedech
2193 935 2251 988 in
2313 940 2508 1006 typum
2564 936 2787 989 Domini
2819 937 3133 991 salvatoris
3184 938 3515 999 introducit.

1928 1023 2194 1086 Quamvis
2248 1023 2395 1077 enim
2438 1040 2579 1094 pene
2616 1040 2810 1079 omnes
2865 1026 3043 1079 sancti
3097 1032 3154 1081 et
3190 1027 3523 1096 patriarcha;

1931 1117 1989 1165 et
2016 1112 2301 1182 propheta:
2328 1112 2528 1181 prioris
2550 1113 2842 1183 temporis,
2876 1114 2935 1167 in
2979 1115 3165 1186 aliqua
3194 1132 3253 1169 re
3281 1117 3522 1186 ﬁguram

1932 1200 2139 1255 Christi
2185 1200 2579 1270 expresserint,
2615 1207 2804 1255 tamen
2855 1202 3260 1258 Melchisedech
3308 1205 3522 1276 specia-

1930 1289 2059 1353 lius,
2105 1288 2201 1358 qui
2243 1305 2356 1342 non
2400 1288 2509 1342 fuit
2550 1288 2621 1343 de
2665 1306 2872 1359 genere
2918 1290 3259 1358 Judazorum,
3295 1293 3354 1347 in
3389 1300 3524 1366 typo

1934 1378 2217 1448 praecessit
2245 1377 2622 1432 sacerdotium
2648 1378 2773 1431 Filii
2795 1378 2917 1443 Dei,
2940 1378 3009 1432 de
3040 1395 3149 1449 quo
3180 1380 3329 1434 Deus
3358 1382 3528 1437 Pater

1932 1466 2068 1520 dicit
2095 1466 2154 1519 in
2187 1466 2411 1519 Psalmo
2437 1488 2449 1518 τ
2490 1468 2567 1520 Tu
2597 1483 2650 1520 es
2668 1469 2915 1521 sacerdos
2946 1472 3008 1522 in
3037 1473 3305 1524 sternam
3331 1487 3526 1525 secun-

1932 1555 2069 1608 dum
2097 1556 2350 1608 ordinem
2382 1555 2753 1608 Melchisedech
2777 1554 2946 1625 (Psal.
2975 1560 3106 1621 cxx).
3131 1557 3400 1613 Ordinem
3422 1576 3526 1614 au-

1931 1648 2044 1696 tem
2077 1644 2199 1713 ejus
2231 1643 2422 1696 multis
2452 1642 2632 1696 modis
2654 1643 3013 1713 interpretari
3040 1661 3359 1715 possumus,
3382 1648 3530 1702 sicut

249 1730 417 1785 Patri
446 1731 504 1784 in
524 1747 622 1785 ara
645 1732 823 1786 crucis
843 1732 1179 1786 sacriﬁcium
1202 1731 1400 1785 salutis
1420 1737 1645 1788 nostrae.
1663 1731 1850 1795 Quare
1869 1713 1915 1772 B
1927 1731 2047 1800 jam
2069 1747 2132 1784 su
2141 1730 2451 1801 pradictum
2473 1736 2576 1793 est,
2601 1730 2818 1785 scilicet
2836 1732 2985 1802 quod
3004 1733 3159 1787 solus
3178 1751 3273 1788 rex
3288 1735 3460 1790 fuerit
3471 1739 3530 1789 et

250 1818 520 1873 Christus
550 1820 855 1873 secundum
898 1820 1155 1874 ordinem
1196 1820 1603 1874 Melchisedech
1632 1820 1852 1874 dicatur

248 1903 497 1957 existere
524 1904 804 1969 sacerdos,
835 1904 973 1959 satis
1000 1909 1213 1975 aperte,
1231 1909 1297 1958 ut
1324 1920 1470 1966 reor,
1495 1904 1662 1974 paulo
1691 1920 1852 1974 supe-

246 1992 377 2045 rius
397 1997 684 2047 ostensum
706 1997 811 2047 est.
840 1992 950 2047 Sed
975 1993 1121 2063 quod
1154 1991 1295 2046 dixit
1320 1992 1580 2047 introisse
1604 1992 1762 2046 illum
1792 1992 1853 2046 in

246 2080 533 2136 interiora
551 2081 863 2148 velaminis,
895 2098 1051 2136 more
1079 2082 1406 2153 pontiﬁcum
1432 2081 1751 2136 Iudaeorum
1776 2082 1854 2136 lo-

250 2170 474 2240 quitur,
490 2171 586 2241 qui
606 2172 778 2226 semel
791 2172 849 2225 in
862 2187 1010 2225 anno
1024 2170 1489 2240 ingrediebantur
1507 2170 1657 2224 intra
1671 2156 1854 2225 velum

247 2259 310 2315 in
347 2260 557 2315 Sancta
583 2267 902 2316 sanctorum
925 2261 1141 2315 oraturi
1168 2261 1227 2314 in
1255 2261 1464 2331 templo
1494 2278 1595 2331 pro
1624 2263 1851 2332 populo,

246 2349 334 2403 sic
359 2354 417 2404 et
431 2350 688 2404 Christus
703 2356 919 2405 secreta
938 2351 1098 2421 regni
1115 2350 1379 2405 calorum
1397 2357 1718 2420 penetrans,
1731 2356 1856 2405 orat

246 2438 484 2493 assidue
514 2455 613 2510 pro
643 2440 826 2493 salute
854 2439 1105 2493 ﬁdelium
1134 2455 1388 2493 suorum.

858 2528 1092 2582 CAPUT
1131 2525 1264 2582 VII.

314 2617 430 2670 Hic
466 2618 618 2670 enim
654 2616 1034 2670 Melchisedech
1084 2632 1182 2670 rere
1226 2616 1430 2679 Salem,
1474 2616 1720 2670 sacerdos
1757 2616 1857 2670 Dei

244 2707 489 2768 summi,
520 2704 787 2759 subaudis
814 2704 940 2768 fuit,
973 2708 1074 2774 qui
1100 2704 1590 2759 obviavitAbrahw
1617 2719 1856 2772 regresso

247 2811 283 2848 a
307 2795 456 2848 caede
476 2809 687 2861 regum,
706 2799 754 2847 et
780 2794 1049 2847 benedth
1069 2797 1137 2859 ei,
1160 2796 1255 2847 cui
1276 2798 1326 2846 et
1345 2794 1583 2847 decimas
1602 2795 1857 2847 omnium

250 2882 459 2934 divisit
476 2880 780 2935 Abraham.
794 2880 1048 2935 Tradunt
1070 2880 1281 2937 Hebraei
1298 2881 1484 2952 ipsum
1507 2881 1634 2935 Sem
1655 2880 1861 2951 primo-

249 2970 521 3039 genitum
559 2970 697 3033 Noe,
733 2970 911 3023 ﬁlium
939 2969 1034 3040 qui
1064 2986 1129 3024 eo
1158 2974 1410 3040 tempore
1439 2986 1549 3040 quo
1577 2974 1745 3024 natus
1775 2974 1861 3023 est

1933 1818 2210 1882 sacerdos,
2229 1824 2285 1872 et
2308 1825 2440 1872 ante
2461 1819 2940 1874 circumcisionem
2962 1821 3188 1876 functus
3215 1824 3527 1878 sacerdotio

1934 1913 1999 1962 ut
2027 1923 2135 1961 non
2155 1912 2352 1976 gentes
2375 1925 2407 1961 ει
2431 1908 2656 1973 Judaeis,
2680 1909 2777 1962 sed
2800 1906 2984 1963 Judaei
3005 1926 3040 1963 a
3064 1911 3329 1980 gentibus
3348 1928 3529 1967 sacer-

1935 1995 2154 2049 dotium
2200 1996 2533 2067 acciperent,
2568 2013 2750 2066 neque
2796 2003 2998 2052 unctus
3041 1999 3165 2053 oleo
3203 1999 3427 2067 visibili,
3462 2007 3528 2056 ut

1937 2083 2181 2138 mosaica
2200 2091 2476 2155 praecepta
2495 2083 2863 2151 constituunt,
2882 2086 2980 2140 sed
3001 2087 3124 2140 oleo
3140 2089 3527 2145 exsultationis

1939 2172 2180 2243 ﬁdeique
2197 2174 2461 2243 puritate,
2484 2189 2668 2243 neque
2686 2174 2871 2228 carnis
2891 2179 2949 2228 et
2965 2176 3257 2245 sanguinis
3274 2177 3529 2233 victimas

1935 2261 2329 2329 immolaverit,
2357 2261 2454 2315 sed
2480 2277 2623 2331 pane
2656 2267 2712 2315 et
2731 2261 2856 2315 vino
2878 2262 3124 2333 simplici
3151 2280 3403 2335 puroque
3436 2281 3532 2320 sa-

1935 2348 2141 2402 criﬁcio
2158 2349 2365 2403 Christi
2386 2349 2723 2404 dedicaverit
2742 2350 3139 2419 sacerdotium,
3163 2352 3261 2407 sed
3281 2354 3530 2425 primum

1937 2438 2019 2507 (ut
2038 2438 2324 2509 apostolus
2343 2438 2497 2502 dicit)
2516 2437 2574 2492 in
2594 2438 2698 2492 hoc
2726 2439 3074 2495 assimilatur
3090 2440 3231 2495 Filio
3252 2442 3373 2509 Dei,
3397 2444 3532 2514 quia

1934 2526 2340 2596 interpretatur
2389 2543 2486 2580 rex
2534 2527 2770 2597 justitiae
2805 2545 2817 2580 :
2860 2528 3117 2583 Melchon
3168 2530 3377 2585 etenim
3415 2533 3532 2587 sive

1938 2614 2137 2667 Melchi
2152 2630 2343 2684 regem
2359 2620 2547 2680 sonat;
2572 2615 2785 2669 Sedech
2799 2632 2948 2681 vero,
2958 2618 3147 2686 justus
3162 2618 3278 2673 sive
3286 2619 3529 2689 justitia.

1940 2703 2008 2756 Et
2054 2701 2180 2772 quis
2224 2708 2310 2756 est
2347 2719 2510 2756 verus
2555 2719 2651 2757 rex
2684 2704 2941 2773 justitiaz,
2985 2705 3095 2759 nisi
3124 2706 3401 2773 Christus,
3433 2708 3531 2779 qui

1939 2790 2075 2845 dicit
2097 2791 2157 2845 in
2176 2791 2426 2845 Psalmo:
2449 2793 2556 2859 Ego
2570 2797 2755 2846 autem
2778 2797 3107 2848 constitutus
3126 2811 3250 2849 sum
3275 2811 3370 2849 rem
3386 2797 3456 2849 ab
3473 2812 3531 2851 eo

1944 2882 2107 2947 (Psal.
2135 2883 2220 2948 ll).
2244 2880 2371 2950 Ipse
2400 2879 2549 2933 enim
2574 2880 2725 2949 juste
2751 2888 2808 2935 et
2827 2887 2977 2936 recte
3006 2882 3152 2953 regit
3173 2888 3230 2937 et
3253 2883 3534 2953 gubernat

1942 2968 2147 3021 electos
2162 2984 2292 3021 suos
2298 3010 2315 3036 ,
2320 2968 2555 3037 justitiae
2571 2975 2851 3023 amatores
2864 2956 3105 3037 eﬁ'ectos,
3125 2972 3329 3026 deinde
3337 2978 3531 3027 autem

248 3057 568 3122 Abraham,
587 3057 849 3112 habuerit
863 3073 1042 3112 annos
1061 3056 1245 3112 aetatis
1264 3056 1533 3110 ducentos
1551 3055 1859 3126 nonaginta
1877 3060 1920 3118 C
1942 3056 2287 3110 assimilatur
2314 3056 2450 3110 Filio
2479 3056 2599 3119 Dei,
2633 3074 2734 3127 per
2760 3058 2866 3112 hoc
2896 3059 3043 3129 quod
3081 3059 3287 3114 dicitur
3312 3077 3409 3115 rex
3438 3078 3535 3132 pa-

250 3147 423 3211 duos,
469 3162 647 3217 eoque
682 3152 937 3218 tempore
975 3163 1084 3216 quo
1120 3151 1376 3199 mortuus
1414 3151 1502 3198 est
1538 3143 1852 3209 Abraham,

249 3234 528 3289 habuerit
546 3251 723 3289 annos
742 3235 1080 3306 quingentos
1096 3233 1388 3304 sexaginta
1407 3232 1674 3303 quinque,
1702 3237 1758 3285 et
1777 3232 1860 3285 ita

248 3323 632 3395 supervixerit
683 3323 966 3378 Abraham
1040 3322 1204 3376 annis
1283 3321 1520 3391 triginta
1576 3320 1849 3391 quinque.

247 3411 478 3477 Quibus
533 3412 786 3483 expletis,
844 3412 978 3466 tacti
1024 3416 1157 3466 sunt
1194 3427 1389 3465 omnes
1426 3410 1545 3463 dies
1583 3409 1707 3463 vitae
1745 3424 1859 3464 suae

248 3500 509 3555 sexcenti
541 3501 691 3554 anni.
736 3502 851 3555 Nec
880 3517 1001 3554 esse
1032 3500 1257 3560 mirum,
1291 3499 1339 3553 si
1369 3497 1609 3552 Abrahae
1639 3496 1857 3551 obviam

243 3589 616 3661 processerit,
648 3590 812 3660 eique
838 3606 1038 3660 panem
1067 3594 1125 3643 et
1153 3589 1342 3643 vinum
1382 3586 1668 3648 obtulerit,
1709 3586 1859 3656 quod

244 3678 526 3749 abnepoti
555 3695 655 3733 suo
688 3679 819 3748 jure
854 3677 1209 3749 paternitatis
1251 3675 1510 3741 debebat,
1543 3680 1601 3729 et
1628 3674 1859 3728 benedi-

1938 3144 2037 3209 cis,
2063 3144 2210 3215 quod
2234 3145 2479 3215 pertinet
2496 3145 2567 3199 ad
2593 3146 2899 3200 Christum.
2924 3148 3107 3201 Salem
3129 3148 3536 3220 interpretatur

1940 3248 2066 3303 pax,
2089 3232 2346 3286 Christus
2372 3232 2547 3302 igitur
2570 3249 2672 3287 nos
2689 3234 2981 3303 justiﬁcat,
3005 3235 3102 3305 qui
3127 3241 3213 3290 est
3242 3252 3338 3290 rex
3362 3237 3535 3307 justi-

1939 3320 2051 3386 tiae,
2079 3326 2137 3375 et
2164 3321 2282 3392 ipse
2314 3320 2569 3391 paciﬁcat
2599 3322 2790 3375 omnia
2815 3339 2937 3393 quae
2967 3322 3024 3376 in
3054 3324 3208 3378 caelis
3237 3330 3295 3379 et
3323 3341 3445 3395 quae
3474 3325 3535 3381 in

1939 3415 2093 3465 terra
2116 3415 2268 3475 sunt,
2295 3410 2390 3480 qui
2413 3409 2692 3464 nascendo
2722 3416 2778 3464 et
2798 3410 3087 3465 moriendo
3108 3422 3163 3467 et
3191 3415 3535 3484 resurgendo

1940 3506 2110 3570 atque
2132 3498 2485 3552 ascendendo
2516 3514 2708 3568 pacem
2730 3498 2920 3553 attulit
2948 3501 3177 3567 mundo,
3210 3502 3305 3571 qui
3334 3520 3536 3558 secun-

1941 3587 2073 3640 dum
2110 3586 2470 3641 Divinitatem
2520 3586 2640 3640 sine
2685 3587 2847 3641 initio
2895 3593 2951 3641 et
3003 3588 3124 3642 sine
3165 3590 3275 3643 ﬁne
3317 3606 3414 3644 rex
3452 3596 3541 3647 est

1940 3680 2149 3729 aeterno
2167 3675 2318 3729 Patri
2339 3681 2668 3740 coaeternus,
2694 3677 2947 3745 quamvis
2962 3692 3027 3730 ex
3045 3678 3337 3747 temporali
3357 3685 3539 3735 matre

246 3768 407 3822 xerit
442 3767 515 3831 ei,
557 3766 914 3837 decimasque
955 3766 1150 3836 przedae
1200 3777 1371 3835 atque
1400 3763 1644 3817 victoriae
1682 3762 1754 3815 ab
1794 3779 1860 3816 eo
1940 3763 2267 3834 temporalis
2286 3768 2452 3817 esset.
2470 3764 2625 3817 Sicut
2642 3764 2793 3817 enim
2813 3763 2976 3818 istius
2998 3765 3402 3821 Melchisedech
3423 3784 3538 3824 non

249 3856 563 3927 acceperit,
588 3855 734 3909 sicut
764 3854 1023 3909 sacerdos
1059 3853 1266 3907 summi
1288 3852 1389 3906 Dei
1410 3851 1609 3906 excelsi
1631 3867 1741 3905 non
1763 3851 1864 3905 fal-
1944 3851 2185 3921 legimus
2207 3851 2432 3905 initium
2454 3851 2538 3904 vel
2554 3852 2726 3905 ﬁnem
2746 3851 2800 3905 in
2824 3852 3112 3923 Scriptura
3130 3870 3307 3919 sacra,
3323 3856 3403 3910 sic
3423 3871 3539 3912 non

252 3961 459 4000 eorum
475 3945 707 3998 deorum
724 3949 783 3998 et
802 3942 1099 4005 idolorum,
1116 3941 1210 4012 qui
1225 3940 1333 3995 fuit
1347 3940 1518 3995 etiam
1536 3956 1633 3994 rex
1653 3940 1860 3995 Salem.
1944 3941 2201 3995 novimus
2218 3939 2344 3993 Filii
2364 3938 2466 3994 Dei
2488 3938 2713 3993 initium
2735 3940 2819 3994 vel
2849 3941 3037 4008 ﬁnem,
3064 3941 3198 4012 quia
3227 3959 3341 3997 non
3370 3944 3541 4001 habet

255 4034 458 4089 Salem
490 4036 679 4086 autem
712 4031 873 4097 (sicut
916 4029 1114 4084 beatus
1160 4029 1536 4100 Hieronymus
1565 4028 1718 4097 dicit)
1750 4044 1864 4082 non
1946 4029 2160 4099 aliquid
2185 4028 2387 4083 horum
2416 4028 2476 4082 in
2495 4033 2700 4083 natura
2721 4028 2978 4093 Deitatis,
3002 4034 3059 4083 et
3083 4029 3141 4084 in
3163 4031 3267 4085 hoc
3286 4037 3372 4086 est
3388 4033 3542 4089 simi-

256 4127 353 4177 est
368 4121 623 4193 putanda
641 4120 975 4187 Jerusalem,
988 4124 1051 4173 ut
1066 4118 1340 4189 Iosephus
1358 4117 1861 4188 historiographus,
1947 4118 2145 4184 litudo,
2170 4118 2317 4189 quod
2335 4133 2436 4172 nec
2463 4117 2635 4181 illius,
2661 4133 2765 4171 nec
2783 4117 2945 4172 istius
2965 4118 3192 4173 initium
3220 4121 3428 4190 legitur
3453 4120 3541 4176 vel

254 4215 709 4280 nostrorumque
741 4208 1091 4262 arbitrantur
1120 4206 1371 4277 plurimi,
1400 4206 1497 4261 sed
1521 4207 1685 4277 juxta
1712 4205 1867 4277 oppi—
1948 4207 2077 4261 ﬁnis
2107 4219 2119 4254 :
2151 4207 2300 4261 illius
2328 4205 2576 4277 quidem,
2610 4206 2744 4277 quia
2788 4223 2901 4261 non
2931 4212 3017 4262 est
3054 4208 3346 4279 scriptum,
3378 4209 3543 4265 istius

260 4300 410 4353 dum
442 4302 530 4352 est
566 4297 948 4368 Scythopolim
986 4313 1108 4367 quae
1148 4311 1329 4366 usque
1359 4294 1523 4349 hodie
1553 4295 1870 4366 appellatur
1950 4301 2158 4358 autem,
2189 4295 2319 4367 quia
2358 4293 2589 4349 omnino
2617 4311 2729 4349 non
2758 4301 2862 4350 est.
2894 4297 3092 4368 Neque
3120 4297 3269 4351 enim
3297 4297 3401 4352 sub
3431 4315 3544 4370 quo

262 4388 463 4442 t'alem
495 4387 609 4441 sive
640 4386 834 4450 Salim,
868 4386 938 4439 de
969 4401 1080 4456 quo
1107 4388 1278 4456 (teste
1305 4383 1469 4438 beato
1499 4383 1866 4455 Hieronymo)
1884 4369 1934 4427 Ῑ)
1952 4390 2120 4439 natus
2139 4389 2224 4439 est
2251 4383 2659 4438 Melchisedech
2682 4384 2908 4455 legitur,
2933 4402 3116 4457 neque
3145 4386 3369 4457 quando
3399 4369 3548 4443 mor-

262 4477 327 4531 in
355 4476 664 4545 Evangelia
690 4474 898 4545 legitur
922 4489 934 4524 :
957 4475 1095 4527 Erat
1121 4479 1304 4527 autem
1326 4475 1562 4528 Joannes
1582 4474 1871 4540 baptizans
1952 4478 2084 4527 tuus
2109 4478 2193 4527 est
2218 4477 2502 4537 narratur,
2536 4473 2634 4527 sed
2659 4472 2844 4527 subito
2873 4474 3271 4542 introducitur,
3312 4476 3459 4531 sicut
3487 4484 3546 4533 et

264 4569 335 4618 in
365 4566 791 4632 £nnon,ju:rla
819 4563 1018 4627 Salim,
1042 4565 1177 4630 quia
1205 4577 1360 4630 aqua;
1386 4564 1574 4614 multa:
1603 4564 1763 4614 erant
1790 4561 1872 4613 ibi
1952 4561 2520 4618 Helias.Necomnino
2533 4561 2871 4616 credendum
2884 4568 2968 4616 est
2980 4563 3125 4632 quod
3138 4563 3550 4621 Melchisedech

264 4658 461 4724 (Joan.
492 4654 593 4722 In).
628 4652 843 4706 Idcirco
865 4656 1056 4705 autem
1076 4651 1141 4704 ﬁt
1167 4650 1278 4704 ista
1301 4651 1537 4704 varietas
1554 4650 1866 4715 nominum,
1951 4650 2073 4704 sine
2100 4655 2280 4720 patre,
2302 4654 2402 4703 aut
2429 4649 2549 4704 sine
2580 4655 2760 4703 matre
2780 4655 2945 4714 esset,
2974 4666 3101 4702 cum
3129 4651 3386 4705 Christus
3410 4668 3546 4722 quo-

265 4744 412 4816 quia
441 4741 663 4797 Hebraei
688 4742 881 4795 multis
914 4741 973 4794 in
991 4739 1130 4794 locis
1151 4756 1252 4810 per
1267 4746 1638 4794 consonantes
1657 4739 1871 4793 solum-
1952 4754 2061 4810 que
2076 4736 2382 4792 secundum
2403 4742 2703 4806 utramque
2721 4742 3003 4797 naturam,
3023 4741 3081 4790 et
3098 4742 3315 4806 patrem
3336 4738 3548 4793 habue-

265 4833 445 4887 modo
460 4831 734 4897 scribunt,
748 4829 1052 4884 subtractis
1068 4827 1367 4894 vocalibus,
1384 4834 1556 4899 atque
1579 4828 1658 4883 ita
1675 4844 1872 4883 secun—
1952 4827 2026 4881 rit
2046 4832 2104 4881 et
2121 4829 2381 4890 matrem,
2397 4824 2496 4878 sed
2520 4828 2817 4895 propterea
2837 4824 2942 4877 hoc
2962 4823 3169 4878 dicitur
3188 4825 3257 4879 de
3272 4825 3385 4892 illo,
3411 4827 3548 4897 quia

263 4922 410 4976 dum
432 4920 728 4975 arbitrium
749 4918 988 4989 legentis
1010 4916 1427 4989 pronuntiatur,
1454 4933 1563 4971 non
1585 4933 1699 4972 uno
1721 4934 1872 4971 sem—
1953 4914 2138 4970 subito
2176 4912 2555 4969 introducitur
2588 4912 2647 4966 in
2675 4911 2863 4966 divina
2890 4911 3199 4983 Scriptura,
3226 4914 3373 4969 sicut
3399 4915 3548 4971 dixi-

260 5026 372 5081 per
399 5008 712 5079 eodemque
759 5007 945 5061 modo.
978 5005 1309 5062 Ostenditur
1346 5010 1535 5060 autem
1572 5006 1631 5059 in
1673 5006 1871 5060 eodem
1954 5020 2099 5067 mus,
2132 5007 2189 5057 et
2228 5001 2558 5073 genealogis
2599 5000 2751 5054 illius
2788 5015 2900 5053 non
2930 5008 3424 5059 commemoratur.
3464 5005 3547 5060 De

261 5098 480 5171 oppido
509 5097 782 5168 palatium
809 5095 1234 5161 Melchisedech,
1260 5110 1325 5148 ex
1347 5094 1734 5164 magnitudine
1760 5093 1874 5148 rui-
1956 5110 2065 5164 quo
2085 5092 2256 5146 etiam
2276 5091 2482 5145 dicitur
2502 5089 2650 5160 quod
2678 5090 3022 5143 assimilatas
3050 5089 3197 5145 Filio
3227 5094 3337 5160 Dei,
3369 5093 3431 5148 in
3457 5094 3547 5149 his

261 5203 477 5243 narum
490 5185 791 5240 ostendens
801 5184 1002 5239 veteris
1014 5183 1201 5254 operis
1211 5182 1688 5249 excellentiam,ad
1703 5198 1873 5254 quam
1954 5181 2214 5236 omnibus
2231 5177 2614 5251 superioribus
2634 5177 2816 5244 dictis,
2839 5185 3025 5233 manet
3043 5183 3291 5235 sacerdos
3310 5184 3374 5237 in
3400 5189 3551 5238 «τεθν-

263 5278 563 5332 civitatem
583 5274 699 5329 sive
723 5273 990 5345 oppidum
1018 5272 1228 5343 legitur
1255 5272 1425 5326 etiam
1450 5270 1622 5327 Jacob
1647 5270 1875 5325 descen-
1956 5286 2115 5335 num,
2146 5285 2259 5323 non
2291 5269 2350 5322 in
2374 5284 2450 5331 se,
2485 5266 2584 5321 sed
2611 5266 2671 5321 in
2696 5266 2940 5322 Christo.
2968 5268 3111 5324 Nam
3142 5270 3550 5327 Melchisedech

266 5367 447 5431 disse,
467 5364 564 5434 qui
580 5363 758 5417 fuitin
773 5368 926 5417 terra
941 5362 1208 5415 Chanaan
1221 5361 1466 5431 regionis
1480 5360 1699 5415 Sichem
1719 5359 1867 5425 (Gen.
1958 5364 2215 5412 mortuus
2237 5362 2341 5421 est,
2373 5355 2472 5410 sed
2501 5356 2683 5425 ﬁgura
2712 5356 2835 5427 ejus
2863 5358 3208 5413 eternaliter
3235 5360 3296 5415 in
3326 5361 3548 5415 Christo

265 5469 451 5522 xxvi).
480 5452 961 5507 Considerandum
1005 5466 1248 5522 quoque,
1296 5449 1446 5521 quod
1476 5448 1765 5503 Abraham
1805 5448 1876 5502 de
1956 5451 2165 5500 manet.
2198 5443 2515 5499 Similitudo
2563 5450 2753 5499 autem
2799 5446 2891 5501 hic
2927 5462 3037 5501 non
3085 5464 3187 5518 pro
3231 5449 3547 5519 aequalitate

266 5544 429 5599 caede
459 5541 708 5596 hostium
733 5544 1040 5608 revertens,
1065 5555 1206 5611 quos
1234 5543 1563 5609 persecutus
1584 5542 1672 5593 est
1696 5551 1876 5608 usque
1955 5535 2204 5607 ponitur,
2235 5533 2337 5590 sed
2363 5549 2466 5605 pro
2493 5533 2695 5605 ﬁgura.
