3992 6166
524 278 629 338 887
935 281 1312 338 HAYMONIS
1351 282 1840 338 HALBERSTAT.
1882 278 2107 338 EPISC.
2148 276 2308 335 OPP;
2351 277 2537 334 PARS
2572 278 2619 337 Ι.
2660 294 2731 319 ιιι-ι
2769 278 3140 338 COMMENT.
3176 280 3351 340 BIBL.

3621 284 3708 347 888

593 410 905 463 Intuemini
922 414 1109 461 autem
1129 412 1371 475 quantus
1387 410 1457 461 sit
1477 409 1691 471 hic,cui
1712 408 1950 462 decimas
1965 408 2115 461 dedit
2130 412 2182 468 Α
2198 421 2367 475 quam
2405 420 2439 456 τι
2474 403 2708 458 meliore
2751 404 3194 462 benedictionem
3230 409 3479 480 percepit.
3513 411 3714 469 Proinde

523 500 588 551 de
608 500 904 565 prdei‘puis
930 497 1210 549 Abraham
1240 497 1583 563 patriarcha.
1605 497 1893 550 Convertit
1910 512 2117 550 sermo-
2200 495 2382 563 major
2409 508 2473 546 ac
2513 493 2713 547 melior
2739 498 2825 547 est
2862 499 3030 565 typus
3057 495 3278 563 Christi,
3308 513 3464 567 quam
3488 497 3616 551 illius
3640 498 3718 568 qui

524 602 653 641 nem
674 600 836 639 suum
862 584 931 637 ad
953 600 1048 636 eos
1070 583 1162 653 qui
1182 583 1496 652 gloriantur
1515 600 1573 637 se
1594 584 1740 637 ﬁlios
1751 601 1872 638 esse
1883 584 2117 639 Abrahae
2199 582 2601 652 promissiones
2628 583 2697 636 de
2728 583 2947 637 Christo
2974 583 3231 639 habebat.

525 680 582 731 et
600 674 946 729 nobilitatem
962 672 1186 742 generis
1209 671 1278 724 ab
1298 671 1393 725 illo
1409 672 1612 726 ducere
1635 689 1693 727 se
1708 673 1943 742 jactant.
1956 673 2117 728 Unde
2267 672 2333 725 Et
2375 672 2463 723 hic
2500 673 2721 737 quidem
2760 674 3049 725 morientes
3090 674 3327 727 homines
3360 674 3574 727 decium
3606 679 3722 731 acci-

523 766 583 818 in
625 762 924 833 Evangelio
968 760 1205 814 Domino
1238 776 1364 813 eum
1395 777 1717 830 praeponere
1746 763 2111 821 conabantur.
2190 762 2378 826 piunt,
2416 760 2498 810 ibi
2538 763 2723 812 autem
2753 765 3107 824 contestatur,
3131 764 3229 828 qui
3248 763 3395 814 vivit.
3417 761 3531 826 Hic,
3556 763 3721 832 inquit,

523 860 649 907 cum
691 852 944 906 dicerent
975 867 986 901 ε
1022 852 1293 917 Nunquid
1324 854 1383 902 tu
1415 854 1596 917 maior
1632 867 1684 903 es
1722 853 1883 904 Patre
1930 856 2116 904 nostro
2197 847 2302 901 hoc
2322 852 2406 900 est
2430 848 2488 899 in
2509 848 2771 917 praesenti
2794 850 2997 902 saeculo
3016 851 3104 903 vel
3125 850 3183 903 in
3205 850 3408 920 templo
3428 850 3562 920 quod
3580 851 3726 905 adhuc

521 940 805 997 Abraham
827 944 852 991 ?
881 939 1060 1004 (Joan.
1093 937 1189 1005 IV.)
1222 937 1297 991 Ut
1334 953 1468 1007 ergo
1499 937 1724 992 illorum
1752 938 2118 993 confunderet
2198 933 2401 998 stabat,
2436 936 2735 991 morientes
2766 938 3041 1002 homines,
3075 938 3174 992 ﬁlii
3212 928 3458 992 videlicet
3496 937 3627 1003 Levi,
3652 939 3726 1009 qui

522 1028 865 1100 superbiam,
887 1026 1188 1097 Apostolus
1219 1026 1357 1079 dixit
1386 1044 1397 1078 :
1431 1027 1735 1081 Intuemini
1759 1033 1816 1080 et
1844 1027 2118 1081 attendite
2198 1023 2463 1078 mortales
2491 1040 2555 1078 ac
2585 1025 2905 1079 moribundi
2933 1032 3082 1089 sunt,
3107 1026 3347 1080 decimas
3373 1027 3641 1097 accipiunt,
3667 1026 3727 1081 ibi

521 1118 822 1188 diligenter
841 1120 1086 1187 quantus
1115 1114 1284 1167 fuerit
1308 1114 1399 1168 hic
1426 1116 1833 1169 Melchisedech
1858 1116 2116 1170 sacerdos
2198 1115 2410 1175 autem,
2441 1111 2497 1165 id
2520 1118 2606 1166 est
2634 1112 2692 1166 in
2732 1113 2845 1166 alia
2882 1114 3036 1179 vita,o
3056 1114 3140 1167 vel
3177 1114 3296 1168 loco
3331 1113 3425 1167 ubi
3465 1114 3647 1168 dicitur
3673 1114 3727 1168 de

520 1207 623 1262 Dei
647 1205 876 1270 summi,
908 1204 999 1258 cui
1029 1203 1274 1257 decimas
1303 1203 1457 1256 dedit
1486 1202 1768 1257 Abraham
1799 1204 2117 1274 patriarcha
2199 1198 2421 1253 Christo
2464 1219 2476 1254 :
2527 1202 2605 1254 Tu
2642 1218 2694 1255 es
2731 1204 2977 1256 sacerdos
3016 1205 3078 1256 in
3114 1207 3395 1266 sternam,
3433 1207 3728 1257 contestatur

522 1296 591 1350 de
616 1293 932 1365 praecipuis,
977 1291 1034 1344 id
1064 1296 1151 1344 est
1194 1291 1265 1345 de
1303 1290 1630 1345 melioribus
1659 1292 1869 1362 spoliis.
1903 1293 2116 1357 Quibus
2199 1287 2348 1342 Deus
2389 1288 2557 1343 Pater
2596 1306 2726 1344 cum
2757 1292 3103 1360 juramento,
3165 1291 3297 1360 quia
3334 1290 3463 1344 vivit
3495 1290 3725 1344 Christus.

521 1382 702 1438 verbis
732 1382 850 1435 vult
877 1379 1191 1443 ostendere,
1223 1379 1452 1448 majoris
1489 1380 1781 1449 dignitatis
1808 1388 1865 1435 et
1888 1382 2117 1435 honoris
2197 1376 2358 1430 Unde
2388 1377 2525 1431 dicit
2553 1379 2854 1433 Psalmista
2887 1398 2898 1432 :
2928 1382 3155 1433 Juravit
3176 1381 3439 1433 Dominus
3464 1384 3510 1432 et
3534 1394 3633 1433 non
3650 1394 3731 1446 pa-

520 1472 695 1525 fuisse
714 1468 1119 1524 Melchisedech
1140 1484 1309 1537 quam
1336 1467 1722 1534 Abraham,ac
1744 1486 1844 1540 per
1868 1470 1971 1523 hoc
1992 1487 2114 1523 ma-
2199 1467 2393 1518 nitebit
2421 1480 2567 1531 eum,
2611 1472 2670 1520 tu
2707 1483 2761 1521 es
2797 1470 3042 1522 sacerdos
3080 1472 3145 1521 in
3182 1472 3444 1521 aeternum
3477 1466 3728 1520 secundum

517 1560 613 1629 jus
628 1563 684 1612 et
700 1556 948 1611 sanctius
967 1556 1085 1609 fore
1103 1555 1475 1609 sacerdotium
1489 1555 1694 1610 Christi
1714 1572 1880 1626 quam
1898 1558 2116 1612 Judeeo-
2199 1554 2449 1607 ordinem
2472 1555 2854 1610 Melchisedech
2884 1558 3049 1623 (Psal.
3079 1560 3210 1625 cu).

522 1662 672 1708 rum,
701 1644 860 1715 quasi
890 1643 1101 1698 diceret
1130 1655 1142 1689 ε
1181 1644 1359 1706 Quem
1391 1660 1486 1697 vos
1512 1644 1960 1698 excellentiorem
1992 1662 2112 1698 om-
2268 1642 2335 1695 Et
2359 1647 2422 1694 ut
2442 1646 2523 1696 ita
2546 1644 2758 1698 dictum
2778 1647 2872 1710 sit,
2896 1660 2999 1711 per
3021 1646 3304 1698 Abraham
3322 1649 3371 1698 et
3388 1646 3505 1697 Levi
3520 1645 3606 1711 qui
3621 1642 3730 1696 deci-

522 1734 687 1789 nibus
742 1731 1063 1787 hominibus
1117 1732 1425 1793 aestimatis,
1484 1732 1573 1786 hic
1625 1733 1872 1786 decimas
1912 1732 2318 1823 obtulithas
2365 1735 2588 1798 accepit,
2634 1732 2692 1785 in
2730 1732 2861 1785 ﬁliis
2898 1732 3033 1797 suis,
3075 1733 3162 1785 vel
3194 1732 3406 1802 accepit
3441 1731 3675 1785 hactenus
3703 1744 3730 1783 ει

520 1821 948 1887 Melchisedech,
979 1820 1073 1890 qui
1104 1820 1163 1873 iu
1192 1821 1374 1889 ﬁgura
1398 1820 1607 1875 Christi
1632 1822 1934 1890 praecessit.
2135 1818 2174 1823 —
2197 1818 2465 1873 fratribus
2495 1820 2632 1881 suis,
2663 1821 2966 1875 decimatus
2993 1827 3071 1875 est
3096 1837 3129 1874 a
3151 1820 3560 1885 Melchisedech,
3588 1820 3731 1872 adlice

591 1913 657 1966 Et
688 1912 912 1979 quidem
947 1910 1010 1962 de
1040 1910 1174 1975 ﬁliis
1215 1910 1338 1962 Levi
1376 1910 1742 1963 sacerdotium
1771 1912 2115 1978 accipientes,
2199 1910 2345 1960 enim
2378 1912 2441 1961 in
2475 1910 2696 1974 lumbis,
2723 1910 2829 1963 hoc
2867 1915 2953 1963 est
2989 1911 3297 1980 propagine
3332 1908 3565 1973 Seminis,
3586 1909 3731 1976 patris

520 2001 850 2053 mandatum
866 1998 1063 2050 habent
1078 1998 1317 2050 decimas
1333 2013 1548 2051 sumere
1562 2000 1805 2065 apoputo
1816 2000 2117 2052 secundum
2199 2000 2316 2049 erat
2352 1997 2475 2050 Levi
2507 1999 2728 2064 quando
2748 2000 2982 2052 obuiauit
3003 2002 3055 2052 ei
3078 1999 3476 2052 Melchisedech.
3495 1995 3732 2059 Quomodo

523 2091 711 2156 legem,
736 2088 795 2140 id
814 2091 909 2151 est,
937 2101 971 2138 a
996 2086 1275 2151 fratribus
1296 2088 1432 2149 suis,
1459 2101 1781 2154 quanquam
1796 2092 1845 2140 et
1860 2087 1965 2154 ipsi
1981 2090 2119 2141 erie-
2200 2084 2334 2138 dicit
2360 2084 2493 2138 Levi
2520 2086 2862 2141 decimatum
2882 2103 2918 2139 a
2938 2087 3365 2153 Melchisedech,
3392 2094 3511 2140 cum
3530 2084 3732 2139 nondum

465 2172 471 2179 ’
519 2180 638 2230 rint
659 2176 942 2230 delumbis
966 2175 1214 2227 Abrahae.
1237 2174 1416 2227 Tanta
1436 2180 1541 2237 est,
1567 2174 1768 2244 inquit,
1793 2176 2119 2230 excellentia
2199 2178 2365 2226 natus
2394 2179 2560 2239 esset,
2594 2174 2904 2244 praesertim
2943 2191 3068 2229 cum
3108 2180 3162 2230 et
3201 2176 3353 2231 ﬁlius
3380 2174 3482 2229 fuit
3505 2171 3733 2228 naturalis

521 2263 840 2327 sacerdotii,
863 2267 929 2316 ut
944 2261 1119 2316 etiam
1137 2261 1245 2333 ipsi
1263 2262 1359 2331 qui
1379 2263 1640 2316 eumdem
1660 2262 1974 2318 habuerant
1994 2282 2117 2334 pro-
2198 2260 2415 2315 Jacob‘?
2465 2263 2670 2334 Utique
2706 2279 2820 2317 non
2866 2269 2953 2318 est
2988 2264 3046 2318 in
3084 2281 3145 2318 se
3194 2264 3518 2347 decimatus,
3565 2260 3649 2315 sed
3688 2259 3733 2313 in

522 2353 859 2425 genitorem,
889 2357 948 2406 et
974 2350 1045 2404 ab
1071 2366 1184 2404 uno
1214 2355 1374 2420 patre
1402 2351 1809 2406 descenderant
1839 2371 1850 2406 :
1886 2358 2117 2423 propter
2199 2349 2509 2415 Abraham,
2557 2352 2627 2406 de
2677 2354 2837 2423 cujus
2890 2352 3156 2423 progenie
3192 2352 3501 2408 descendit.
3544 2347 3733 2412 Quando

520 2442 861 2498 excellentiae
892 2440 1157 2495 meritum
1203 2455 1313 2510 quo
1355 2439 1616 2493 meliores
1658 2446 1821 2494 erant
1849 2441 2115 2496 fratribus
2198 2438 2345 2490 enim
2363 2438 2648 2492 Abraham
2673 2440 2917 2494 decimas
2937 2440 3142 2495 Obtnlit
3161 2438 3576 2502 Melchisedech
3596 2437 3644 2490 in
3661 2434 3734 2487 m0

519 2530 658 2595 suis,
684 2534 879 2600 utpote
899 2530 1107 2591 Aaron,
1131 2528 1227 2599 qui
1246 2527 1394 2581 inter
1414 2527 1562 2582 vivos
1585 2533 1642 2582 et
1660 2535 1912 2583 mortuos
1933 2535 2106 2593 stans,
2196 2541 2391 2579 omnes
2429 2527 2529 2580 ﬁlii
2572 2529 2694 2597 ejus
2724 2528 3002 2584 dederunt
3032 2547 3044 2582 :
3087 2534 3430 2599 quaproPter
3463 2527 3583 2581 dicit
3615 2525 3733 2593 Apo-

516 2620 663 2675 iram
681 2619 904 2673 Domini
925 2618 1182 2689 placavit,
1210 2617 1510 2672 sacerdotii
1529 2618 1856 2688 dignitatem
1880 2619 2112 2689 adipisci
2194 2613 2393 2679 stolus,
2420 2616 2557 2684 quia
2584 2616 2716 2670 Levi
2750 2618 2846 2687 qui
2876 2617 3119 2671 decimas
3139 2618 3358 2688 accepit
3382 2616 3440 2670 in
3465 2614 3582 2669 ﬁliis
3601 2611 3736 2667 suisa

517 2712 888 2772 mererentur,
912 2723 976 2760 ac
995 2712 1292 2777 propterea
1311 2698 1418 2759 nisi
1446 2705 1855 2760 Melchisedech
1880 2708 2111 2777 majoris
2194 2702 2460 2757 lratribus
2487 2705 2622 2768 suis,
2654 2705 2964 2760 decimatus
3009 2712 3097 2760 est
3140 2721 3240 2776 per
3268 2704 3543 2760 Abraham
3569 2702 3663 2756 sive
3691 2699 3736 2752 in

516 2797 809 2866 dignitatis
838 2800 987 2849 esset
1014 2810 1182 2864 quam
1212 2795 1517 2859 Abraham,
1549 2808 1904 2866 nequaquam
1932 2795 2112 2851 Abra-
2195 2789 2508 2845 Abraham.
2540 2791 2755 2856 Quibus
2797 2792 2981 2847 verbis
3011 2793 3355 2859 declaratur,
3384 2793 3509 2864 quia
3535 2788 3631 2844 nisi
3663 2802 3735 2839 sa-

515 2886 648 2940 ham
676 2884 1004 2954 alienigenae
1035 2883 1278 2937 decimas
1306 2882 1571 2942 dedisset,
1604 2884 1751 2937 sicut
1778 2885 1965 2937 Aaron
1993 2901 2112 2938 ma-
2195 2878 2507 2953 cerdotium
2549 2880 2957 2934 Melchisedech
3008 2880 3105 2951 qui
3150 2880 3211 2935 in
3257 2882 3443 2951 ﬁgura
3488 2874 3737 2933 sacerdotii

511 2973 651 3044 joris
683 2972 871 3027 meriti
899 2971 1008 3026 fuit
1036 2982 1203 3042 quam
1233 2972 1435 3025 fratres
1459 2971 1610 3025 illiu‘s
1639 2971 1981 3042 reliquarum
2013 2973 2114 3026 tri-
2139 3033 2176 3044 Α
2195 2965 2404 3020 Christi
2441 2968 2742 3037 prmcessit,
2791 2969 3025 3039 majoris
3053 2968 3351 3040 dignitatis
3380 2974 3538 3034 esset,
3562 2980 3736 3035 neque.

516 3033 713 3117 buum.
763 3060 913 3116 Dicit
954 3033 1108 3130 ergo,
1156 3066 1215 3114 et
1262 3060 1485 3130 quidem
1523 3060 1592 3114 de
1630 3033 1777 3114 ﬁliis-
1797 3061 1929 3115 Levi
1966 3061 2111 3115 acci-
2130 3033 2178 3095 Ο
2197 3068 2365 3124 quam
2389 3033 2674 3110 Abraham
2697 3033 3006 3128 omnesque
3036 3033 3144 3111 ﬁlii
3163 3059 3290 3128 ejus
3319 3057 3389 3112 ab
3408 3058 3500 3111 illo
3519 3033 3735 3110 decidisti

514 3150 733 3223 pientes
752 3150 1149 3222 sacerdotium,
1170 3148 1316 3202 sicut
1334 3149 1548 3219 accepit
1562 3151 1751 3202 Aaron
1771 3156 1828 3203 et
1846 3150 1947 3203 ﬁlii
1967 3151 2108 3219 ejus,
2195 3150 2399 3197 essent
2425 3144 2569 3198 Dum
2589 3145 2742 3199 enim
2762 3146 3141 3201 sacerdotium
3159 3163 3193 3200 a
3213 3146 3523 3202 sacerdotio
3542 3142 3737 3197 decim?

514 3239 848 3295 mandatum
879 3246 934 3292 et
963 3243 1301 3308 praeceptum
1345 3236 1553 3290 habent
1592 3238 1901 3291 secundum
1931 3238 2108 3307 legem

516 3344 741 3383 sumere
769 3327 1015 3381 decimas
1052 3343 1086 3379 a
1129 3326 1355 3396 p0pulo,
1387 3326 1545 3394 quasi
1587 3325 1848 3379 meliores
1884 3326 2013 3389 illis,
2055 3333 2113 3380 et

515 3417 621 3471 huc
642 3433 676 3469 ει
694 3416 963 3470 fratribus
985 3414 1122 3475 suis,
1144 3430 1269 3467 cum
1291 3428 1468 3467 unum
1490 3414 1862 3483 eumdemque
1881 3414 2112 3468 habuis-

517 3511 643 3559 sent
659 3504 1094 3575 progenitorem,
1105 3504 1266 3572 juxta
1285 3501 1432 3571 quod
1445 3502 1746 3571 Apostolus
1766 3502 2107 3569 manifestat,

516 3594 708 3649 dicens
738 3612 749 3646 :
785 3594 1121 3662 Quanquam
1151 3596 1208 3644 et
1232 3590 1337 3660 ipsi
1376 3589 1578 3643 fratres
1608 3590 1739 3644 Levi
1770 3590 2006 3645 exierint
2041 3592 2111 3646 de

516 3682 725 3738 lumbis
758 3681 1012 3736 Abrahae.

590 3771 762 3839 Cujus
794 3776 979 3823 autem
1009 3770 1308 3835 generatio,
1340 3767 1396 3821 id
1426 3773 1511 3821 est
1539 3768 1966 3834 Melchisedech,
2000 3785 2112 3823 non

516 3863 935 3915 annumeratur
963 3859 1027 3911 in
1067 3859 1160 3921 eis,
1202 3856 1259 3910 id
1298 3862 1384 3910 est
1417 3856 1477 3911 in
1515 3856 1647 3911 ﬁliis
1685 3857 1832 3921 Levi,
1875 3858 2113 3911 decimas

517 3950 753 4015 sumpsit
781 3948 850 4001 ab
877 3946 1181 4010 Abraham,
1216 3950 1264 3999 et
1296 3946 1460 4010 hunc,
1494 3945 1551 3998 id
1583 3950 1668 4000 est
1686 3945 1992 4008 Abraham,
2016 3949 2114 4014 qui

518 4037 744 4093 habebat
784 4037 1229 4104 repromissiones
1270 4034 1339 4087 de
1376 4033 1515 4088 Filio
1554 4033 1673 4100 Dei,
1721 4036 1995 4088 benedixit
2022 4034 2114 4088 ille

514 4124 945 4181 Melchisedech.
980 4124 1082 4176 Hic
1108 4123 1354 4178 ostendit
1382 4122 1830 4177 incircumcisum
1860 4123 2113 4176 sacerdm

516 4216 655 4277 tem,
678 4211 1003 4266 circumciso
1033 4210 1323 4264 sacerdote
1350 4210 1524 4263 multo
1554 4226 1677 4263 esse
1702 4208 2109 4264 sublimiorem.

518 4298 809 4361 Quomodo
848 4314 980 4367 ergo
1017 4298 1124 4350 hoc
1165 4296 1521 4349 ostenditur?
1556 4297 1779 4366 Utique,
1821 4298 1955 4368 quia
1992 4298 2110 4367 ipse

517 4385 649 4439 Levi
669 4400 738 4438 ex
758 4400 868 4454 quo
888 4383 1233 4457 sacerdotale
1255 4394 1436 4452 genus
1459 4389 1644 4438 ortum
1669 4390 1772 4443 est.
1802 4385 2111 4440 decimatus

519 4477 606 4527 est
633 4489 667 4526 ει
695 4471 1105 4527 Melchisedech
1128 4471 1185 4525 in
1212 4470 1419 4525 lumbis
1445 4472 1817 4543 progenitoris
1842 4474 1947 4541 sui,
1968 4476 2111 4545 jam-

515 4571 630 4633 Que
654 4567 777 4619 erat
803 4560 1087 4633 Abraham
1117 4560 1498 4625 circumcisus,
1524 4562 1757 4633 jamque
1787 4564 2112 4633 promissio-

517 4666 649 4706 nem
678 4667 714 4705 a
744 4651 856 4705 Deo
885 4654 1176 4720 acceperat
1204 4649 1355 4719 quod
1384 4649 1443 4702 in
1471 4650 1686 4704 semine
1724 4652 1847 4721 ejus
1884 4651 2114 4706 benedi-

516 4746 719 4797 centur
746 4755 942 4794 omnes
960 4744 1176 4809 gentes,
1201 4737 1426 4808 quando
1448 4738 1776 4793 benedictus
1804 4746 1891 4794 est
1920 4758 1953 4794 a
1982 4742 2115 4795 Mel-

517 4829 812 4887 chisedech
838 4828 1129 4883 sacerdote
1170 4826 1580 4893 incircumciso,
1612 4828 1753 4882 dans
1789 4829 1840 4883 ei
1869 4829 2113 4884 decimas

518 4916 691 4971 totius
715 4915 934 4986 praedm.
956 4910 1301 4971 Benedicens
1323 4919 1509 4970 autem
1531 4928 1661 4970 eum
1684 4916 2110 4985 Melchisedech,

519 5003 661 5057 dixit
691 5004 842 5068 (Gen.
867 5010 973 5064 xxv]
1003 5022 1014 5056 :
1050 5004 1390 5059 Benedictus
1419 5002 1703 5057 Abraham
1732 5004 1847 5058 Deo
1876 5006 2112 5071 excelso,

519 5106 632 5161 quo
662 5096 1009 5160 protegente,
1035 5091 1225 5146 hostes
1249 5092 1307 5145 in
1334 5107 1506 5145 manu
1527 5093 1646 5160 ejus
1675 5093 1944 5163 prostrati
1961 5099 2111 5160 sunt,

524 5181 582 5231 et
604 5176 720 5230 alia
747 5192 874 5247 quae
903 5184 1215 5247 sequuntur
1247 5179 1306 5232 in
1334 5179 1529 5233 eodem
1568 5179 1708 5233 loco.

590 5264 726 5321 Sine
747 5267 867 5318 ulla
886 5269 1035 5318 enim
1051 5267 1484 5323 contradictione
1499 5269 1645 5335 quod
1660 5271 1851 5322 minus
1867 5274 1945 5323 est
1963 5286 1998 5323 a
2010 5286 2114 5323 me-

525 5356 662 5410 liore
692 5354 1049 5407 benedicitur.
1074 5354 1243 5417 Quasi
1272 5355 1485 5409 diceret
1514 5370 1526 5403 ε
1559 5356 1833 5412 Omnibus
1861 5359 1984 5412 luce
2007 5359 2117 5413 cla-

518 5442 641 5499 rius
687 5441 926 5506 videtur,
967 5442 1118 5513 quod
1168 5443 1356 5500 minor
1393 5460 1428 5499 a
1466 5444 1677 5515 majore
1727 5445 2105 5504 benedicitur.

521 5532 684 5597 Unde
718 5530 1003 5588 Abraham
1041 5533 1202 5608 quasi
1254 5534 1439 5589 minor
1475 5550 1510 5588 α
1544 5535 1951 5593 Melchisedech
1985 5542 2115 5592 tan-

2194 3237 2306 3294 tur,
2336 3232 2564 3302 majoris
2588 3233 2880 3303 dignitatis
2908 3250 3086 3288 unum
3116 3236 3296 3289 altero
3321 3233 3632 3291 ostenditur.

2263 3320 2327 3376 Si
2362 3337 2487 3388 ergo
2525 3327 2925 3376 consummatio
2959 3339 3058 3390 per
3094 3326 3463 3377 sacerdotium
3489 3322 3736 3376 Leviticum

2194 3414 2313 3461 erat
2339 3411 2591 3478 (populus
2621 3414 2773 3464 enim
2795 3413 2893 3465 sub
2922 3415 3037 3479 ipso
3068 3416 3236 3479 legem
3264 3412 3509 3481 accepit),
3530 3408 3647 3479 quid
3664 3405 3739 3459 ad-

2196 3496 2302 3550 huc
2316 3503 2685 3553 necessarium
2702 3502 2816 3567 fuit
2827 3502 3127 3554 secundum
3141 3502 3398 3555 ordinem
3409 3494 3738 3555 Melchisedech

2192 3587 2372 3638 alium
2386 3598 2677 3655 exsurgere
2688 3589 3015 3642 sacerdotem
3027 3594 3076 3641 et
3088 3605 3201 3643 non
3219 3590 3518 3643 secundum
3531 3586 3739 3640 ordinem

2192 3675 2378 3728 Aaron
2402 3676 2543 3729 dici?
2587 3677 2876 3731 Translata
2893 3680 3044 3730 enim
3064 3678 3387 3743 sacerdotio,
3412 3691 3598 3731 necesse
3612 3678 3674 3726 est
3691 3672 3737 3723 ut

2195 3769 2245 3817 et
2278 3766 2408 3830 tegis
2439 3766 2734 3819 translatio
2760 3768 2875 3835 ﬁat.
2906 3764 3049 3818 Hinc
3075 3765 3268 3836 incipit
3291 3768 3414 3836 jam
3442 3763 3639 3836 plenius
3660 3755 3740 3812 dif-

2196 3851 2463 3905 ferentias
2493 3853 2635 3907 Novi
2654 3853 3000 3907 Testamenti
3026 3854 3325 3908 ostendere
3353 3854 3556 3917 dicens,
3575 3851 3617 3905 si
3642 3862 3741 3903 ωηο

2195 3941 2519 4006 summatio,
2542 3941 2600 3995 id
2621 3946 2707 3996 est
2724 3942 2992 4012 perfectio
3011 3942 3135 3996 vitae
3158 3947 3332 4013 atque
3345 3936 3739 4013 justiticationis,

2194 4045 2297 4100 per
2332 4029 2707 4084 sacerdotium
2747 4029 3056 4084 Leviticum
3093 4030 3221 4091 fuit.
3261 4032 3401 4099 quid
3426 4044 3634 4085 necesse
3658 4024 3742 4079 fuit

2193 4117 2369 4173 alium
2415 4130 2713 4189 exsurgere
2768 4118 3115 4173 sacerdotem
3168 4120 3483 4174 secundum
3528 4116 3740 4172 ordinem

2193 4206 2641 4262 Melchisedech?
2666 4208 2808 4261 Nam
2830 4208 2966 4278 quia
2982 4209 3169 4262 Aaron
3188 4208 3440 4278 primum
3460 4213 3579 4279 post
3593 4206 3740 4273 legem

2193 4295 2387 4351 datam
2401 4296 2749 4351 sacerdotem
2768 4296 2941 4350 fuisse
2961 4296 3031 4350 de
3050 4296 3202 4350 tribu
3221 4297 3375 4364 Levi,
3393 4297 3530 4351 nulli
3548 4292 3742 4349 dubium

2196 4390 2299 4445 est,
2343 4384 2469 4438 ideo
2506 4384 2882 4438 sacerdotium
2922 4400 3033 4455 quo
3081 4384 3308 4439 functus
3347 4390 3435 4438 est
3481 4380 3744 4438 Leviticum

2193 4472 2503 4527 nominavit
2527 4473 2927 4541 sacerdotium,
2958 4472 3045 4527 vel
3070 4479 3241 4538 certe,
3274 4474 3371 4544 qui
3410 4474 3528 4544 ipse
3552 4468 3667 4526 Levi
3697 4464 3743 4517 in

2196 4561 2326 4614 filiis
2350 4561 2467 4615 suis
2489 4562 2720 4631 junctus
2747 4567 2835 4615 est
2862 4561 2983 4631 ipso
3011 4562 3344 4619 sacerdotio.
3378 4564 3522 4617 Nam
3542 4559 3744 4636 abnepo-

2194 4654 2280 4703 tes
2300 4649 2452 4704 illius
2472 4656 2839 4720 susceperunt
2858 4649 3018 4715 illud,
3035 4651 3255 4720 Moyses
3268 4651 3485 4705 scilicet
3501 4656 3555 4703 et
3571 4650 3743 4703 Aaron.

2194 4753 2323 4791 cum
2351 4737 2583 4807 reliquis
2610 4736 2879 4793 fratribus
2908 4738 3025 4792 suis
3074 4754 3139 4791 ex
3183 4739 3385 4793 eadem
3430 4738 3594 4793 tribu.
3627 4733 3744 4788 Nam

2194 4826 2327 4880 Levi
2361 4826 2559 4896 genuit
2607 4827 2803 4887 Caath.
2851 4827 3029 4881 Caath
3078 4842 3207 4882 vero
3260 4829 3513 4893 Ammm,
3550 4828 3744 4880 Amram

2196 4919 2388 4969 autem
2415 4915 2614 4985 genuit
2642 4916 2873 4986 Moysen
2913 4921 2970 4969 et
3012 4917 3218 4970 Aaron.
3252 4916 3494 4987 Ideoque
3520 4913 3644 4968 dicit
3665 4922 3745 4980 p0-

2196 5003 2390 5074 pulum
2422 5002 2526 5057 sub
2569 5004 2693 5074 ipso
2736 5002 3047 5058 sacerdotio
3093 5005 3275 5075 legem
3322 5004 3613 5076 accepisse,
3642 4996 3747 5069 quil

2196 5091 2421 5162 Moyses
2449 5097 2507 5146 et
2548 5093 2735 5146 Aaron
2775 5092 3056 5163 principes
3092 5100 3256 5148 erant
3290 5094 3401 5147 illis
3440 5086 3746 5161 temporibus

2194 5180 2255 5234 in
2295 5181 2538 5251 populo;
2582 5181 2678 5251 qui
2716 5181 2895 5251 ipsam
2926 5181 3107 5253 legem
3149 5182 3663 5236 administraverant
3690 5174 3747 5227 de

2194 5269 2346 5324 tribu
2375 5269 2707 5325 sacerdotali
2734 5275 3021 5324 exeuntes.
3042 5271 3188 5340 Ergo
3208 5271 3515 5325 sacerdotio
3538 5264 3745 5323 Invitico

2196 5359 2373 5414 multo
2412 5359 2611 5414 melior
2630 5364 2718 5412 est
2741 5359 2879 5421 ordo
2909 5359 3204 5413 sacerdotii
3232 5356 3641 5419 Melchisedech,
3670 5349 3747 5423 qui

2195 5454 2395 5520 typum
2420 5447 2653 5520 gerebat
2676 5448 2978 5503 sacerdotis
3005 5449 3179 5504 nostri
3207 5467 3219 5502 :
3247 5461 3595 5519 nequaquam
3620 5441 3745 5498 enim

2194 5538 2432 5597 dixisset
2466 5538 2775 5596 secundum
2811 5537 3069 5595 ordinem
3105 5536 3524 5607 Melchisedech,
3553 5533 3598 5589 si
3629 5525 3746 5586 illud
