  <div class='ocr_page' id='page_1' title='image "/cluster/home/n/w/nwhite01/storage/ocr_20150623/117/hvd.32044054759816/440.png"; bbox 0 0 3992 6166; ppageno 0'>
   <div class='ocr_carea' id='block_1_1' title="bbox 253 282 359 345">
    <p class='ocr_par' dir='ltr' id='par_1_1' title="bbox 253 282 359 345">
     <span class='ocr_line' id='line_1_1' title="bbox 253 282 359 345; baseline -0.009 0"><span class='ocrx_word' id='word_1_1' title='bbox 253 282 359 345; x_wconf 81' lang='lat'>869</span> 
     </span>
    </p>
   </div>
   <div class='ocr_carea' id='block_1_2' title="bbox 942 277 2815 343">
    <p class='ocr_par' dir='ltr' id='par_1_2' title="bbox 942 277 2815 343">
     <span class='ocr_line' id='line_1_2' title="bbox 942 277 2815 343; baseline -0.001 0"><span class='ocrx_word' id='word_1_2' title='bbox 942 283 1322 343; x_wconf 79' lang='lat' dir='ltr'>EXPOSITIO</span> <span class='ocrx_word' id='word_1_3' title='bbox 1351 284 1432 342; x_wconf 89' lang='lat' dir='ltr'>IN</span> <span class='ocrx_word' id='word_1_4' title='bbox 1464 285 1618 342; x_wconf 85' lang='lat' dir='ltr'>EPP.</span> <span class='ocrx_word' id='word_1_5' title='bbox 1658 288 1712 342; x_wconf 91' lang='lat' dir='ltr'>S.</span> <span class='ocrx_word' id='word_1_6' title='bbox 1747 284 1984 342; x_wconf 87' lang='lat' dir='ltr'>PAULI.</span> <span class='ocrx_word' id='word_1_7' title='bbox 2020 316 2085 327; x_wconf 92' lang='lat'><strong><em>—</em></strong></span> <span class='ocrx_word' id='word_1_8' title='bbox 2115 284 2196 342; x_wconf 85' lang='lat' dir='ltr'>IN</span> <span class='ocrx_word' id='word_1_9' title='bbox 2221 280 2459 342; x_wconf 70' lang='lat' dir='ltr'>EPIST.‘</span> <span class='ocrx_word' id='word_1_10' title='bbox 2478 288 2574 343; x_wconf 84' lang='lat' dir='ltr'>AD</span> <span class='ocrx_word' id='word_1_11' title='bbox 2604 277 2815 342; x_wconf 75' lang='lat' dir='ltr'>HEBR.</span> 
     </span>
    </p>
   </div>
   <div class='ocr_carea' id='block_1_3' title="bbox 3422 271 3532 344">
    <p class='ocr_par' dir='ltr' id='par_1_3' title="bbox 3422 271 3532 344">
     <span class='ocr_line' id='line_1_3' title="bbox 3422 271 3532 344; baseline -0.009 -1"><span class='ocrx_word' id='word_1_12' title='bbox 3422 271 3532 344; x_wconf 64' lang='lat' dir='ltr'>8W</span> 
     </span>
    </p>
   </div>
   <div class='ocr_carea' id='block_1_4' title="bbox 254 406 3528 483">
    <p class='ocr_par' dir='ltr' id='par_1_4' title="bbox 254 406 3528 483">
     <span class='ocr_line' id='line_1_4' title="bbox 254 406 3528 483; baseline -0 -16"><span class='ocrx_word' id='word_1_13' title='bbox 254 412 626 467; x_wconf 75' lang='lat' dir='ltr'>sacerdotium</span> <span class='ocrx_word' id='word_1_14' title='bbox 655 414 843 479; x_wconf 84' lang='lat' dir='ltr'>Aaron</span> <span class='ocrx_word' id='word_1_15' title='bbox 874 412 1074 466; x_wconf 88' lang='lat' dir='ltr'>melius</span> <span class='ocrx_word' id='word_1_16' title='bbox 1102 417 1269 475; x_wconf 78' lang='lat' dir='ltr'>esset,</span> <span class='ocrx_word' id='word_1_17' title='bbox 1302 412 1407 465; x_wconf 88' lang='lat' dir='ltr'>sub</span> <span class='ocrx_word' id='word_1_18' title='bbox 1447 424 1558 483; x_wconf 89' lang='lat' dir='ltr'>quo</span> <span class='ocrx_word' id='word_1_19' title='bbox 1609 413 1847 482; x_wconf 85' lang='lat' dir='ltr'>pOpulus</span> <span class='ocrx_word' id='word_1_20' title='bbox 1867 413 1919 471; x_wconf 85' lang='lat' dir='ltr'>A</span> <span class='ocrx_word' id='word_1_21' title='bbox 1938 409 2061 472; x_wconf 85' lang='lat' dir='ltr'>bus,</span> <span class='ocrx_word' id='word_1_22' title='bbox 2094 412 2152 467; x_wconf 89' lang='lat' dir='ltr'>in</span> <span class='ocrx_word' id='word_1_23' title='bbox 2174 412 2511 468; x_wconf 85' lang='lat' dir='ltr'>discretione</span> <span class='ocrx_word' id='word_1_24' title='bbox 2537 414 2809 479; x_wconf 79' lang='lat' dir='ltr'>cibor‘um,</span> <span class='ocrx_word' id='word_1_25' title='bbox 2839 406 3058 466; x_wconf 87' lang='lat' dir='ltr'>dierum</span> <span class='ocrx_word' id='word_1_26' title='bbox 3085 420 3149 466; x_wconf 84' lang='lat' dir='ltr'>ac</span> <span class='ocrx_word' id='word_1_27' title='bbox 3190 410 3528 483; x_wconf 70' lang='lat' dir='ltr'>temporum,</span> 
     </span>
    </p>
   </div>
   <div class='ocr_carea' id='block_1_5' title="bbox 254 499 1860 570">
    <p class='ocr_par' dir='ltr' id='par_1_5' title="bbox 254 499 1860 570">
     <span class='ocr_line' id='line_1_5' title="bbox 254 499 1860 570; baseline -0.001 -15"><span class='ocrx_word' id='word_1_28' title='bbox 254 502 284 555; x_wconf 90' lang='lat' dir='ltr'><strong>J</strong></span> <span class='ocrx_word' id='word_1_29' title='bbox 295 501 577 555; x_wconf 62' lang='lat' dir='ltr'>admorum</span> <span class='ocrx_word' id='word_1_30' title='bbox 598 501 779 570; x_wconf 85' lang='lat' dir='ltr'>legem</span> <span class='ocrx_word' id='word_1_31' title='bbox 802 499 1103 570; x_wconf 87' lang='lat' dir='ltr'>accepit.Si</span> <span class='ocrx_word' id='word_1_32' title='bbox 1119 506 1307 553; x_wconf 88' lang='lat' dir='ltr'>autem</span> <span class='ocrx_word' id='word_1_33' title='bbox 1329 501 1701 554; x_wconf 81' lang='lat' dir='ltr'>sacerdotium</span> <span class='ocrx_word' id='word_1_34' title='bbox 1724 500 1860 569; x_wconf 83' lang='lat' dir='ltr'>legis</span> 
     </span>
    </p>
   </div>
   <div class='ocr_carea' id='block_1_6' title="bbox 263 588 1858 643">
    <p class='ocr_par' dir='ltr' id='par_1_6' title="bbox 263 588 1858 643">
     <span class='ocr_line' id='line_1_6' title="bbox 263 588 1858 643; baseline -0.001 0"><span class='ocrx_word' id='word_1_35' title='bbox 263 589 598 643; x_wconf 82' lang='lat' dir='ltr'>translatum</span> <span class='ocrx_word' id='word_1_36' title='bbox 647 595 733 642; x_wconf 88' lang='lat' dir='ltr'>est</span> <span class='ocrx_word' id='word_1_37' title='bbox 777 589 849 642; x_wconf 89' lang='lat' dir='ltr'>ad</span> <span class='ocrx_word' id='word_1_38' title='bbox 897 589 1182 643; x_wconf 85' lang='lat' dir='ltr'>Christum</span> <span class='ocrx_word' id='word_1_39' title='bbox 1244 589 1550 642; x_wconf 88' lang='lat' dir='ltr'>secundum</span> <span class='ocrx_word' id='word_1_40' title='bbox 1603 588 1858 642; x_wconf 86' lang='lat' dir='ltr'>ordinem</span> 
     </span>
    </p>
   </div>
   <div class='ocr_carea' id='block_1_7' title="bbox 254 677 1853 747">
    <p class='ocr_par' dir='ltr' id='par_1_7' title="bbox 254 677 1853 747">
     <span class='ocr_line' id='line_1_7' title="bbox 254 677 1853 747; baseline -0.001 -15"><span class='ocrx_word' id='word_1_41' title='bbox 254 677 682 745; x_wconf 85' lang='lat' dir='ltr'>Melchisedech,</span> <span class='ocrx_word' id='word_1_42' title='bbox 714 694 941 732; x_wconf 90' lang='lat' dir='ltr'>necesse</span> <span class='ocrx_word' id='word_1_43' title='bbox 969 683 1055 731; x_wconf 90' lang='lat' dir='ltr'>est</span> <span class='ocrx_word' id='word_1_44' title='bbox 1083 683 1148 730; x_wconf 89' lang='lat' dir='ltr'>ut</span> <span class='ocrx_word' id='word_1_45' title='bbox 1176 683 1235 731; x_wconf 84' lang='lat' dir='ltr'>et</span> <span class='ocrx_word' id='word_1_46' title='bbox 1258 678 1397 747; x_wconf 81' lang='lat' dir='ltr'>legis</span> <span class='ocrx_word' id='word_1_47' title='bbox 1409 677 1703 731; x_wconf 80' lang='lat' dir='ltr'>translatio</span> <span class='ocrx_word' id='word_1_48' title='bbox 1735 678 1853 737; x_wconf 85' lang='lat' dir='ltr'>ﬁat,</span> 
     </span>
    </p>
   </div>
   <div class='ocr_carea' id='block_1_8' title="bbox 258 766 1856 837">
    <p class='ocr_par' dir='ltr' id='par_1_8' title="bbox 258 766 1856 837">
     <span class='ocr_line' id='line_1_8' title="bbox 258 766 1856 837; baseline -0.003 -14"><span class='ocrx_word' id='word_1_49' title='bbox 258 769 365 825; x_wconf 86' lang='lat' dir='ltr'>hoc</span> <span class='ocrx_word' id='word_1_50' title='bbox 390 774 493 831; x_wconf 89' lang='lat' dir='ltr'>est,</span> <span class='ocrx_word' id='word_1_51' title='bbox 526 783 561 820; x_wconf 90' lang='lat' dir='ltr'>a</span> <span class='ocrx_word' id='word_1_52' title='bbox 587 767 710 836; x_wconf 90' lang='lat' dir='ltr'>lege</span> <span class='ocrx_word' id='word_1_53' title='bbox 733 766 915 837; x_wconf 83' lang='lat' dir='ltr'>Moysi</span> <span class='ocrx_word' id='word_1_54' title='bbox 945 782 1171 820; x_wconf 84' lang='lat' dir='ltr'>necesse</span> <span class='ocrx_word' id='word_1_55' title='bbox 1204 772 1289 819; x_wconf 90' lang='lat' dir='ltr'>est</span> <span class='ocrx_word' id='word_1_56' title='bbox 1307 766 1547 820; x_wconf 78' lang='lat' dir='ltr'>transire</span> <span class='ocrx_word' id='word_1_57' title='bbox 1574 767 1647 820; x_wconf 85' lang='lat' dir='ltr'>ad</span> <span class='ocrx_word' id='word_1_58' title='bbox 1677 767 1856 837; x_wconf 84' lang='lat' dir='ltr'>legem</span> 
     </span>
    </p>
   </div>
   <div class='ocr_carea' id='block_1_9' title="bbox 260 854 1860 925">
    <p class='ocr_par' dir='ltr' id='par_1_9' title="bbox 260 854 1860 925">
     <span class='ocr_line' id='line_1_9' title="bbox 260 854 1860 925; baseline -0.002 -15"><span class='ocrx_word' id='word_1_59' title='bbox 260 856 568 925; x_wconf 81' lang='lat' dir='ltr'>Evangelii.</span> <span class='ocrx_word' id='word_1_60' title='bbox 600 856 797 925; x_wconf 88' lang='lat' dir='ltr'>Neque</span> <span class='ocrx_word' id='word_1_61' title='bbox 828 855 980 911; x_wconf 83' lang='lat' dir='ltr'>enim</span> <span class='ocrx_word' id='word_1_62' title='bbox 1006 861 1189 925; x_wconf 86' lang='lat' dir='ltr'>potest</span> <span class='ocrx_word' id='word_1_63' title='bbox 1223 855 1484 908; x_wconf 82' lang='lat' dir='ltr'>sacerdos</span> <span class='ocrx_word' id='word_1_64' title='bbox 1512 854 1631 907; x_wconf 85' lang='lat' dir='ltr'>sine</span> <span class='ocrx_word' id='word_1_65' title='bbox 1658 855 1781 925; x_wconf 85' lang='lat' dir='ltr'>lege</span> <span class='ocrx_word' id='word_1_66' title='bbox 1804 858 1860 908; x_wconf 88' lang='lat' dir='ltr'>et</span> 
     </span>
    </p>
   </div>
   <div class='ocr_carea' id='block_1_10' title="bbox 257 938 1860 1014">
    <p class='ocr_par' dir='ltr' id='par_1_10' title="bbox 257 938 1860 1014">
     <span class='ocr_line' id='line_1_10' title="bbox 257 938 1860 1014; baseline -0.001 -16"><span class='ocrx_word' id='word_1_67' title='bbox 257 938 381 998; x_wconf 87' lang='lat' dir='ltr'>sine</span> <span class='ocrx_word' id='word_1_68' title='bbox 402 945 759 999; x_wconf 88' lang='lat' dir='ltr'>Testamento</span> <span class='ocrx_word' id='word_1_69' title='bbox 776 960 899 997; x_wconf 89' lang='lat' dir='ltr'>esse</span> <span class='ocrx_word' id='word_1_70' title='bbox 925 949 983 998; x_wconf 88' lang='lat' dir='ltr'>et</span> <span class='ocrx_word' id='word_1_71' title='bbox 1002 944 1123 997; x_wconf 89' lang='lat' dir='ltr'>sine</span> <span class='ocrx_word' id='word_1_72' title='bbox 1149 944 1707 1014; x_wconf 61' lang='lat' dir='ltr'>praeceptisSummis</span> <span class='ocrx_word' id='word_1_73' title='bbox 1727 943 1860 996; x_wconf 88' lang='lat' dir='ltr'>nisi-</span> 
     </span>
    </p>
   </div>
   <div class='ocr_carea' id='block_1_11' title="bbox 256 1031 1861 1102">
    <p class='ocr_par' dir='ltr' id='par_1_11' title="bbox 256 1031 1861 1102">
     <span class='ocr_line' id='line_1_11' title="bbox 256 1031 1861 1102; baseline 0 -18"><span class='ocrx_word' id='word_1_74' title='bbox 256 1031 363 1085; x_wconf 91' lang='lat' dir='ltr'>bus</span> <span class='ocrx_word' id='word_1_75' title='bbox 410 1031 702 1085; x_wconf 80' lang='lat' dir='ltr'>laborabat</span> <span class='ocrx_word' id='word_1_76' title='bbox 746 1032 1053 1101; x_wconf 81' lang='lat' dir='ltr'>Apostolus</span> <span class='ocrx_word' id='word_1_77' title='bbox 1082 1038 1148 1084; x_wconf 87' lang='lat' dir='ltr'>ut</span> <span class='ocrx_word' id='word_1_78' title='bbox 1194 1047 1227 1084; x_wconf 91' lang='lat' dir='ltr'>a</span> <span class='ocrx_word' id='word_1_79' title='bbox 1264 1032 1386 1101; x_wconf 84' lang='lat' dir='ltr'>lege</span> <span class='ocrx_word' id='word_1_80' title='bbox 1432 1032 1611 1102; x_wconf 82' lang='lat' dir='ltr'>Moysi</span> <span class='ocrx_word' id='word_1_81' title='bbox 1649 1031 1861 1085; x_wconf 81' lang='lat' dir='ltr'>faceret</span> 
     </span>
    </p>
   </div>
   <div class='ocr_carea' id='block_1_12' title="bbox 249 1119 1854 1195">
    <p class='ocr_par' dir='ltr' id='par_1_12' title="bbox 249 1119 1854 1195">
     <span class='ocr_line' id='line_1_12' title="bbox 249 1119 1854 1195; baseline 0 -22"><span class='ocrx_word' id='word_1_82' title='bbox 249 1134 345 1195; x_wconf 87' lang='lat' dir='ltr'>eos</span> <span class='ocrx_word' id='word_1_83' title='bbox 372 1120 615 1175; x_wconf 85' lang='lat' dir='ltr'>transire</span> <span class='ocrx_word' id='word_1_84' title='bbox 672 1120 744 1173; x_wconf 92' lang='lat' dir='ltr'>ad</span> <span class='ocrx_word' id='word_1_85' title='bbox 786 1120 970 1189; x_wconf 81' lang='lat' dir='ltr'>legem</span> <span class='ocrx_word' id='word_1_86' title='bbox 1020 1119 1327 1188; x_wconf 82' lang='lat' dir='ltr'>Evangelii,</span> <span class='ocrx_word' id='word_1_87' title='bbox 1360 1136 1395 1173; x_wconf 91' lang='lat' dir='ltr'>a</span> <span class='ocrx_word' id='word_1_88' title='bbox 1432 1119 1749 1174; x_wconf 81' lang='lat' dir='ltr'>carnalibus</span> <span class='ocrx_word' id='word_1_89' title='bbox 1786 1120 1854 1173; x_wconf 88' lang='lat' dir='ltr'>ad</span> 
     </span>
    </p>
   </div>
   <div class='ocr_carea' id='block_1_13' title="bbox 252 1206 590 1277">
    <p class='ocr_par' dir='ltr' id='par_1_13' title="bbox 252 1206 590 1277">
     <span class='ocr_line' id='line_1_13' title="bbox 252 1206 590 1277; baseline 0.012 -17"><span class='ocrx_word' id='word_1_90' title='bbox 252 1206 590 1277; x_wconf 86' lang='lat' dir='ltr'>spiritualia.</span> 
     </span>
    </p>
   </div>
   <div class='ocr_carea' id='block_1_14' title="bbox 321 1298 1851 1367">
    <p class='ocr_par' dir='ltr' id='par_1_14' title="bbox 321 1298 1851 1367">
     <span class='ocr_line' id='line_1_14' title="bbox 321 1298 1851 1367; baseline 0 -16"><span class='ocrx_word' id='word_1_91' title='bbox 321 1299 391 1352; x_wconf 85' lang='lat' dir='ltr'>In</span> <span class='ocrx_word' id='word_1_92' title='bbox 410 1314 516 1367; x_wconf 85' lang='lat' dir='ltr'>quo</span> <span class='ocrx_word' id='word_1_93' title='bbox 545 1301 693 1351; x_wconf 89' lang='lat' dir='ltr'>enim</span> <span class='ocrx_word' id='word_1_94' title='bbox 724 1299 832 1352; x_wconf 60' lang='lat' dir='ltr'>hac</span> <span class='ocrx_word' id='word_1_95' title='bbox 872 1298 1162 1363; x_wconf 85' lang='lat' dir='ltr'>dicuntur,</span> <span class='ocrx_word' id='word_1_96' title='bbox 1190 1300 1253 1351; x_wconf 84' lang='lat' dir='ltr'>de</span> <span class='ocrx_word' id='word_1_97' title='bbox 1293 1298 1411 1350; x_wconf 86' lang='lat' dir='ltr'>alia</span> <span class='ocrx_word' id='word_1_98' title='bbox 1464 1300 1614 1351; x_wconf 88' lang='lat' dir='ltr'>tribu</span> <span class='ocrx_word' id='word_1_99' title='bbox 1664 1305 1763 1360; x_wconf 86' lang='lat' dir='ltr'>est,</span> <span class='ocrx_word' id='word_1_100' title='bbox 1789 1300 1851 1351; x_wconf 87' lang='lat' dir='ltr'>de</span> 
     </span>
    </p>
   </div>
   <div class='ocr_carea' id='block_1_15' title="bbox 1941 487 3537 571">
    <p class='ocr_par' dir='ltr' id='par_1_15' title="bbox 1941 487 3537 571">
     <span class='ocr_line' id='line_1_15' title="bbox 1941 487 3537 571; baseline -0.001 -18"><span class='ocrx_word' id='word_1_101' title='bbox 1941 500 2133 554; x_wconf 91' lang='lat' dir='ltr'>dicens</span> <span class='ocrx_word' id='word_1_102' title='bbox 2156 519 2168 553; x_wconf 88' lang='lat'><strong>:</strong></span> <span class='ocrx_word' id='word_1_103' title='bbox 2204 500 2373 555; x_wconf 90' lang='lat' dir='ltr'>Mane</span> <span class='ocrx_word' id='word_1_104' title='bbox 2404 510 2559 555; x_wconf 87' lang='lat' dir='ltr'>extra</span> <span class='ocrx_word' id='word_1_105' title='bbox 2587 502 2920 567; x_wconf 84' lang='lat' dir='ltr'>castra,lava</span> <span class='ocrx_word' id='word_1_106' title='bbox 2948 487 3150 571; x_wconf 68' lang='lat' dir='ltr'>corpus</span> <span class='ocrx_word' id='word_1_107' title='bbox 3176 506 3334 555; x_wconf 87' lang='lat' dir='ltr'>tuum</span> <span class='ocrx_word' id='word_1_108' title='bbox 3362 518 3373 552; x_wconf 87' lang='lat'><strong>:</strong></span> <span class='ocrx_word' id='word_1_109' title='bbox 3400 499 3537 553; x_wconf 72' lang='lat' dir='ltr'>offer</span> 
     </span>
    </p>
   </div>
   <div class='ocr_carea' id='block_1_16' title="bbox 1941 589 3539 655">
    <p class='ocr_par' dir='ltr' id='par_1_16' title="bbox 1941 589 3539 655">
     <span class='ocr_line' id='line_1_16' title="bbox 1941 589 3539 655; baseline 0 -14"><span class='ocrx_word' id='word_1_110' title='bbox 1941 590 2044 643; x_wconf 91' lang='lat' dir='ltr'>hoc</span> <span class='ocrx_word' id='word_1_111' title='bbox 2075 589 2158 643; x_wconf 89' lang='lat' dir='ltr'>vel</span> <span class='ocrx_word' id='word_1_112' title='bbox 2184 590 2342 653; x_wconf 86' lang='lat' dir='ltr'>illud,</span> <span class='ocrx_word' id='word_1_113' title='bbox 2377 591 2595 645; x_wconf 89' lang='lat' dir='ltr'>abstine</span> <span class='ocrx_word' id='word_1_114' title='bbox 2626 591 2694 645; x_wconf 89' lang='lat' dir='ltr'>ab</span> <span class='ocrx_word' id='word_1_115' title='bbox 2718 591 2806 644; x_wconf 87' lang='lat' dir='ltr'>his</span> <span class='ocrx_word' id='word_1_116' title='bbox 2836 590 2990 655; x_wconf 87' lang='lat' dir='ltr'>cibis,</span> <span class='ocrx_word' id='word_1_117' title='bbox 3016 590 3249 644; x_wconf 78' lang='lat' dir='ltr'>observa</span> <span class='ocrx_word' id='word_1_118' title='bbox 3268 589 3378 641; x_wconf 86' lang='lat' dir='ltr'>ista</span> <span class='ocrx_word' id='word_1_119' title='bbox 3397 594 3539 641; x_wconf 82' lang='lat' dir='ltr'>tem-</span> 
     </span>
    </p>
   </div>
   <div class='ocr_carea' id='block_1_17' title="bbox 1938 676 3540 749">
    <p class='ocr_par' dir='ltr' id='par_1_17' title="bbox 1938 676 3540 749">
     <span class='ocr_line' id='line_1_17' title="bbox 1938 676 3540 749; baseline -0.001 -19"><span class='ocrx_word' id='word_1_120' title='bbox 1938 694 2096 746; x_wconf 88' lang='lat' dir='ltr'>pora,</span> <span class='ocrx_word' id='word_1_121' title='bbox 2130 685 2442 749; x_wconf 60' lang='lat' dir='ltr'>ceteraque</span> <span class='ocrx_word' id='word_1_122' title='bbox 2474 680 2559 733; x_wconf 89' lang='lat' dir='ltr'>his</span> <span class='ocrx_word' id='word_1_123' title='bbox 2596 679 2821 742; x_wconf 85' lang='lat' dir='ltr'>similia,</span> <span class='ocrx_word' id='word_1_124' title='bbox 2851 693 2973 748; x_wconf 67' lang='lat' dir='ltr'>quae</span> <span class='ocrx_word' id='word_1_125' title='bbox 3016 677 3205 731; x_wconf 78' lang='lat' dir='ltr'>omnia</span> <span class='ocrx_word' id='word_1_126' title='bbox 3254 678 3435 731; x_wconf 85' lang='lat' dir='ltr'>morte</span> <span class='ocrx_word' id='word_1_127' title='bbox 3478 676 3540 729; x_wconf 51' lang='lat' dir='ltr'>tl:-</span> 
     </span>
    </p>
   </div>
   <div class='ocr_carea' id='block_1_18' title="bbox 1942 759 3535 835">
    <p class='ocr_par' dir='ltr' id='par_1_18' title="bbox 1942 759 3535 835">
     <span class='ocr_line' id='line_1_18' title="bbox 1942 759 3535 835; baseline 0 -16"><span class='ocrx_word' id='word_1_128' title='bbox 1942 766 2149 819; x_wconf 88' lang='lat' dir='ltr'>nienda</span> <span class='ocrx_word' id='word_1_129' title='bbox 2178 774 2376 834; x_wconf 83' lang='lat' dir='ltr'>erant;</span> <span class='ocrx_word' id='word_1_130' title='bbox 2406 768 2614 821; x_wconf 89' lang='lat' dir='ltr'>Christi</span> <span class='ocrx_word' id='word_1_131' title='bbox 2645 774 2831 821; x_wconf 84' lang='lat' dir='ltr'>autem</span> <span class='ocrx_word' id='word_1_132' title='bbox 2858 759 3235 820; x_wconf 80' lang='lat' dir='ltr'>sacerdotium</span> <span class='ocrx_word' id='word_1_133' title='bbox 3282 764 3535 835; x_wconf 73' lang='lat' dir='ltr'>spiritale</span> 
     </span>
    </p>
   </div>
   <div class='ocr_carea' id='block_1_19' title="bbox 1943 850 3539 918">
    <p class='ocr_par' dir='ltr' id='par_1_19' title="bbox 1943 850 3539 918">
     <span class='ocr_line' id='line_1_19' title="bbox 1943 850 3539 918; baseline 0 -13"><span class='ocrx_word' id='word_1_134' title='bbox 1943 863 2044 915; x_wconf 85' lang='lat' dir='ltr'>est,</span> <span class='ocrx_word' id='word_1_135' title='bbox 2080 860 2136 906; x_wconf 89' lang='lat' dir='ltr'>et</span> <span class='ocrx_word' id='word_1_136' title='bbox 2164 854 2471 909; x_wconf 87' lang='lat' dir='ltr'>secundum</span> <span class='ocrx_word' id='word_1_137' title='bbox 2507 850 2770 910; x_wconf 79' lang='lat' dir='ltr'>virtutem</span> <span class='ocrx_word' id='word_1_138' title='bbox 2806 856 2931 908; x_wconf 72' lang='lat' dir='ltr'>vitae</span> <span class='ocrx_word' id='word_1_139' title='bbox 2978 854 3312 918; x_wconf 79' lang='lat' dir='ltr'>insolubilis,</span> <span class='ocrx_word' id='word_1_140' title='bbox 3346 853 3403 906; x_wconf 90' lang='lat' dir='ltr'>id</span> <span class='ocrx_word' id='word_1_141' title='bbox 3452 856 3539 906; x_wconf 85' lang='lat' dir='ltr'>est</span> 
     </span>
    </p>
   </div>
   <div class='ocr_carea' id='block_1_20' title="bbox 1941 938 3536 1012">
    <p class='ocr_par' dir='ltr' id='par_1_20' title="bbox 1941 938 3536 1012">
     <span class='ocr_line' id='line_1_20' title="bbox 1941 938 3536 1012; baseline -0.001 -18"><span class='ocrx_word' id='word_1_142' title='bbox 1941 942 2249 995; x_wconf 87' lang='lat' dir='ltr'>secundum</span> <span class='ocrx_word' id='word_1_143' title='bbox 2279 944 2590 1012; x_wconf 87' lang='lat' dir='ltr'>potentiam</span> <span class='ocrx_word' id='word_1_144' title='bbox 2623 944 2745 998; x_wconf 70' lang='lat' dir='ltr'>vitae</span> <span class='ocrx_word' id='word_1_145' title='bbox 2791 938 3183 1003; x_wconf 78' lang='lat' dir='ltr'>indeﬁcientis,</span> <span class='ocrx_word' id='word_1_146' title='bbox 3215 958 3337 1012; x_wconf 64' lang='lat' dir='ltr'>quae</span> <span class='ocrx_word' id='word_1_147' title='bbox 3381 941 3536 994; x_wconf 89' lang='lat' dir='ltr'>nullo</span> 
     </span>
    </p>
   </div>
   <div class='ocr_carea' id='block_1_21' title="bbox 1939 1026 3631 1102">
    <p class='ocr_par' dir='ltr' id='par_1_21' title="bbox 1939 1026 3631 1102">
     <span class='ocr_line' id='line_1_21' title="bbox 1939 1026 3631 1102; baseline 0 -20"><span class='ocrx_word' id='word_1_148' title='bbox 1939 1029 2347 1085; x_wconf 86' lang='lat' dir='ltr'>interveniente</span> <span class='ocrx_word' id='word_1_149' title='bbox 2377 1032 2574 1084; x_wconf 88' lang='lat' dir='ltr'>mortis</span> <span class='ocrx_word' id='word_1_150' title='bbox 2605 1039 2755 1085; x_wconf 85' lang='lat' dir='ltr'>metu</span> <span class='ocrx_word' id='word_1_151' title='bbox 2779 1032 2918 1085; x_wconf 88' lang='lat' dir='ltr'>solvi</span> <span class='ocrx_word' id='word_1_152' title='bbox 2947 1026 3367 1102; x_wconf 71' lang='lat' dir='ltr'>poteritJlabet</span> <span class='ocrx_word' id='word_1_153' title='bbox 3385 1030 3537 1083; x_wconf 73' lang='lat' dir='ltr'>enim</span> <span class='ocrx_word' id='word_1_154' title='bbox 3628 1038 3631 1043; x_wconf 91' lang='lat'>&#39;</span> 
     </span>
    </p>
   </div>
   <div class='ocr_carea' id='block_1_22' title="bbox 1940 1114 3537 1191">
    <p class='ocr_par' dir='ltr' id='par_1_22' title="bbox 1940 1114 3537 1191">
     <span class='ocr_line' id='line_1_22' title="bbox 1940 1114 3537 1191; baseline -0.001 -16"><span class='ocrx_word' id='word_1_155' title='bbox 1940 1120 2194 1175; x_wconf 82' lang='lat' dir='ltr'>Christus</span> <span class='ocrx_word' id='word_1_156' title='bbox 2220 1121 2279 1173; x_wconf 90' lang='lat' dir='ltr'>in</span> <span class='ocrx_word' id='word_1_157' title='bbox 2307 1120 2368 1174; x_wconf 84' lang='lat' dir='ltr'>se</span> <span class='ocrx_word' id='word_1_158' title='bbox 2406 1121 2574 1174; x_wconf 85' lang='lat' dir='ltr'>vitam</span> <span class='ocrx_word' id='word_1_159' title='bbox 2597 1121 2974 1186; x_wconf 79' lang='lat' dir='ltr'>insolubilem,</span> <span class='ocrx_word' id='word_1_160' title='bbox 3007 1121 3140 1191; x_wconf 85' lang='lat' dir='ltr'>quia</span> <span class='ocrx_word' id='word_1_161' title='bbox 3171 1121 3424 1191; x_wconf 79' lang='lat' dir='ltr'>quamvis</span> <span class='ocrx_word' id='word_1_162' title='bbox 3466 1114 3537 1173; x_wconf 87' lang='lat' dir='ltr'>ad</span> 
     </span>
    </p>
   </div>
   <div class='ocr_carea' id='block_1_23' title="bbox 1939 1209 3538 1279">
    <p class='ocr_par' dir='ltr' id='par_1_23' title="bbox 1939 1209 3538 1279">
     <span class='ocr_line' id='line_1_23' title="bbox 1939 1209 3538 1279; baseline -0.001 -16"><span class='ocrx_word' id='word_1_163' title='bbox 1939 1215 2162 1279; x_wconf 87' lang='lat' dir='ltr'>tempus</span> <span class='ocrx_word' id='word_1_164' title='bbox 2194 1217 2450 1264; x_wconf 87' lang='lat' dir='ltr'>mortuus</span> <span class='ocrx_word' id='word_1_165' title='bbox 2472 1216 2621 1263; x_wconf 88' lang='lat' dir='ltr'>esset</span> <span class='ocrx_word' id='word_1_166' title='bbox 2646 1210 2705 1263; x_wconf 90' lang='lat' dir='ltr'>in</span> <span class='ocrx_word' id='word_1_167' title='bbox 2729 1216 3110 1273; x_wconf 83' lang='lat' dir='ltr'>carne,tamen</span> <span class='ocrx_word' id='word_1_168' title='bbox 3141 1210 3278 1263; x_wconf 83' lang='lat' dir='ltr'>vivit</span> <span class='ocrx_word' id='word_1_169' title='bbox 3300 1209 3362 1263; x_wconf 84' lang='lat' dir='ltr'>in</span> <span class='ocrx_word' id='word_1_170' title='bbox 3380 1211 3538 1262; x_wconf 71' lang='lat' dir='ltr'>aeter-</span> 
     </span>
    </p>
   </div>
   <div class='ocr_carea' id='block_1_24' title="bbox 1937 1296 3537 1368">
    <p class='ocr_par' dir='ltr' id='par_1_24' title="bbox 1937 1296 3537 1368">
     <span class='ocr_line' id='line_1_24' title="bbox 1937 1296 3537 1368; baseline 0.001 -19"><span class='ocrx_word' id='word_1_171' title='bbox 1937 1300 2069 1351; x_wconf 81' lang='lat' dir='ltr'>num</span> <span class='ocrx_word' id='word_1_172' title='bbox 2104 1296 2417 1365; x_wconf 83' lang='lat' dir='ltr'>divinitate,</span> <span class='ocrx_word' id='word_1_173' title='bbox 2450 1304 2507 1351; x_wconf 90' lang='lat' dir='ltr'>et</span> <span class='ocrx_word' id='word_1_174' title='bbox 2564 1299 2795 1368; x_wconf 87' lang='lat' dir='ltr'>insuper</span> <span class='ocrx_word' id='word_1_175' title='bbox 2823 1296 3204 1363; x_wconf 79' lang='lat' dir='ltr'>humanitate;</span> <span class='ocrx_word' id='word_1_176' title='bbox 3237 1299 3537 1368; x_wconf 77' lang='lat' dir='ltr'>postquam</span> 
     </span>
    </p>
   </div>
   <div class='ocr_carea' id='block_1_25' title="bbox 248 1380 3537 1455">
    <p class='ocr_par' dir='ltr' id='par_1_25' title="bbox 248 1380 3537 1455">
     <span class='ocr_line' id='line_1_25' title="bbox 248 1380 3537 1455; baseline 0 -16"><span class='ocrx_word' id='word_1_177' title='bbox 248 1402 360 1455; x_wconf 79' lang='lat' dir='ltr'>qua</span> <span class='ocrx_word' id='word_1_178' title='bbox 391 1388 584 1440; x_wconf 83' lang='lat' dir='ltr'>nullus</span> <span class='ocrx_word' id='word_1_179' title='bbox 604 1389 782 1440; x_wconf 86' lang='lat' dir='ltr'>altari</span> <span class='ocrx_word' id='word_1_180' title='bbox 804 1391 1001 1454; x_wconf 57' lang='lat' dir='ltr'>presto</span> <span class='ocrx_word' id='word_1_181' title='bbox 1030 1388 1163 1452; x_wconf 81' lang='lat' dir='ltr'>fuit.</span> <span class='ocrx_word' id='word_1_182' title='bbox 1197 1387 1562 1453; x_wconf 78' lang='lat' dir='ltr'>Manifestum</span> <span class='ocrx_word' id='word_1_183' title='bbox 1591 1393 1669 1439; x_wconf 87' lang='lat' dir='ltr'>est</span> <span class='ocrx_word' id='word_1_184' title='bbox 1697 1391 1850 1440; x_wconf 85' lang='lat' dir='ltr'>enim</span> <span class='ocrx_word' id='word_1_185' title='bbox 1933 1388 2109 1440; x_wconf 90' lang='lat' dir='ltr'>victor</span> <span class='ocrx_word' id='word_1_186' title='bbox 2136 1404 2170 1440; x_wconf 89' lang='lat' dir='ltr'>a</span> <span class='ocrx_word' id='word_1_187' title='bbox 2199 1386 2437 1443; x_wconf 88' lang='lat' dir='ltr'>mortuis</span> <span class='ocrx_word' id='word_1_188' title='bbox 2467 1388 2792 1451; x_wconf 83' lang='lat' dir='ltr'>resurrexit,</span> <span class='ocrx_word' id='word_1_189' title='bbox 2826 1387 2975 1440; x_wconf 90' lang='lat' dir='ltr'>unde</span> <span class='ocrx_word' id='word_1_190' title='bbox 3017 1380 3169 1441; x_wconf 84' lang='lat' dir='ltr'>Deus</span> <span class='ocrx_word' id='word_1_191' title='bbox 3196 1384 3363 1440; x_wconf 75' lang='lat' dir='ltr'>Pater</span> <span class='ocrx_word' id='word_1_192' title='bbox 3400 1392 3537 1440; x_wconf 81' lang='lat' dir='ltr'>con-</span> 
     </span>
    </p>
   </div>
   <div class='ocr_carea' id='block_1_26' title="bbox 249 1472 3530 1546">
    <p class='ocr_par' dir='ltr' id='par_1_26' title="bbox 249 1472 3530 1546">
     <span class='ocr_line' id='line_1_26' title="bbox 249 1472 3530 1546; baseline 0 -20"><span class='ocrx_word' id='word_1_193' title='bbox 249 1476 397 1543; x_wconf 84' lang='lat' dir='ltr'>quod</span> <span class='ocrx_word' id='word_1_194' title='bbox 414 1491 481 1527; x_wconf 79' lang='lat' dir='ltr'>ea:</span> <span class='ocrx_word' id='word_1_195' title='bbox 498 1475 670 1527; x_wconf 74' lang='lat' dir='ltr'>ludas</span> <span class='ocrx_word' id='word_1_196' title='bbox 692 1481 846 1528; x_wconf 87' lang='lat' dir='ltr'>ortus</span> <span class='ocrx_word' id='word_1_197' title='bbox 864 1477 937 1527; x_wconf 85' lang='lat' dir='ltr'>sit</span> <span class='ocrx_word' id='word_1_198' title='bbox 952 1475 1224 1528; x_wconf 77' lang='lat' dir='ltr'>Dominus</span> <span class='ocrx_word' id='word_1_199' title='bbox 1244 1480 1444 1539; x_wconf 84' lang='lat' dir='ltr'>noster,</span> <span class='ocrx_word' id='word_1_200' title='bbox 1468 1478 1528 1527; x_wconf 87' lang='lat' dir='ltr'>in</span> <span class='ocrx_word' id='word_1_201' title='bbox 1549 1491 1660 1542; x_wconf 85' lang='lat' dir='ltr'>qua</span> <span class='ocrx_word' id='word_1_202' title='bbox 1700 1476 1848 1528; x_wconf 82' lang='lat' dir='ltr'>tribu</span> <span class='ocrx_word' id='word_1_203' title='bbox 1932 1481 2177 1529; x_wconf 86' lang='lat' dir='ltr'>testatur</span> <span class='ocrx_word' id='word_1_204' title='bbox 2204 1477 2616 1545; x_wconf 86' lang='lat' dir='ltr'>jurando,quia</span> <span class='ocrx_word' id='word_1_205' title='bbox 2648 1476 2995 1541; x_wconf 81' lang='lat' dir='ltr'>vivit,dicens</span> <span class='ocrx_word' id='word_1_206' title='bbox 3025 1483 3125 1546; x_wconf 84' lang='lat' dir='ltr'>per</span> <span class='ocrx_word' id='word_1_207' title='bbox 3152 1472 3530 1529; x_wconf 72' lang='lat' dir='ltr'>Psalmistani’:</span> 
     </span>
    </p>
   </div>
   <div class='ocr_carea' id='block_1_27' title="bbox 249 1564 2795 1633">
    <p class='ocr_par' dir='ltr' id='par_1_27' title="bbox 249 1564 2795 1633">
     <span class='ocr_line' id='line_1_27' title="bbox 249 1564 2795 1633; baseline 0 -17"><span class='ocrx_word' id='word_1_208' title='bbox 249 1564 401 1616; x_wconf 83' lang='lat' dir='ltr'>nihil</span> <span class='ocrx_word' id='word_1_209' title='bbox 430 1564 493 1615; x_wconf 88' lang='lat' dir='ltr'>de</span> <span class='ocrx_word' id='word_1_210' title='bbox 521 1564 888 1615; x_wconf 73' lang='lat' dir='ltr'>sacerdotibus</span> <span class='ocrx_word' id='word_1_211' title='bbox 917 1564 1122 1630; x_wconf 75' lang='lat' dir='ltr'>Moyses</span> <span class='ocrx_word' id='word_1_212' title='bbox 1145 1566 1355 1615; x_wconf 85' lang='lat' dir='ltr'>locutus</span> <span class='ocrx_word' id='word_1_213' title='bbox 1375 1564 1542 1616; x_wconf 86' lang='lat' dir='ltr'>est.ln</span> <span class='ocrx_word' id='word_1_214' title='bbox 1564 1579 1675 1633; x_wconf 89' lang='lat' dir='ltr'>quo</span> <span class='ocrx_word' id='word_1_215' title='bbox 1701 1564 1847 1616; x_wconf 88' lang='lat' dir='ltr'>enim</span> <span class='ocrx_word' id='word_1_216' title='bbox 1931 1564 2013 1617; x_wconf 91' lang='lat' dir='ltr'>Tu</span> <span class='ocrx_word' id='word_1_217' title='bbox 2036 1581 2096 1616; x_wconf 88' lang='lat' dir='ltr'>es</span> <span class='ocrx_word' id='word_1_218' title='bbox 2124 1564 2383 1618; x_wconf 75' lang='lat' dir='ltr'>sacerdos</span> <span class='ocrx_word' id='word_1_219' title='bbox 2414 1564 2473 1618; x_wconf 89' lang='lat' dir='ltr'>in</span> <span class='ocrx_word' id='word_1_220' title='bbox 2501 1571 2795 1619; x_wconf 86' lang='lat' dir='ltr'>aeternum.</span> 
     </span>
    </p>
   </div>
   <div class='ocr_carea' id='block_1_28' title="bbox 249 1642 3540 1721">
    <p class='ocr_par' dir='ltr' id='par_1_28' title="bbox 249 1642 3540 1721">
     <span class='ocr_line' id='line_1_28' title="bbox 249 1642 3540 1721; baseline 0.001 -17"><span class='ocrx_word' id='word_1_221' title='bbox 249 1642 352 1713; x_wconf 81' lang='lat' dir='ltr'>ait,</span> <span class='ocrx_word' id='word_1_222' title='bbox 384 1650 503 1704; x_wconf 73' lang='lat' dir='ltr'>hazc</span> <span class='ocrx_word' id='word_1_223' title='bbox 526 1650 810 1715; x_wconf 74' lang='lat' dir='ltr'>“dicuntur,</span> <span class='ocrx_word' id='word_1_224' title='bbox 842 1650 898 1704; x_wconf 92' lang='lat' dir='ltr'>id</span> <span class='ocrx_word' id='word_1_225' title='bbox 927 1656 1029 1714; x_wconf 89' lang='lat' dir='ltr'>est,</span> <span class='ocrx_word' id='word_1_226' title='bbox 1064 1651 1133 1705; x_wconf 88' lang='lat' dir='ltr'>de</span> <span class='ocrx_word' id='word_1_227' title='bbox 1162 1665 1272 1721; x_wconf 90' lang='lat' dir='ltr'>quo</span> <span class='ocrx_word' id='word_1_228' title='bbox 1294 1650 1385 1704; x_wconf 90' lang='lat' dir='ltr'>hic</span> <span class='ocrx_word' id='word_1_229' title='bbox 1408 1651 1846 1721; x_wconf 89' lang='lat' dir='ltr'>dicuntur,quod</span> <span class='ocrx_word' id='word_1_230' title='bbox 2004 1653 2321 1719; x_wconf 74' lang='lat' dir='ltr'>Rrprobalio</span> <span class='ocrx_word' id='word_1_231' title='bbox 2337 1655 2556 1719; x_wconf 81' lang='lat' dir='ltr'>quidem</span> <span class='ocrx_word' id='word_1_232' title='bbox 2581 1656 2641 1720; x_wconf 79' lang='lat' dir='ltr'>ﬁt</span> <span class='ocrx_word' id='word_1_233' title='bbox 2665 1653 3018 1720; x_wconf 57' lang='lat' dir='ltr'>praecedentis</span> <span class='ocrx_word' id='word_1_234' title='bbox 3045 1652 3432 1718; x_wconf 81' lang='lat' dir='ltr'>mandati,hoc</span> <span class='ocrx_word' id='word_1_235' title='bbox 3453 1654 3540 1706; x_wconf 82' lang='lat' dir='ltr'>est</span> 
     </span>
    </p>
   </div>
   <div class='ocr_carea' id='block_1_29' title="bbox 250 1739 3535 1810">
    <p class='ocr_par' dir='ltr' id='par_1_29' title="bbox 250 1739 3535 1810">
     <span class='ocr_line' id='line_1_29' title="bbox 250 1739 3535 1810; baseline 0.001 -18"><span class='ocrx_word' id='word_1_236' title='bbox 250 1746 339 1793; x_wconf 88' lang='lat' dir='ltr'>est</span> <span class='ocrx_word' id='word_1_237' title='bbox 363 1739 625 1793; x_wconf 88' lang='lat' dir='ltr'>sacerdos</span> <span class='ocrx_word' id='word_1_238' title='bbox 655 1739 713 1792; x_wconf 90' lang='lat' dir='ltr'>in</span> <span class='ocrx_word' id='word_1_239' title='bbox 736 1744 1029 1801; x_wconf 67' lang='lat' dir='ltr'>aeternum,</span> <span class='ocrx_word' id='word_1_240' title='bbox 1063 1739 1364 1792; x_wconf 89' lang='lat' dir='ltr'>Dominum</span> <span class='ocrx_word' id='word_1_241' title='bbox 1396 1739 1717 1808; x_wconf 84' lang='lat' dir='ltr'>signiﬁcans</span> <span class='ocrx_word' id='word_1_242' title='bbox 1733 1741 1850 1793; x_wconf 87' lang='lat' dir='ltr'>Sal-</span> <span class='ocrx_word' id='word_1_243' title='bbox 1867 1746 1910 1809; x_wconf 76' lang='grc' dir='ltr'>Β</span> <span class='ocrx_word' id='word_1_244' title='bbox 1932 1739 2070 1807; x_wconf 70' lang='lat' dir='ltr'>legis</span> <span class='ocrx_word' id='word_1_245' title='bbox 2095 1740 2271 1810; x_wconf 85' lang='lat' dir='ltr'>Moysi</span> <span class='ocrx_word' id='word_1_246' title='bbox 2290 1746 2511 1808; x_wconf 81' lang='lat' dir='ltr'>propter</span> <span class='ocrx_word' id='word_1_247' title='bbox 2531 1743 2915 1807; x_wconf 81' lang='lat' dir='ltr'>inﬁrmitatem</span> <span class='ocrx_word' id='word_1_248' title='bbox 2931 1745 3047 1808; x_wconf 73' lang='lat' dir='ltr'>ejus</span> <span class='ocrx_word' id='word_1_249' title='bbox 3068 1746 3115 1794; x_wconf 89' lang='lat' dir='ltr'>et</span> <span class='ocrx_word' id='word_1_250' title='bbox 3143 1743 3535 1794; x_wconf 75' lang='lat' dir='ltr'>inutilitatem;</span> 
     </span>
    </p>
   </div>
   <div class='ocr_carea' id='block_1_30' title="bbox 249 1812 3537 1899">
    <p class='ocr_par' dir='ltr' id='par_1_30' title="bbox 249 1812 3537 1899">
     <span class='ocr_line' id='line_1_30' title="bbox 249 1812 3537 1899; baseline 0.001 -19"><span class='ocrx_word' id='word_1_251' title='bbox 249 1834 521 1890; x_wconf 85' lang='lat' dir='ltr'>vatorem,</span> <span class='ocrx_word' id='word_1_252' title='bbox 557 1829 625 1881; x_wconf 88' lang='lat' dir='ltr'>de</span> <span class='ocrx_word' id='word_1_253' title='bbox 653 1828 764 1880; x_wconf 83' lang='lat' dir='ltr'>alia</span> <span class='ocrx_word' id='word_1_254' title='bbox 787 1827 936 1880; x_wconf 87' lang='lat' dir='ltr'>tribu</span> <span class='ocrx_word' id='word_1_255' title='bbox 956 1834 1058 1891; x_wconf 89' lang='lat' dir='ltr'>est,</span> <span class='ocrx_word' id='word_1_256' title='bbox 1091 1843 1258 1896; x_wconf 90' lang='lat' dir='ltr'>quam</span> <span class='ocrx_word' id='word_1_257' title='bbox 1289 1828 1642 1887; x_wconf 82' lang='lat' dir='ltr'>sacerdotali,</span> <span class='ocrx_word' id='word_1_258' title='bbox 1676 1829 1856 1881; x_wconf 86' lang='lat' dir='ltr'>deilla</span> <span class='ocrx_word' id='word_1_259' title='bbox 1940 1828 2335 1881; x_wconf 77' lang='lat' dir='ltr'>Inﬁrmitatem</span> <span class='ocrx_word' id='word_1_260' title='bbox 2369 1827 2561 1897; x_wconf 84' lang='lat' dir='ltr'>utique</span> <span class='ocrx_word' id='word_1_261' title='bbox 2592 1828 2650 1880; x_wconf 87' lang='lat' dir='ltr'>in</span> <span class='ocrx_word' id='word_1_262' title='bbox 2680 1828 2783 1882; x_wconf 82' lang='lat' dir='ltr'>hoc</span> <span class='ocrx_word' id='word_1_263' title='bbox 2817 1818 3057 1881; x_wconf 81' lang='lat' dir='ltr'>habebat</span> <span class='ocrx_word' id='word_1_264' title='bbox 3087 1828 3174 1881; x_wconf 84' lang='lat' dir='ltr'>lex</span> <span class='ocrx_word' id='word_1_265' title='bbox 3210 1832 3222 1881; x_wconf 56' lang='lat'>‘:</span> <span class='ocrx_word' id='word_1_266' title='bbox 3258 1812 3389 1898; x_wconf 83' lang='lat' dir='ltr'>quia</span> <span class='ocrx_word' id='word_1_267' title='bbox 3409 1832 3537 1899; x_wconf 71' lang='lat' dir='ltr'>ope&quot;-</span> 
     </span>
    </p>
   </div>
   <div class='ocr_carea' id='block_1_31' title="bbox 248 1915 3537 1986">
    <p class='ocr_par' dir='ltr' id='par_1_31' title="bbox 248 1915 3537 1986">
     <span class='ocr_line' id='line_1_31' title="bbox 248 1915 3537 1986; baseline 0.001 -18"><span class='ocrx_word' id='word_1_268' title='bbox 248 1917 513 1970; x_wconf 86' lang='lat' dir='ltr'>videlicet</span> <span class='ocrx_word' id='word_1_269' title='bbox 540 1916 610 1969; x_wconf 90' lang='lat' dir='ltr'>de</span> <span class='ocrx_word' id='word_1_270' title='bbox 645 1932 756 1986; x_wconf 88' lang='lat' dir='ltr'>qua</span> <span class='ocrx_word' id='word_1_271' title='bbox 781 1915 971 1969; x_wconf 88' lang='lat' dir='ltr'>nullus</span> <span class='ocrx_word' id='word_1_272' title='bbox 1000 1915 1164 1969; x_wconf 85' lang='lat' dir='ltr'>altari</span> <span class='ocrx_word' id='word_1_273' title='bbox 1187 1924 1389 1985; x_wconf 72' lang='lat' dir='ltr'>praesto</span> <span class='ocrx_word' id='word_1_274' title='bbox 1437 1916 1561 1978; x_wconf 80' lang='lat' dir='ltr'>fuit,</span> <span class='ocrx_word' id='word_1_275' title='bbox 1598 1918 1703 1969; x_wconf 91' lang='lat' dir='ltr'>hoc</span> <span class='ocrx_word' id='word_1_276' title='bbox 1749 1923 1853 1983; x_wconf 90' lang='lat' dir='ltr'>est,</span> <span class='ocrx_word' id='word_1_277' title='bbox 1939 1921 2129 1969; x_wconf 88' lang='lat' dir='ltr'>rantes</span> <span class='ocrx_word' id='word_1_278' title='bbox 2158 1916 2270 1969; x_wconf 83' lang='lat' dir='ltr'>&#39;non</span> <span class='ocrx_word' id='word_1_279' title='bbox 2300 1916 2517 1969; x_wconf 83' lang='lat' dir='ltr'>valebat</span> <span class='ocrx_word' id='word_1_280' title='bbox 2559 1916 2842 1985; x_wconf 85' lang='lat' dir='ltr'>adjuvare,</span> <span class='ocrx_word' id='word_1_281' title='bbox 2877 1917 3241 1971; x_wconf 84' lang='lat' dir='ltr'>inutilitatem</span> <span class='ocrx_word' id='word_1_282' title='bbox 3297 1932 3426 1971; x_wconf 88' lang='lat' dir='ltr'>vero</span> <span class='ocrx_word' id='word_1_283' title='bbox 3476 1916 3537 1971; x_wconf 76' lang='lat' dir='ltr'>iii</span> 
     </span>
    </p>
   </div>
   <div class='ocr_carea' id='block_1_32' title="bbox 246 1992 3528 2076">
    <p class='ocr_par' dir='ltr' id='par_1_32' title="bbox 246 1992 3528 2076">
     <span class='ocr_line' id='line_1_32' title="bbox 246 1992 3528 2076; baseline -0 -18"><span class='ocrx_word' id='word_1_284' title='bbox 246 2004 318 2058; x_wconf 83' lang='lat' dir='ltr'>de</span> <span class='ocrx_word' id='word_1_285' title='bbox 348 2005 504 2059; x_wconf 85' lang='lat' dir='ltr'>tribu</span> <span class='ocrx_word' id='word_1_286' title='bbox 526 1996 552 2059; x_wconf 72' lang='grc' dir='ltr'><strong>Ι</strong></span> <span class='ocrx_word' id='word_1_287' title='bbox 561 2005 687 2058; x_wconf 88' lang='lat' dir='ltr'>uda.</span> <span class='ocrx_word' id='word_1_288' title='bbox 706 2005 832 2058; x_wconf 89' lang='lat' dir='ltr'>Non</span> <span class='ocrx_word' id='word_1_289' title='bbox 863 2003 1011 2057; x_wconf 89' lang='lat' dir='ltr'>enim</span> <span class='ocrx_word' id='word_1_290' title='bbox 1032 2004 1227 2058; x_wconf 88' lang='lat' dir='ltr'>ordine</span> <span class='ocrx_word' id='word_1_291' title='bbox 1258 2006 1857 2076; x_wconf 81' lang='lat' dir='ltr'>tantummodo,neque</span> <span class='ocrx_word' id='word_1_292' title='bbox 1940 2003 2065 2068; x_wconf 89' lang='lat' dir='ltr'>hoc,</span> <span class='ocrx_word' id='word_1_293' title='bbox 2095 2003 2227 2073; x_wconf 88' lang='lat' dir='ltr'>quia</span> <span class='ocrx_word' id='word_1_294' title='bbox 2256 2003 2469 2056; x_wconf 90' lang='lat' dir='ltr'>nemini</span> <span class='ocrx_word' id='word_1_295' title='bbox 2499 2015 2733 2073; x_wconf 82' lang='lat' dir='ltr'>regnum</span> <span class='ocrx_word' id='word_1_296' title='bbox 2765 2005 3034 2057; x_wconf 79' lang='lat' dir='ltr'>caelorum</span> <span class='ocrx_word' id='word_1_297' title='bbox 3054 1992 3528 2075; x_wconf 79' lang='lat' dir='ltr'>valebataperire.</span> 
     </span>
    </p>
   </div>
   <div class='ocr_carea' id='block_1_33' title="bbox 250 2091 3537 2163">
    <p class='ocr_par' dir='ltr' id='par_1_33' title="bbox 250 2091 3537 2163">
     <span class='ocr_line' id='line_1_33' title="bbox 250 2091 3537 2163; baseline -0 -16"><span class='ocrx_word' id='word_1_298' title='bbox 250 2095 620 2148; x_wconf 87' lang='lat' dir='ltr'>Testamento</span> <span class='ocrx_word' id='word_1_299' title='bbox 652 2093 735 2145; x_wconf 84' lang='lat' dir='ltr'>vel</span> <span class='ocrx_word' id='word_1_300' title='bbox 756 2093 1071 2163; x_wconf 73' lang='lat' dir='ltr'>praeceptis,</span> <span class='ocrx_word' id='word_1_301' title='bbox 1105 2098 1383 2146; x_wconf 83' lang='lat' dir='ltr'>mutatum</span> <span class='ocrx_word' id='word_1_302' title='bbox 1415 2098 1518 2153; x_wconf 85' lang='lat' dir='ltr'>est,</span> <span class='ocrx_word' id='word_1_303' title='bbox 1554 2095 1648 2146; x_wconf 90' lang='lat' dir='ltr'>scd</span> <span class='ocrx_word' id='word_1_304' title='bbox 1683 2094 1853 2146; x_wconf 87' lang='lat' dir='ltr'>etiam</span> <span class='ocrx_word' id='word_1_305' title='bbox 1940 2091 2099 2145; x_wconf 89' lang='lat' dir='ltr'>Unde</span> <span class='ocrx_word' id='word_1_306' title='bbox 2123 2092 2416 2162; x_wconf 88' lang='lat' dir='ltr'>sequitur:</span> <span class='ocrx_word' id='word_1_307' title='bbox 2440 2094 2600 2146; x_wconf 86' lang='lat' dir='ltr'>Nihil</span> <span class='ocrx_word' id='word_1_308' title='bbox 2640 2096 2791 2147; x_wconf 85' lang='lat' dir='ltr'>enim</span> <span class='ocrx_word' id='word_1_309' title='bbox 2839 2092 2913 2146; x_wconf 87' lang='lat' dir='ltr'>ad</span> <span class='ocrx_word' id='word_1_310' title='bbox 2950 2094 3253 2160; x_wconf 75' lang='lat' dir='ltr'>perfectum</span> <span class='ocrx_word' id='word_1_311' title='bbox 3299 2095 3537 2147; x_wconf 67' lang='lat' dir='ltr'>adduxit</span> 
     </span>
    </p>
   </div>
   <div class='ocr_carea' id='block_1_34' title="bbox 243 2166 3536 2253">
    <p class='ocr_par' dir='ltr' id='par_1_34' title="bbox 243 2166 3536 2253">
     <span class='ocr_line' id='line_1_34' title="bbox 243 2166 3536 2253; baseline -0 -17"><span class='ocrx_word' id='word_1_312' title='bbox 243 2182 422 2243; x_wconf 85' lang='lat' dir='ltr'>tribu.</span> <span class='ocrx_word' id='word_1_313' title='bbox 457 2182 523 2236; x_wconf 88' lang='lat' dir='ltr'>Et</span> <span class='ocrx_word' id='word_1_314' title='bbox 550 2181 828 2253; x_wconf 91' lang='lat' dir='ltr'>quomodo</span> <span class='ocrx_word' id='word_1_315' title='bbox 860 2181 1196 2234; x_wconf 89' lang='lat' dir='ltr'>translatum</span> <span class='ocrx_word' id='word_1_316' title='bbox 1228 2185 1315 2236; x_wconf 89' lang='lat' dir='ltr'>est</span> <span class='ocrx_word' id='word_1_317' title='bbox 1364 2181 1737 2235; x_wconf 89' lang='lat' dir='ltr'>sacerdotium</span> <span class='ocrx_word' id='word_1_318' title='bbox 1786 2183 1855 2235; x_wconf 90' lang='lat' dir='ltr'>de</span> <span class='ocrx_word' id='word_1_319' title='bbox 1941 2179 2195 2243; x_wconf 65' lang='lat' dir='ltr'>ler.Quid</span> <span class='ocrx_word' id='word_1_320' title='bbox 2214 2180 2532 2241; x_wconf 81' lang='lat' dir='ltr'>enim,nihil</span> <span class='ocrx_word' id='word_1_321' title='bbox 2555 2181 2763 2251; x_wconf 86' lang='lat' dir='ltr'>profuit</span> <span class='ocrx_word' id='word_1_322' title='bbox 2784 2181 2906 2234; x_wconf 83' lang='lat' dir='ltr'>lex?</span> <span class='ocrx_word' id='word_1_323' title='bbox 2928 2181 3134 2251; x_wconf 81' lang='lat' dir='ltr'>profuit</span> <span class='ocrx_word' id='word_1_324' title='bbox 3172 2182 3399 2252; x_wconf 86' lang='lat' dir='ltr'>quidem</span> <span class='ocrx_word' id='word_1_325' title='bbox 3428 2166 3536 2235; x_wconf 46' lang='lat' dir='ltr'>alis-</span> 
     </span>
    </p>
   </div>
   <div class='ocr_carea' id='block_1_35' title="bbox 243 2268 3534 2339">
    <p class='ocr_par' dir='ltr' id='par_1_35' title="bbox 243 2268 3534 2339">
     <span class='ocr_line' id='line_1_35' title="bbox 243 2268 3534 2339; baseline -0.001 -13"><span class='ocrx_word' id='word_1_326' title='bbox 243 2271 400 2326; x_wconf 87' lang='lat' dir='ltr'>tribu</span> <span class='ocrx_word' id='word_1_327' title='bbox 432 2271 492 2324; x_wconf 89' lang='lat' dir='ltr'>in</span> <span class='ocrx_word' id='word_1_328' title='bbox 523 2270 829 2338; x_wconf 86' lang='lat' dir='ltr'>tribum,de</span> <span class='ocrx_word' id='word_1_329' title='bbox 852 2268 1187 2323; x_wconf 86' lang='lat' dir='ltr'>sacerdotali</span> <span class='ocrx_word' id='word_1_330' title='bbox 1201 2269 1457 2323; x_wconf 87' lang='lat' dir='ltr'>videlicet</span> <span class='ocrx_word' id='word_1_331' title='bbox 1484 2270 1553 2322; x_wconf 87' lang='lat' dir='ltr'>ad</span> <span class='ocrx_word' id='word_1_332' title='bbox 1584 2272 1851 2339; x_wconf 83' lang='lat' dir='ltr'>regalem,</span> <span class='ocrx_word' id='word_1_333' title='bbox 1939 2268 2073 2337; x_wconf 89' lang='lat' dir='ltr'>quid</span> <span class='ocrx_word' id='word_1_334' title='bbox 2108 2282 2343 2338; x_wconf 88' lang='lat' dir='ltr'>corpora</span> <span class='ocrx_word' id='word_1_335' title='bbox 2373 2269 2716 2333; x_wconf 88' lang='lat' dir='ltr'>mundando,</span> <span class='ocrx_word' id='word_1_336' title='bbox 2751 2275 2977 2339; x_wconf 81' lang='lat' dir='ltr'>peccata</span> <span class='ocrx_word' id='word_1_337' title='bbox 3015 2269 3160 2323; x_wconf 84' lang='lat' dir='ltr'>levia</span> <span class='ocrx_word' id='word_1_338' title='bbox 3194 2269 3534 2337; x_wconf 69' lang='lat' dir='ltr'>relaxandi);</span> 
     </span>
    </p>
   </div>
   <div class='ocr_carea' id='block_1_36' title="bbox 243 2357 3540 2430">
    <p class='ocr_par' dir='ltr' id='par_1_36' title="bbox 243 2357 3540 2430">
     <span class='ocr_line' id='line_1_36' title="bbox 243 2357 3540 2430; baseline -0.001 -16"><span class='ocrx_word' id='word_1_339' title='bbox 243 2366 305 2414; x_wconf 91' lang='lat' dir='ltr'>ut</span> <span class='ocrx_word' id='word_1_340' title='bbox 338 2359 543 2414; x_wconf 88' lang='lat' dir='ltr'>eadem</span> <span class='ocrx_word' id='word_1_341' title='bbox 570 2359 694 2430; x_wconf 89' lang='lat' dir='ltr'>ipsa</span> <span class='ocrx_word' id='word_1_342' title='bbox 720 2358 793 2412; x_wconf 90' lang='lat' dir='ltr'>sit</span> <span class='ocrx_word' id='word_1_343' title='bbox 815 2364 872 2411; x_wconf 91' lang='lat' dir='ltr'>et</span> <span class='ocrx_word' id='word_1_344' title='bbox 892 2358 1094 2427; x_wconf 86' lang='lat' dir='ltr'>regalis</span> <span class='ocrx_word' id='word_1_345' title='bbox 1122 2363 1180 2410; x_wconf 87' lang='lat' dir='ltr'>et</span> <span class='ocrx_word' id='word_1_346' title='bbox 1206 2358 1569 2412; x_wconf 77' lang='lat' dir='ltr'>sacerdotalis</span> <span class='ocrx_word' id='word_1_347' title='bbox 1600 2359 1656 2411; x_wconf 92' lang='lat' dir='ltr'>in</span> <span class='ocrx_word' id='word_1_348' title='bbox 1692 2358 1855 2412; x_wconf 89' lang='lat' dir='ltr'>Chri-</span> <span class='ocrx_word' id='word_1_349' title='bbox 1937 2357 2036 2410; x_wconf 89' lang='lat' dir='ltr'>sed</span> <span class='ocrx_word' id='word_1_350' title='bbox 2067 2358 2208 2411; x_wconf 88' lang='lat' dir='ltr'>nihil</span> <span class='ocrx_word' id='word_1_351' title='bbox 2233 2358 2301 2411; x_wconf 87' lang='lat' dir='ltr'>ad</span> <span class='ocrx_word' id='word_1_352' title='bbox 2334 2360 2439 2412; x_wconf 92' lang='lat' dir='ltr'>hoc</span> <span class='ocrx_word' id='word_1_353' title='bbox 2470 2358 2698 2429; x_wconf 80' lang='lat' dir='ltr'>profuit,</span> <span class='ocrx_word' id='word_1_354' title='bbox 2733 2365 2798 2411; x_wconf 85' lang='lat' dir='ltr'>ut</span> <span class='ocrx_word' id='word_1_355' title='bbox 2815 2358 3088 2428; x_wconf 84' lang='lat' dir='ltr'>perfectos</span> <span class='ocrx_word' id='word_1_356' title='bbox 3114 2357 3299 2411; x_wconf 85' lang='lat' dir='ltr'>facere</span> <span class='ocrx_word' id='word_1_357' title='bbox 3330 2358 3540 2428; x_wconf 74' lang='lat' dir='ltr'>potuis-</span> 
     </span>
    </p>
   </div>
   <div class='ocr_carea' id='block_1_37' title="bbox 243 2446 3540 2519">
    <p class='ocr_par' dir='ltr' id='par_1_37' title="bbox 243 2446 3540 2519">
     <span class='ocr_line' id='line_1_37' title="bbox 243 2446 3540 2519; baseline -0.001 -15"><span class='ocrx_word' id='word_1_358' title='bbox 243 2456 356 2519; x_wconf 85' lang='lat' dir='ltr'>sto,</span> <span class='ocrx_word' id='word_1_359' title='bbox 393 2448 493 2519; x_wconf 85' lang='lat' dir='ltr'>qui</span> <span class='ocrx_word' id='word_1_360' title='bbox 523 2453 610 2501; x_wconf 90' lang='lat' dir='ltr'>est</span> <span class='ocrx_word' id='word_1_361' title='bbox 637 2464 735 2501; x_wconf 81' lang='lat' dir='ltr'>rex</span> <span class='ocrx_word' id='word_1_362' title='bbox 778 2454 836 2501; x_wconf 93' lang='lat' dir='ltr'>et</span> <span class='ocrx_word' id='word_1_363' title='bbox 862 2446 1158 2500; x_wconf 80' lang='lat' dir='ltr'>sacerdos?</span> <span class='ocrx_word' id='word_1_364' title='bbox 1187 2448 1432 2514; x_wconf 79' lang='lat' dir='ltr'>lIntuere</span> <span class='ocrx_word' id='word_1_365' title='bbox 1488 2448 1844 2517; x_wconf 86' lang='lat' dir='ltr'>mysterium.</span> <span class='ocrx_word' id='word_1_366' title='bbox 1937 2451 2023 2499; x_wconf 77' lang='lat' dir='ltr'>set</span> <span class='ocrx_word' id='word_1_367' title='bbox 2047 2447 2351 2500; x_wconf 85' lang='lat' dir='ltr'>servientes</span> <span class='ocrx_word' id='word_1_368' title='bbox 2370 2447 2429 2500; x_wconf 90' lang='lat' dir='ltr'>in</span> <span class='ocrx_word' id='word_1_369' title='bbox 2471 2462 2557 2511; x_wconf 83' lang='lat' dir='ltr'>ea,</span> <span class='ocrx_word' id='word_1_370' title='bbox 2595 2447 2861 2517; x_wconf 87' lang='lat' dir='ltr'>quoniam</span> <span class='ocrx_word' id='word_1_371' title='bbox 2891 2448 3151 2517; x_wconf 82' lang='lat' dir='ltr'>graviora</span> <span class='ocrx_word' id='word_1_372' title='bbox 3183 2448 3410 2517; x_wconf 81' lang='lat' dir='ltr'>peccata</span> <span class='ocrx_word' id='word_1_373' title='bbox 3425 2448 3540 2500; x_wconf 76' lang='lat' dir='ltr'>non</span> 
     </span>
    </p>
   </div>
   <div class='ocr_carea' id='block_1_38' title="bbox 176 2531 3535 2607">
    <p class='ocr_par' dir='ltr' id='par_1_38' title="bbox 176 2531 3535 2607">
     <span class='ocr_line' id='line_1_38' title="bbox 176 2531 3535 2607; baseline -0.001 -16"><span class='ocrx_word' id='word_1_374' title='bbox 176 2590 181 2593; x_wconf 87' lang='lat'>_</span> <span class='ocrx_word' id='word_1_375' title='bbox 243 2538 444 2607; x_wconf 83' lang='lat' dir='ltr'>PrimO</span> <span class='ocrx_word' id='word_1_376' title='bbox 473 2536 580 2590; x_wconf 90' lang='lat' dir='ltr'>fuit</span> <span class='ocrx_word' id='word_1_377' title='bbox 605 2536 792 2606; x_wconf 87' lang='lat' dir='ltr'>regale</span> <span class='ocrx_word' id='word_1_378' title='bbox 821 2534 1194 2589; x_wconf 86' lang='lat' dir='ltr'>sacerdotium</span> <span class='ocrx_word' id='word_1_379' title='bbox 1226 2535 1284 2588; x_wconf 91' lang='lat' dir='ltr'>in</span> <span class='ocrx_word' id='word_1_380' title='bbox 1316 2536 1742 2592; x_wconf 76' lang='lat' dir='ltr'>Melchisedech.</span> <span class='ocrx_word' id='word_1_381' title='bbox 1773 2553 1856 2589; x_wconf 78' lang='lat' dir='ltr'>se-</span> <span class='ocrx_word' id='word_1_382' title='bbox 1936 2534 2295 2593; x_wconf 86' lang='lat' dir='ltr'>tollebat,nec</span> <span class='ocrx_word' id='word_1_383' title='bbox 2314 2537 2546 2604; x_wconf 87' lang='lat' dir='ltr'>januam</span> <span class='ocrx_word' id='word_1_384' title='bbox 2575 2535 2731 2604; x_wconf 85' lang='lat' dir='ltr'>regni</span> <span class='ocrx_word' id='word_1_385' title='bbox 2762 2531 3001 2589; x_wconf 80' lang='lat' dir='ltr'>caelestis</span> <span class='ocrx_word' id='word_1_386' title='bbox 3031 2535 3199 2589; x_wconf 88' lang='lat' dir='ltr'>alicui</span> <span class='ocrx_word' id='word_1_387' title='bbox 3228 2534 3535 2605; x_wconf 80' lang='lat' dir='ltr'>aperiebat.</span> 
     </span>
    </p>
   </div>
   <div class='ocr_carea' id='block_1_39' title="bbox 245 2622 3536 2695">
    <p class='ocr_par' dir='ltr' id='par_1_39' title="bbox 245 2622 3536 2695">
     <span class='ocr_line' id='line_1_39' title="bbox 245 2622 3536 2695; baseline -0.002 -14"><span class='ocrx_word' id='word_1_388' title='bbox 245 2626 504 2694; x_wconf 81' lang='lat' dir='ltr'>cundum</span> <span class='ocrx_word' id='word_1_389' title='bbox 535 2624 991 2695; x_wconf 84' lang='lat' dir='ltr'>consequentiam</span> <span class='ocrx_word' id='word_1_390' title='bbox 1008 2624 1177 2693; x_wconf 85' lang='lat' dir='ltr'>hujus</span> <span class='ocrx_word' id='word_1_391' title='bbox 1196 2624 1739 2689; x_wconf 88' lang='lat' dir='ltr'>sermonis,secundo</span> <span class='ocrx_word' id='word_1_392' title='bbox 1760 2636 1857 2677; x_wconf 83' lang='lat' dir='ltr'>au-</span> <span class='ocrx_word' id='word_1_393' title='bbox 1940 2622 2295 2692; x_wconf 81' lang='lat' dir='ltr'>Quapropter</span> <span class='ocrx_word' id='word_1_394' title='bbox 2322 2623 2621 2693; x_wconf 74' lang='lat' dir='ltr'>reprobate</span> <span class='ocrx_word' id='word_1_395' title='bbox 2649 2622 2754 2687; x_wconf 86' lang='lat' dir='ltr'>est,</span> <span class='ocrx_word' id='word_1_396' title='bbox 2788 2629 2851 2677; x_wconf 90' lang='lat' dir='ltr'>ut</span> <span class='ocrx_word' id='word_1_397' title='bbox 2877 2622 3075 2693; x_wconf 63' lang='lat' dir='ltr'>gratim</span> <span class='ocrx_word' id='word_1_398' title='bbox 3101 2623 3333 2677; x_wconf 89' lang='lat' dir='ltr'>daretur</span> <span class='ocrx_word' id='word_1_399' title='bbox 3361 2624 3536 2688; x_wconf 81' lang='lat' dir='ltr'>locus,</span> 
     </span>
    </p>
   </div>
   <div class='ocr_carea' id='block_1_40' title="bbox 248 2708 3541 2785">
    <p class='ocr_par' dir='ltr' id='par_1_40' title="bbox 248 2708 3541 2785">
     <span class='ocr_line' id='line_1_40' title="bbox 248 2708 3541 2785; baseline -0.001 -15"><span class='ocrx_word' id='word_1_400' title='bbox 248 2720 367 2770; x_wconf 80' lang='lat' dir='ltr'>tem</span> <span class='ocrx_word' id='word_1_401' title='bbox 400 2713 512 2767; x_wconf 84' lang='lat' dir='ltr'>fuit</span> <span class='ocrx_word' id='word_1_402' title='bbox 565 2712 936 2785; x_wconf 82' lang='lat' dir='ltr'>sacerdotium</span> <span class='ocrx_word' id='word_1_403' title='bbox 991 2713 1343 2766; x_wconf 86' lang='lat' dir='ltr'>solummodo</span> <span class='ocrx_word' id='word_1_404' title='bbox 1399 2713 1747 2766; x_wconf 87' lang='lat' dir='ltr'>sacerdotale</span> <span class='ocrx_word' id='word_1_405' title='bbox 1798 2714 1857 2766; x_wconf 90' lang='lat' dir='ltr'>in</span> <span class='ocrx_word' id='word_1_406' title='bbox 1940 2710 1999 2763; x_wconf 90' lang='lat' dir='ltr'>in</span> <span class='ocrx_word' id='word_1_407' title='bbox 2029 2727 2140 2781; x_wconf 87' lang='lat' dir='ltr'>qua</span> <span class='ocrx_word' id='word_1_408' title='bbox 2161 2710 2431 2781; x_wconf 79' lang='lat' dir='ltr'>perfectio</span> <span class='ocrx_word' id='word_1_409' title='bbox 2453 2712 2708 2777; x_wconf 87' lang='lat' dir='ltr'>constat;</span> <span class='ocrx_word' id='word_1_410' title='bbox 2754 2712 2908 2765; x_wconf 90' lang='lat' dir='ltr'>utilis</span> <span class='ocrx_word' id='word_1_411' title='bbox 2949 2712 3173 2782; x_wconf 89' lang='lat' dir='ltr'>quidem</span> <span class='ocrx_word' id='word_1_412' title='bbox 3223 2711 3330 2765; x_wconf 79' lang='lat' dir='ltr'>fuit</span> <span class='ocrx_word' id='word_1_413' title='bbox 3372 2708 3541 2766; x_wconf 87' lang='lat' dir='ltr'>iidem</span> 
     </span>
    </p>
   </div>
   <div class='ocr_carea' id='block_1_41' title="bbox 246 2794 3540 2870">
    <p class='ocr_par' dir='ltr' id='par_1_41' title="bbox 246 2794 3540 2870">
     <span class='ocr_line' id='line_1_41' title="bbox 246 2794 3540 2870; baseline -0.001 -13"><span class='ocrx_word' id='word_1_414' title='bbox 246 2805 466 2863; x_wconf 80' lang='lat' dir='ltr'>Aaron,</span> <span class='ocrx_word' id='word_1_415' title='bbox 494 2794 663 2856; x_wconf 82' lang='lat' dir='ltr'>tertio</span> <span class='ocrx_word' id='word_1_416' title='bbox 688 2806 877 2856; x_wconf 89' lang='lat' dir='ltr'>autem</span> <span class='ocrx_word' id='word_1_417' title='bbox 904 2801 1007 2854; x_wconf 86' lang='lat' dir='ltr'>fuit</span> <span class='ocrx_word' id='word_1_418' title='bbox 1039 2801 1243 2854; x_wconf 84' lang='lat' dir='ltr'>iterum</span> <span class='ocrx_word' id='word_1_419' title='bbox 1262 2802 1450 2870; x_wconf 85' lang='lat' dir='ltr'>regale</span> <span class='ocrx_word' id='word_1_420' title='bbox 1478 2801 1855 2855; x_wconf 82' lang='lat' dir='ltr'>sacerdotium</span> <span class='ocrx_word' id='word_1_421' title='bbox 1939 2799 2273 2853; x_wconf 77' lang='lat' dir='ltr'>habentibus</span> <span class='ocrx_word' id='word_1_422' title='bbox 2293 2800 2349 2853; x_wconf 91' lang='lat' dir='ltr'>in</span> <span class='ocrx_word' id='word_1_423' title='bbox 2381 2799 2742 2864; x_wconf 86' lang='lat' dir='ltr'>Christo,non</span> <span class='ocrx_word' id='word_1_424' title='bbox 2759 2799 2870 2852; x_wconf 89' lang='lat' dir='ltr'>illis</span> <span class='ocrx_word' id='word_1_425' title='bbox 2893 2799 2985 2869; x_wconf 86' lang='lat' dir='ltr'>qui</span> <span class='ocrx_word' id='word_1_426' title='bbox 3002 2802 3177 2853; x_wconf 86' lang='lat' dir='ltr'>totam</span> <span class='ocrx_word' id='word_1_427' title='bbox 3200 2800 3356 2870; x_wconf 78' lang='lat' dir='ltr'>spem</span> <span class='ocrx_word' id='word_1_428' title='bbox 3378 2804 3540 2854; x_wconf 80' lang='lat' dir='ltr'>sitam</span> 
     </span>
    </p>
   </div>
   <div class='ocr_carea' id='block_1_42' title="bbox 248 2886 3539 2961">
    <p class='ocr_par' dir='ltr' id='par_1_42' title="bbox 248 2886 3539 2961">
     <span class='ocr_line' id='line_1_42' title="bbox 248 2886 3539 2961; baseline -0.001 -16"><span class='ocrx_word' id='word_1_429' title='bbox 248 2891 309 2945; x_wconf 90' lang='lat' dir='ltr'>in</span> <span class='ocrx_word' id='word_1_430' title='bbox 340 2890 590 2961; x_wconf 85' lang='lat' dir='ltr'>Christo,</span> <span class='ocrx_word' id='word_1_431' title='bbox 622 2889 767 2943; x_wconf 89' lang='lat' dir='ltr'>sicut</span> <span class='ocrx_word' id='word_1_432' title='bbox 794 2894 851 2942; x_wconf 89' lang='lat' dir='ltr'>et</span> <span class='ocrx_word' id='word_1_433' title='bbox 879 2889 1078 2958; x_wconf 91' lang='lat' dir='ltr'>primo.</span> <span class='ocrx_word' id='word_1_434' title='bbox 1105 2889 1264 2942; x_wconf 90' lang='lat' dir='ltr'>Unde</span> <span class='ocrx_word' id='word_1_435' title='bbox 1311 2894 1369 2942; x_wconf 90' lang='lat' dir='ltr'>et</span> <span class='ocrx_word' id='word_1_436' title='bbox 1412 2889 1657 2943; x_wconf 86' lang='lat' dir='ltr'>Ecclesia</span> <span class='ocrx_word' id='word_1_437' title='bbox 1688 2889 1855 2942; x_wconf 87' lang='lat' dir='ltr'>modo</span> <span class='ocrx_word' id='word_1_438' title='bbox 1939 2888 1996 2941; x_wconf 89' lang='lat' dir='ltr'>in</span> <span class='ocrx_word' id='word_1_439' title='bbox 2035 2889 2156 2957; x_wconf 85' lang='lat' dir='ltr'>ejus</span> <span class='ocrx_word' id='word_1_440' title='bbox 2198 2887 2520 2941; x_wconf 88' lang='lat' dir='ltr'>carnalibus</span> <span class='ocrx_word' id='word_1_441' title='bbox 2572 2886 3052 2941; x_wconf 78' lang='lat' dir='ltr'>observationibus</span> <span class='ocrx_word' id='word_1_442' title='bbox 3103 2886 3403 2958; x_wconf 82' lang='lat' dir='ltr'>pcnebarit.</span> <span class='ocrx_word' id='word_1_443' title='bbox 3428 2889 3539 2942; x_wconf 83' lang='grc' dir='ltr'>-Ῐη-</span> 
     </span>
    </p>
   </div>
   <div class='ocr_carea' id='block_1_43' title="bbox 248 2972 3540 3051">
    <p class='ocr_par' dir='ltr' id='par_1_43' title="bbox 248 2972 3540 3051">
     <span class='ocr_line' id='line_1_43' title="bbox 248 2972 3540 3051; baseline -0.001 -18"><span class='ocrx_word' id='word_1_444' title='bbox 248 2979 451 3051; x_wconf 86' lang='lat' dir='ltr'>regale</span> <span class='ocrx_word' id='word_1_445' title='bbox 476 2977 852 3032; x_wconf 87' lang='lat' dir='ltr'>sacerdotium</span> <span class='ocrx_word' id='word_1_446' title='bbox 882 2976 1071 3042; x_wconf 90' lang='lat' dir='ltr'>habet,</span> <span class='ocrx_word' id='word_1_447' title='bbox 1102 2977 1322 3030; x_wconf 88' lang='lat' dir='ltr'>dicente</span> <span class='ocrx_word' id='word_1_448' title='bbox 1352 2977 1521 3030; x_wconf 90' lang='lat' dir='ltr'>Petro</span> <span class='ocrx_word' id='word_1_449' title='bbox 1553 2996 1563 3030; x_wconf 92' lang='lat'>:</span> <span class='ocrx_word' id='word_1_450' title='bbox 1600 2979 1690 3031; x_wconf 87' lang='lat' dir='ltr'>Vos</span> <span class='ocrx_word' id='word_1_451' title='bbox 1707 2981 1856 3031; x_wconf 85' lang='lat' dir='ltr'>enim</span> <span class='ocrx_word' id='word_1_452' title='bbox 1875 2981 1916 3039; x_wconf 71' lang='grc' dir='ltr'>ί]</span> <span class='ocrx_word' id='word_1_453' title='bbox 1943 2978 2214 3029; x_wconf 73' lang='lat' dir='ltr'>traductio</span> <span class='ocrx_word' id='word_1_454' title='bbox 2243 2992 2367 3029; x_wconf 85' lang='lat' dir='ltr'>vero</span> <span class='ocrx_word' id='word_1_455' title='bbox 2406 2978 2652 3030; x_wconf 84' lang='lat' dir='ltr'>melioris</span> <span class='ocrx_word' id='word_1_456' title='bbox 2681 2972 2811 3044; x_wconf 78' lang='lat' dir='ltr'>spei,</span> <span class='ocrx_word' id='word_1_457' title='bbox 2844 2975 3110 3030; x_wconf 82' lang='lat' dir='ltr'>subaudis</span> <span class='ocrx_word' id='word_1_458' title='bbox 3154 2977 3240 3030; x_wconf 79' lang='lat' dir='ltr'>est</span> <span class='ocrx_word' id='word_1_459' title='bbox 3277 2975 3444 3029; x_wconf 79' lang='lat' dir='ltr'>modo</span> <span class='ocrx_word' id='word_1_460' title='bbox 3482 2976 3540 3030; x_wconf 81' lang='lat' dir='ltr'>in</span> 
     </span>
    </p>
   </div>
   <div class='ocr_carea' id='block_1_44' title="bbox 247 3062 3540 3137">
    <p class='ocr_par' dir='ltr' id='par_1_44' title="bbox 247 3062 3540 3137">
     <span class='ocr_line' id='line_1_44' title="bbox 247 3062 3540 3137; baseline -0.001 -16"><span class='ocrx_word' id='word_1_461' title='bbox 247 3083 430 3137; x_wconf 66' lang='lat' dir='ltr'>genus</span> <span class='ocrx_word' id='word_1_462' title='bbox 459 3068 893 3134; x_wconf 84' lang='lat' dir='ltr'>clectum,regale</span> <span class='ocrx_word' id='word_1_463' title='bbox 909 3066 1276 3119; x_wconf 84' lang='lat' dir='ltr'>sacerdotium</span> <span class='ocrx_word' id='word_1_464' title='bbox 1301 3067 1350 3127; x_wconf 90' lang='grc' dir='ltr'>(Ι</span> <span class='ocrx_word' id='word_1_465' title='bbox 1382 3067 1521 3118; x_wconf 86' lang='lat' dir='ltr'>Petr.</span> <span class='ocrx_word' id='word_1_466' title='bbox 1552 3079 1628 3132; x_wconf 79' lang='lat'>11;</span> <span class='ocrx_word' id='word_1_467' title='bbox 1656 3067 1854 3121; x_wconf 78' lang='lat' dir='ltr'>Matth.</span> <span class='ocrx_word' id='word_1_468' title='bbox 1937 3065 2139 3133; x_wconf 82' lang='lat' dir='ltr'>gratia,</span> <span class='ocrx_word' id='word_1_469' title='bbox 2168 3080 2269 3131; x_wconf 84' lang='lat' dir='ltr'>per</span> <span class='ocrx_word' id='word_1_470' title='bbox 2294 3080 2464 3133; x_wconf 82' lang='lat' dir='ltr'>quam</span> <span class='ocrx_word' id='word_1_471' title='bbox 2495 3076 2652 3134; x_wconf 86' lang='lat' dir='ltr'>spem</span> <span class='ocrx_word' id='word_1_472' title='bbox 2678 3068 3067 3132; x_wconf 60' lang='lat' dir='ltr'>proximamus</span> <span class='ocrx_word' id='word_1_473' title='bbox 3098 3065 3170 3117; x_wconf 84' lang='lat' dir='ltr'>ad</span> <span class='ocrx_word' id='word_1_474' title='bbox 3201 3066 3388 3118; x_wconf 83' lang='lat' dir='ltr'>Deum.</span> <span class='ocrx_word' id='word_1_475' title='bbox 3422 3062 3540 3118; x_wconf 85' lang='lat' dir='ltr'>Ha-</span> 
     </span>
    </p>
   </div>
   <div class='ocr_carea' id='block_1_45' title="bbox 249 3152 1862 3227">
    <p class='ocr_par' dir='ltr' id='par_1_45' title="bbox 249 3152 1862 3227">
     <span class='ocr_line' id='line_1_45' title="bbox 249 3152 1862 3227; baseline -0.001 -18"><span class='ocrx_word' id='word_1_476' title='bbox 249 3160 473 3227; x_wconf 67' lang='lat' dir='ltr'>xxvm).</span> <span class='ocrx_word' id='word_1_477' title='bbox 493 3154 693 3209; x_wconf 90' lang='lat' dir='ltr'>Tribus</span> <span class='ocrx_word' id='word_1_478' title='bbox 722 3171 853 3223; x_wconf 89' lang='lat' dir='ltr'>ergo</span> <span class='ocrx_word' id='word_1_479' title='bbox 880 3152 915 3206; x_wconf 88' lang='lat' dir='ltr'><strong>J</strong></span> <span class='ocrx_word' id='word_1_480' title='bbox 923 3153 1031 3207; x_wconf 86' lang='lat' dir='ltr'>uda</span> <span class='ocrx_word' id='word_1_481' title='bbox 1061 3170 1128 3207; x_wconf 85' lang='lat' dir='ltr'>ex</span> <span class='ocrx_word' id='word_1_482' title='bbox 1158 3170 1270 3223; x_wconf 88' lang='lat' dir='ltr'>qua</span> <span class='ocrx_word' id='word_1_483' title='bbox 1296 3154 1568 3207; x_wconf 90' lang='lat' dir='ltr'>Dominus</span> <span class='ocrx_word' id='word_1_484' title='bbox 1594 3158 1751 3207; x_wconf 88' lang='lat' dir='ltr'>ortus</span> <span class='ocrx_word' id='word_1_485' title='bbox 1776 3161 1862 3208; x_wconf 90' lang='lat' dir='ltr'>est</span> 
     </span>
    </p>
   </div>
   <div class='ocr_carea' id='block_1_46' title="bbox 249 3234 1863 3315">
    <p class='ocr_par' dir='ltr' id='par_1_46' title="bbox 249 3234 1863 3315">
     <span class='ocr_line' id='line_1_46' title="bbox 249 3234 1863 3315; baseline -0.001 -18"><span class='ocrx_word' id='word_1_486' title='bbox 249 3260 355 3315; x_wconf 88' lang='lat' dir='ltr'>per</span> <span class='ocrx_word' id='word_1_487' title='bbox 384 3234 661 3314; x_wconf 71' lang='lat' dir='ltr'>virginem</span> <span class='ocrx_word' id='word_1_488' title='bbox 705 3241 965 3306; x_wconf 87' lang='lat' dir='ltr'>Mariam,</span> <span class='ocrx_word' id='word_1_489' title='bbox 994 3258 1122 3295; x_wconf 91' lang='lat' dir='ltr'>cum</span> <span class='ocrx_word' id='word_1_490' title='bbox 1170 3258 1393 3311; x_wconf 90' lang='lat' dir='ltr'>semper</span> <span class='ocrx_word' id='word_1_491' title='bbox 1422 3242 1580 3314; x_wconf 83' lang='lat' dir='ltr'>regia</span> <span class='ocrx_word' id='word_1_492' title='bbox 1607 3248 1774 3304; x_wconf 85' lang='lat' dir='ltr'>esset,</span> <span class='ocrx_word' id='word_1_493' title='bbox 1806 3249 1863 3296; x_wconf 92' lang='lat' dir='ltr'>et</span> 
     </span>
    </p>
   </div>
   <div class='ocr_carea' id='block_1_47' title="bbox 251 3329 1864 3402">
    <p class='ocr_par' dir='ltr' id='par_1_47' title="bbox 251 3329 1864 3402">
     <span class='ocr_line' id='line_1_47' title="bbox 251 3329 1864 3402; baseline -0.002 -15"><span class='ocrx_word' id='word_1_494' title='bbox 251 3348 554 3402; x_wconf 85' lang='lat' dir='ltr'>nunquam</span> <span class='ocrx_word' id='word_1_495' title='bbox 586 3330 968 3399; x_wconf 85' lang='lat' dir='ltr'>sacerdotalis,</span> <span class='ocrx_word' id='word_1_496' title='bbox 1007 3330 1067 3383; x_wconf 90' lang='lat' dir='ltr'>in</span> <span class='ocrx_word' id='word_1_497' title='bbox 1094 3330 1314 3383; x_wconf 87' lang='lat' dir='ltr'>Christo</span> <span class='ocrx_word' id='word_1_498' title='bbox 1339 3329 1447 3384; x_wconf 85' lang='lat' dir='ltr'>fuit</span> <span class='ocrx_word' id='word_1_499' title='bbox 1475 3338 1778 3401; x_wconf 86' lang='lat' dir='ltr'>utrumque</span> <span class='ocrx_word' id='word_1_500' title='bbox 1807 3340 1864 3384; x_wconf 87' lang='lat' dir='ltr'>et</span> 
     </span>
    </p>
   </div>
   <div class='ocr_carea' id='block_1_48' title="bbox 252 3418 1862 3491">
    <p class='ocr_par' dir='ltr' id='par_1_48' title="bbox 252 3418 1862 3491">
     <span class='ocr_line' id='line_1_48' title="bbox 252 3418 1862 3491; baseline 0 -18"><span class='ocrx_word' id='word_1_501' title='bbox 252 3418 470 3491; x_wconf 84' lang='lat' dir='ltr'>regalis</span> <span class='ocrx_word' id='word_1_502' title='bbox 500 3424 557 3473; x_wconf 89' lang='lat' dir='ltr'>et</span> <span class='ocrx_word' id='word_1_503' title='bbox 583 3418 966 3483; x_wconf 84' lang='lat' dir='ltr'>sacerdotalis,</span> <span class='ocrx_word' id='word_1_504' title='bbox 1002 3418 1273 3471; x_wconf 84' lang='lat' dir='ltr'>translato</span> <span class='ocrx_word' id='word_1_505' title='bbox 1303 3434 1366 3471; x_wconf 87' lang='lat' dir='ltr'>ex</span> <span class='ocrx_word' id='word_1_506' title='bbox 1406 3424 1524 3472; x_wconf 89' lang='lat' dir='ltr'>toto</span> <span class='ocrx_word' id='word_1_507' title='bbox 1552 3419 1862 3473; x_wconf 88' lang='lat' dir='ltr'>sacerdotio</span> 
     </span>
    </p>
   </div>
   <div class='ocr_carea' id='block_1_49' title="bbox 259 3506 1564 3578">
    <p class='ocr_par' dir='ltr' id='par_1_49' title="bbox 259 3506 1564 3578">
     <span class='ocr_line' id='line_1_49' title="bbox 259 3506 1564 3578; baseline 0 -16"><span class='ocrx_word' id='word_1_508' title='bbox 259 3526 296 3562; x_wconf 90' lang='lat' dir='ltr'>a</span> <span class='ocrx_word' id='word_1_509' title='bbox 325 3508 487 3563; x_wconf 86' lang='lat' dir='ltr'>tribu</span> <span class='ocrx_word' id='word_1_510' title='bbox 508 3508 661 3571; x_wconf 80' lang='lat' dir='ltr'>Levi,</span> <span class='ocrx_word' id='word_1_511' title='bbox 692 3524 817 3578; x_wconf 71' lang='lat' dir='ltr'>qua:</span> <span class='ocrx_word' id='word_1_512' title='bbox 838 3512 1006 3560; x_wconf 81' lang='lat' dir='ltr'>antea</span> <span class='ocrx_word' id='word_1_513' title='bbox 1029 3506 1392 3560; x_wconf 84' lang='lat' dir='ltr'>sacerdotalis</span> <span class='ocrx_word' id='word_1_514' title='bbox 1422 3513 1564 3562; x_wconf 83' lang='lat' dir='ltr'>erat.</span> 
     </span>
    </p>
   </div>
   <div class='ocr_carea' id='block_1_50' title="bbox 328 3596 1863 3669">
    <p class='ocr_par' dir='ltr' id='par_1_50' title="bbox 328 3596 1863 3669">
     <span class='ocr_line' id='line_1_50' title="bbox 328 3596 1863 3669; baseline 0 -20"><span class='ocrx_word' id='word_1_515' title='bbox 328 3598 398 3669; x_wconf 69' lang='lat' dir='ltr'>Et</span> <span class='ocrx_word' id='word_1_516' title='bbox 427 3598 673 3664; x_wconf 78' lang='lat' dir='ltr'>amplius</span> <span class='ocrx_word' id='word_1_517' title='bbox 703 3596 884 3649; x_wconf 89' lang='lat' dir='ltr'>adhuc</span> <span class='ocrx_word' id='word_1_518' title='bbox 924 3596 1287 3661; x_wconf 82' lang='lat' dir='ltr'>manifestum</span> <span class='ocrx_word' id='word_1_519' title='bbox 1340 3600 1432 3659; x_wconf 88' lang='lat' dir='ltr'>est,</span> <span class='ocrx_word' id='word_1_520' title='bbox 1470 3599 1520 3648; x_wconf 88' lang='lat' dir='ltr'>si</span> <span class='ocrx_word' id='word_1_521' title='bbox 1560 3598 1863 3649; x_wconf 85' lang='lat' dir='ltr'>secundum</span> 
     </span>
    </p>
   </div>
   <div class='ocr_carea' id='block_1_51' title="bbox 255 3684 1868 3751">
    <p class='ocr_par' dir='ltr' id='par_1_51' title="bbox 255 3684 1868 3751">
     <span class='ocr_line' id='line_1_51' title="bbox 255 3684 1868 3751; baseline -0.001 -12"><span class='ocrx_word' id='word_1_522' title='bbox 255 3685 523 3739; x_wconf 85' lang='lat' dir='ltr'>ordinem</span> <span class='ocrx_word' id='word_1_523' title='bbox 541 3684 920 3737; x_wconf 71' lang='lat' dir='ltr'>Melchisedech</span> <span class='ocrx_word' id='word_1_524' title='bbox 940 3688 1190 3749; x_wconf 74' lang='lat' dir='ltr'>exsurget</span> <span class='ocrx_word' id='word_1_525' title='bbox 1206 3685 1357 3736; x_wconf 86' lang='lat' dir='ltr'>alius</span> <span class='ocrx_word' id='word_1_526' title='bbox 1372 3684 1623 3738; x_wconf 79' lang='lat' dir='ltr'>sacerdos</span> <span class='ocrx_word' id='word_1_527' title='bbox 1639 3687 1738 3751; x_wconf 85' lang='lat' dir='ltr'>qui</span> <span class='ocrx_word' id='word_1_528' title='bbox 1757 3700 1868 3737; x_wconf 83' lang='lat' dir='ltr'>non</span> 
     </span>
    </p>
   </div>
   <div class='ocr_carea' id='block_1_52' title="bbox 254 3772 1871 3839">
    <p class='ocr_par' dir='ltr' id='par_1_52' title="bbox 254 3772 1871 3839">
     <span class='ocr_line' id='line_1_52' title="bbox 254 3772 1871 3839; baseline -0.002 -12"><span class='ocrx_word' id='word_1_529' title='bbox 254 3774 567 3827; x_wconf 86' lang='lat' dir='ltr'>secundum</span> <span class='ocrx_word' id='word_1_530' title='bbox 600 3774 768 3839; x_wconf 87' lang='lat' dir='ltr'>legem</span> <span class='ocrx_word' id='word_1_531' title='bbox 795 3772 1048 3824; x_wconf 82' lang='lat' dir='ltr'>mandati</span> <span class='ocrx_word' id='word_1_532' title='bbox 1077 3773 1325 3825; x_wconf 81' lang='lat' dir='ltr'>carnalis</span> <span class='ocrx_word' id='word_1_533' title='bbox 1353 3774 1534 3838; x_wconf 84' lang='lat' dir='ltr'>factus</span> <span class='ocrx_word' id='word_1_534' title='bbox 1564 3773 1768 3838; x_wconf 88' lang='lat' dir='ltr'>est,sed</span> <span class='ocrx_word' id='word_1_535' title='bbox 1785 3788 1871 3825; x_wconf 57' lang='lat' dir='ltr'>se‘</span> 
     </span>
    </p>
   </div>
   <div class='ocr_carea' id='block_1_53' title="bbox 254 3860 1866 3917">
    <p class='ocr_par' dir='ltr' id='par_1_53' title="bbox 254 3860 1866 3917">
     <span class='ocr_line' id='line_1_53' title="bbox 254 3860 1866 3917; baseline -0.003 -1"><span class='ocrx_word' id='word_1_536' title='bbox 254 3863 513 3917; x_wconf 75' lang='lat' dir='ltr'>cundum.</span> <span class='ocrx_word' id='word_1_537' title='bbox 535 3863 801 3914; x_wconf 79' lang='lat' dir='ltr'>virtutem</span> <span class='ocrx_word' id='word_1_538' title='bbox 832 3864 951 3912; x_wconf 65' lang='lat' dir='ltr'>vitae</span> <span class='ocrx_word' id='word_1_539' title='bbox 975 3860 1309 3912; x_wconf 74' lang='lat' dir='ltr'>insolubilis.</span> <span class='ocrx_word' id='word_1_540' title='bbox 1343 3860 1692 3914; x_wconf 82' lang='lat' dir='ltr'>Gontcstatur</span> <span class='ocrx_word' id='word_1_541' title='bbox 1715 3862 1866 3913; x_wconf 84' lang='lat' dir='ltr'>enim</span> 
     </span>
    </p>
   </div>
   <div class='ocr_carea' id='block_1_54' title="bbox 257 3934 1868 4018">
    <p class='ocr_par' dir='ltr' id='par_1_54' title="bbox 257 3934 1868 4018">
     <span class='ocr_line' id='line_1_54' title="bbox 257 3934 1868 4018; baseline -0.004 -13"><span class='ocrx_word' id='word_1_542' title='bbox 257 3934 414 4005; x_wconf 81' lang='lat' dir='ltr'>Deus</span> <span class='ocrx_word' id='word_1_543' title='bbox 458 3950 625 4003; x_wconf 89' lang='lat' dir='ltr'>Pater</span> <span class='ocrx_word' id='word_1_544' title='bbox 652 3946 971 4018; x_wconf 87' lang='lat' dir='ltr'>loquensad</span> <span class='ocrx_word' id='word_1_545' title='bbox 1000 3946 1204 4000; x_wconf 87' lang='lat' dir='ltr'>Filium</span> <span class='ocrx_word' id='word_1_546' title='bbox 1228 3962 1495 4013; x_wconf 67' lang='lat' dir='ltr'>quoniam</span> <span class='ocrx_word' id='word_1_547' title='bbox 1527 3953 1586 4001; x_wconf 89' lang='lat' dir='ltr'>tu</span> <span class='ocrx_word' id='word_1_548' title='bbox 1615 3965 1668 4001; x_wconf 88' lang='lat' dir='ltr'>es</span> <span class='ocrx_word' id='word_1_549' title='bbox 1694 3958 1868 4001; x_wconf 83' lang='lat' dir='ltr'>sacer-</span> 
     </span>
    </p>
   </div>
   <div class='ocr_carea' id='block_1_55' title="bbox 254 4036 1859 4092">
    <p class='ocr_par' dir='ltr' id='par_1_55' title="bbox 254 4036 1859 4092">
     <span class='ocr_line' id='line_1_55' title="bbox 254 4036 1859 4092; baseline 0 0"><span class='ocrx_word' id='word_1_550' title='bbox 254 4041 354 4092; x_wconf 85' lang='lat' dir='ltr'>dos</span> <span class='ocrx_word' id='word_1_551' title='bbox 384 4040 452 4090; x_wconf 86' lang='lat' dir='ltr'>in</span> <span class='ocrx_word' id='word_1_552' title='bbox 485 4041 753 4091; x_wconf 71' lang='lat' dir='ltr'>.eternum</span> <span class='ocrx_word' id='word_1_553' title='bbox 801 4036 1101 4089; x_wconf 84' lang='lat' dir='ltr'>secundum</span> <span class='ocrx_word' id='word_1_554' title='bbox 1148 4036 1403 4088; x_wconf 82' lang='lat' dir='ltr'>ordinem</span> <span class='ocrx_word' id='word_1_555' title='bbox 1449 4036 1859 4092; x_wconf 77' lang='lat' dir='ltr'>Melchisedech.</span> 
     </span>
    </p>
   </div>
   <div class='ocr_carea' id='block_1_56' title="bbox 258 4110 1870 4180">
    <p class='ocr_par' dir='ltr' id='par_1_56' title="bbox 258 4110 1870 4180">
     <span class='ocr_line' id='line_1_56' title="bbox 258 4110 1870 4180; baseline -0.001 0"><span class='ocrx_word' id='word_1_556' title='bbox 258 4110 539 4180; x_wconf 76' lang='lat' dir='ltr'>Defectus</span> <span class='ocrx_word' id='word_1_557' title='bbox 569 4118 830 4177; x_wconf 90' lang='lat' dir='ltr'>dictionis</span> <span class='ocrx_word' id='word_1_558' title='bbox 860 4123 966 4176; x_wconf 91' lang='lat' dir='ltr'>isto</span> <span class='ocrx_word' id='word_1_559' title='bbox 996 4123 1054 4176; x_wconf 90' lang='lat' dir='ltr'>in</span> <span class='ocrx_word' id='word_1_560' title='bbox 1078 4123 1199 4176; x_wconf 93' lang='lat' dir='ltr'>loco</span> <span class='ocrx_word' id='word_1_561' title='bbox 1227 4123 1468 4177; x_wconf 89' lang='lat' dir='ltr'>habetur</span> <span class='ocrx_word' id='word_1_562' title='bbox 1504 4124 1642 4178; x_wconf 89' lang='lat' dir='ltr'>satis</span> <span class='ocrx_word' id='word_1_563' title='bbox 1674 4140 1870 4178; x_wconf 90' lang='lat' dir='ltr'>neces-</span> 
     </span>
    </p>
   </div>
   <div class='ocr_carea' id='block_1_57' title="bbox 268 4210 1876 4283">
    <p class='ocr_par' dir='ltr' id='par_1_57' title="bbox 268 4210 1876 4283">
     <span class='ocr_line' id='line_1_57' title="bbox 268 4210 1876 4283; baseline -0.001 -16"><span class='ocrx_word' id='word_1_564' title='bbox 268 4213 484 4275; x_wconf 82' lang='lat' dir='ltr'>sarius,</span> <span class='ocrx_word' id='word_1_565' title='bbox 510 4217 850 4283; x_wconf 83' lang='lat' dir='ltr'>quaprOpter</span> <span class='ocrx_word' id='word_1_566' title='bbox 870 4226 1020 4264; x_wconf 90' lang='lat' dir='ltr'>nunc</span> <span class='ocrx_word' id='word_1_567' title='bbox 1041 4211 1261 4264; x_wconf 88' lang='lat' dir='ltr'>dicatur</span> <span class='ocrx_word' id='word_1_568' title='bbox 1277 4210 1390 4266; x_wconf 87' lang='lat' dir='ltr'>ita:</span> <span class='ocrx_word' id='word_1_569' title='bbox 1423 4213 1490 4265; x_wconf 88' lang='lat' dir='ltr'>Et</span> <span class='ocrx_word' id='word_1_570' title='bbox 1512 4215 1757 4280; x_wconf 79' lang='lat' dir='ltr'>amplius</span> <span class='ocrx_word' id='word_1_571' title='bbox 1781 4214 1876 4266; x_wconf 83' lang='lat' dir='ltr'>ad-</span> 
     </span>
    </p>
   </div>
   <div class='ocr_carea' id='block_1_58' title="bbox 1943 3152 3543 3230">
    <p class='ocr_par' dir='ltr' id='par_1_58' title="bbox 1943 3152 3543 3230">
     <span class='ocr_line' id='line_1_58' title="bbox 1943 3152 3543 3230; baseline 0.001 -25"><span class='ocrx_word' id='word_1_572' title='bbox 1943 3152 2066 3206; x_wconf 84' lang='lat' dir='ltr'>buit</span> <span class='ocrx_word' id='word_1_573' title='bbox 2092 3152 2319 3230; x_wconf 69' lang='lat' dir='ltr'>qqidem</span> <span class='ocrx_word' id='word_1_574' title='bbox 2344 3153 2430 3205; x_wconf 85' lang='lat' dir='ltr'>lex</span> <span class='ocrx_word' id='word_1_575' title='bbox 2461 3153 2750 3223; x_wconf 80' lang='lat' dir='ltr'>spem.sed</span> <span class='ocrx_word' id='word_1_576' title='bbox 2770 3166 2882 3206; x_wconf 89' lang='lat' dir='ltr'>non</span> <span class='ocrx_word' id='word_1_577' title='bbox 2912 3153 3080 3206; x_wconf 86' lang='lat' dir='ltr'>talem</span> <span class='ocrx_word' id='word_1_578' title='bbox 3105 3154 3327 3223; x_wconf 88' lang='lat' dir='ltr'>qualem</span> <span class='ocrx_word' id='word_1_579' title='bbox 3356 3152 3543 3223; x_wconf 74' lang='lat' dir='ltr'>gratia</span> 
     </span>
    </p>
   </div>
   <div class='ocr_carea' id='block_1_59' title="bbox 1945 3230 3541 3312">
    <p class='ocr_par' dir='ltr' id='par_1_59' title="bbox 1945 3230 3541 3312">
     <span class='ocr_line' id='line_1_59' title="bbox 1945 3230 3541 3312; baseline 0.001 -19"><span class='ocrx_word' id='word_1_580' title='bbox 1945 3242 2222 3311; x_wconf 67' lang='lat' dir='ltr'>praestitit.</span> <span class='ocrx_word' id='word_1_581' title='bbox 2258 3240 2572 3310; x_wconf 87' lang='lat' dir='ltr'>Sperabant</span> <span class='ocrx_word' id='word_1_582' title='bbox 2601 3240 2747 3294; x_wconf 86' lang='lat' dir='ltr'>enim</span> <span class='ocrx_word' id='word_1_583' title='bbox 2780 3240 3208 3311; x_wconf 83' lang='lat' dir='ltr'>beueplacentes</span> <span class='ocrx_word' id='word_1_584' title='bbox 3246 3230 3541 3312; x_wconf 68' lang='lat' dir='ltr'>legemque</span> 
     </span>
    </p>
   </div>
   <div class='ocr_carea' id='block_1_60' title="bbox 1943 3318 3541 3400">
    <p class='ocr_par' dir='ltr' id='par_1_60' title="bbox 1943 3318 3541 3400">
     <span class='ocr_line' id='line_1_60' title="bbox 1943 3318 3541 3400; baseline 0.001 -19"><span class='ocrx_word' id='word_1_585' title='bbox 1943 3329 2321 3382; x_wconf 87' lang='lat' dir='ltr'>custodientes</span> <span class='ocrx_word' id='word_1_586' title='bbox 2351 3329 2635 3400; x_wconf 85' lang='lat' dir='ltr'>possidere</span> <span class='ocrx_word' id='word_1_587' title='bbox 2666 3335 2874 3383; x_wconf 84' lang='lat' dir='ltr'>terram</span> <span class='ocrx_word' id='word_1_588' title='bbox 2900 3337 2956 3383; x_wconf 85' lang='lat' dir='ltr'>et</span> <span class='ocrx_word' id='word_1_589' title='bbox 2972 3318 3132 3398; x_wconf 78' lang='lat' dir='ltr'>juxta</span> <span class='ocrx_word' id='word_1_590' title='bbox 3158 3329 3331 3383; x_wconf 90' lang='lat' dir='ltr'>illud:</span> <span class='ocrx_word' id='word_1_591' title='bbox 3364 3329 3420 3383; x_wconf 86' lang='lat' dir='ltr'>Si</span> <span class='ocrx_word' id='word_1_592' title='bbox 3442 3338 3541 3382; x_wconf 60' lang='lat' dir='ltr'>vda-</span> 
     </span>
    </p>
   </div>
   <div class='ocr_carea' id='block_1_61' title="bbox 1945 3417 3543 3488">
    <p class='ocr_par' dir='ltr' id='par_1_61' title="bbox 1945 3417 3543 3488">
     <span class='ocr_line' id='line_1_61' title="bbox 1945 3417 3543 3488; baseline 0.001 -19"><span class='ocrx_word' id='word_1_593' title='bbox 1945 3417 2166 3470; x_wconf 89' lang='lat' dir='ltr'>lueritis</span> <span class='ocrx_word' id='word_1_594' title='bbox 2191 3417 2338 3471; x_wconf 89' lang='lat' dir='ltr'>bona</span> <span class='ocrx_word' id='word_1_595' title='bbox 2368 3425 2529 3471; x_wconf 86' lang='lat' dir='ltr'>terrae</span> <span class='ocrx_word' id='word_1_596' title='bbox 2558 3419 3141 3488; x_wconf 67' lang='lat' dir='ltr'>comedetismihilque</span> <span class='ocrx_word' id='word_1_597' title='bbox 3163 3417 3543 3472; x_wconf 71' lang='lat' dir='ltr'>aerumnosum</span> 
     </span>
    </p>
   </div>
   <div class='ocr_carea' id='block_1_62' title="bbox 1946 3504 3546 3576">
    <p class='ocr_par' dir='ltr' id='par_1_62' title="bbox 1946 3504 3546 3576">
     <span class='ocr_line' id='line_1_62' title="bbox 1946 3504 3546 3576; baseline -0.001 -17"><span class='ocrx_word' id='word_1_598' title='bbox 1946 3506 2094 3575; x_wconf 89' lang='lat' dir='ltr'>patri</span> <span class='ocrx_word' id='word_1_599' title='bbox 2122 3522 2387 3576; x_wconf 89' lang='lat' dir='ltr'>prospere</span> <span class='ocrx_word' id='word_1_600' title='bbox 2409 3507 2609 3572; x_wconf 83' lang='lat' dir='ltr'>vivere,</span> <span class='ocrx_word' id='word_1_601' title='bbox 2643 3507 2789 3559; x_wconf 88' lang='lat' dir='ltr'>sicut</span> <span class='ocrx_word' id='word_1_602' title='bbox 2815 3507 3026 3560; x_wconf 88' lang='lat' dir='ltr'>dictum</span> <span class='ocrx_word' id='word_1_603' title='bbox 3051 3512 3167 3559; x_wconf 89' lang='lat' dir='ltr'>est:</span> <span class='ocrx_word' id='word_1_604' title='bbox 3203 3507 3311 3569; x_wconf 84' lang='lat' dir='ltr'>Qui</span> <span class='ocrx_word' id='word_1_605' title='bbox 3352 3504 3546 3559; x_wconf 78' lang='lat' dir='ltr'>fecerit</span> 
     </span>
    </p>
   </div>
   <div class='ocr_carea' id='block_1_63' title="bbox 1949 3580 3547 3671">
    <p class='ocr_par' dir='ltr' id='par_1_63' title="bbox 1949 3580 3547 3671">
     <span class='ocr_line' id='line_1_63' title="bbox 1949 3580 3547 3671; baseline 0 -25"><span class='ocrx_word' id='word_1_606' title='bbox 1949 3611 2016 3646; x_wconf 84' lang='lat' dir='ltr'>ea</span> <span class='ocrx_word' id='word_1_607' title='bbox 2046 3594 2208 3647; x_wconf 83' lang='lat' dir='ltr'>vivet.</span> <span class='ocrx_word' id='word_1_608' title='bbox 2243 3594 2347 3646; x_wconf 77' lang='lat' dir='ltr'>ilic</span> <span class='ocrx_word' id='word_1_609' title='bbox 2385 3602 2575 3647; x_wconf 89' lang='lat' dir='ltr'>autem</span> <span class='ocrx_word' id='word_1_610' title='bbox 2616 3608 2908 3663; x_wconf 83' lang='lat' dir='ltr'>speramus</span> <span class='ocrx_word' id='word_1_611' title='bbox 2942 3612 2951 3645; x_wconf 89' lang='lat'>:</span> <span class='ocrx_word' id='word_1_612' title='bbox 2989 3594 3119 3663; x_wconf 85' lang='lat' dir='ltr'>quia</span> <span class='ocrx_word' id='word_1_613' title='bbox 3158 3594 3442 3671; x_wconf 78' lang='lat' dir='ltr'>placentes</span> <span class='ocrx_word' id='word_1_614' title='bbox 3486 3580 3547 3671; x_wconf 80' lang='lat' dir='ltr'>et</span> 
     </span>
    </p>
   </div>
   <div class='ocr_carea' id='block_1_64' title="bbox 1950 3665 3544 3752">
    <p class='ocr_par' dir='ltr' id='par_1_64' title="bbox 1950 3665 3544 3752">
     <span class='ocr_line' id='line_1_64' title="bbox 1950 3665 3544 3752; baseline -0.001 -17"><span class='ocrx_word' id='word_1_615' title='bbox 1950 3681 2280 3750; x_wconf 86' lang='lat' dir='ltr'>Evangelica</span> <span class='ocrx_word' id='word_1_616' title='bbox 2306 3689 2585 3751; x_wconf 75' lang='lat' dir='ltr'>pnecepta</span> <span class='ocrx_word' id='word_1_617' title='bbox 2613 3682 3009 3748; x_wconf 89' lang='lat' dir='ltr'>custodientes,</span> <span class='ocrx_word' id='word_1_618' title='bbox 3041 3694 3156 3735; x_wconf 88' lang='lat' dir='ltr'>non</span> <span class='ocrx_word' id='word_1_619' title='bbox 3184 3665 3392 3734; x_wconf 82' lang='lat' dir='ltr'>terram</span> <span class='ocrx_word' id='word_1_620' title='bbox 3411 3665 3544 3752; x_wconf 49' lang='lat' dir='ltr'>pos;-</span> 
     </span>
    </p>
   </div>
   <div class='ocr_carea' id='block_1_65' title="bbox 1950 3766 3543 3840">
    <p class='ocr_par' dir='ltr' id='par_1_65' title="bbox 1950 3766 3543 3840">
     <span class='ocr_line' id='line_1_65' title="bbox 1950 3766 3543 3840; baseline 0 -18"><span class='ocrx_word' id='word_1_621' title='bbox 1950 3768 2276 3834; x_wconf 87' lang='lat' dir='ltr'>sidebimus,</span> <span class='ocrx_word' id='word_1_622' title='bbox 2309 3770 2409 3823; x_wconf 89' lang='lat' dir='ltr'>sed</span> <span class='ocrx_word' id='word_1_623' title='bbox 2437 3770 2676 3837; x_wconf 69' lang='lat' dir='ltr'>caelum;</span> <span class='ocrx_word' id='word_1_624' title='bbox 2719 3770 2950 3840; x_wconf 87' lang='lat' dir='ltr'>insuper</span> <span class='ocrx_word' id='word_1_625' title='bbox 2990 3770 3158 3824; x_wconf 87' lang='lat' dir='ltr'>etiam</span> <span class='ocrx_word' id='word_1_626' title='bbox 3210 3770 3359 3840; x_wconf 92' lang='lat' dir='ltr'>quod</span> <span class='ocrx_word' id='word_1_627' title='bbox 3405 3766 3543 3823; x_wconf 72' lang='lat' dir='ltr'>coelo</span> 
     </span>
    </p>
   </div>
   <div class='ocr_carea' id='block_1_66' title="bbox 1952 3857 3544 3929">
    <p class='ocr_par' dir='ltr' id='par_1_66' title="bbox 1952 3857 3544 3929">
     <span class='ocr_line' id='line_1_66' title="bbox 1952 3857 3544 3929; baseline 0.001 -19"><span class='ocrx_word' id='word_1_628' title='bbox 1952 3857 2131 3911; x_wconf 90' lang='lat' dir='ltr'>multo</span> <span class='ocrx_word' id='word_1_629' title='bbox 2149 3857 2348 3911; x_wconf 89' lang='lat' dir='ltr'>melius</span> <span class='ocrx_word' id='word_1_630' title='bbox 2375 3863 2480 3921; x_wconf 89' lang='lat' dir='ltr'>est,</span> <span class='ocrx_word' id='word_1_631' title='bbox 2509 3872 2799 3929; x_wconf 88' lang='lat' dir='ltr'>speramus</span> <span class='ocrx_word' id='word_1_632' title='bbox 2818 3858 3056 3928; x_wconf 85' lang='lat' dir='ltr'>proximi</span> <span class='ocrx_word' id='word_1_633' title='bbox 3085 3858 3203 3912; x_wconf 90' lang='lat' dir='ltr'>Deo</span> <span class='ocrx_word' id='word_1_634' title='bbox 3219 3858 3544 3923; x_wconf 80' lang='lat' dir='ltr'>consistere,</span> 
     </span>
    </p>
   </div>
   <div class='ocr_carea' id='block_1_67' title="bbox 1949 3945 3544 4023">
    <p class='ocr_par' dir='ltr' id='par_1_67' title="bbox 1949 3945 3544 4023">
     <span class='ocr_line' id='line_1_67' title="bbox 1949 3945 3544 4023; baseline 0.001 -25"><span class='ocrx_word' id='word_1_635' title='bbox 1949 3945 2021 3999; x_wconf 90' lang='lat' dir='ltr'>ad</span> <span class='ocrx_word' id='word_1_636' title='bbox 2040 3945 2227 4016; x_wconf 87' lang='lat' dir='ltr'>ipsum</span> <span class='ocrx_word' id='word_1_637' title='bbox 2256 3948 2554 4016; x_wconf 85' lang='lat' dir='ltr'>paternum</span> <span class='ocrx_word' id='word_1_638' title='bbox 2585 3947 2786 4000; x_wconf 87' lang='lat' dir='ltr'>solium</span> <span class='ocrx_word' id='word_1_639' title='bbox 2814 3947 3104 4016; x_wconf 81' lang='lat' dir='ltr'>pervenire</span> <span class='ocrx_word' id='word_1_640' title='bbox 3134 3951 3189 4000; x_wconf 91' lang='lat' dir='ltr'>et</span> <span class='ocrx_word' id='word_1_641' title='bbox 3222 3946 3544 4023; x_wconf 73' lang='lat' dir='ltr'>ministrare</span> 
     </span>
    </p>
   </div>
   <div class='ocr_carea' id='block_1_68' title="bbox 1952 4030 3550 4105">
    <p class='ocr_par' dir='ltr' id='par_1_68' title="bbox 1952 4030 3550 4105">
     <span class='ocr_line' id='line_1_68' title="bbox 1952 4030 3550 4105; baseline 0 -17"><span class='ocrx_word' id='word_1_642' title='bbox 1952 4034 2005 4089; x_wconf 90' lang='lat' dir='ltr'>ei</span> <span class='ocrx_word' id='word_1_643' title='bbox 2028 4048 2157 4088; x_wconf 89' lang='lat' dir='ltr'>cum</span> <span class='ocrx_word' id='word_1_644' title='bbox 2195 4034 2402 4088; x_wconf 87' lang='lat' dir='ltr'>sanctis</span> <span class='ocrx_word' id='word_1_645' title='bbox 2431 4035 2661 4104; x_wconf 83' lang='lat' dir='ltr'>angelis,</span> <span class='ocrx_word' id='word_1_646' title='bbox 2688 4036 2852 4104; x_wconf 82' lang='lat' dir='ltr'>juxta</span> <span class='ocrx_word' id='word_1_647' title='bbox 2877 4034 3026 4105; x_wconf 89' lang='lat' dir='ltr'>quod</span> <span class='ocrx_word' id='word_1_648' title='bbox 3070 4035 3327 4088; x_wconf 86' lang='lat' dir='ltr'>Salvator</span> <span class='ocrx_word' id='word_1_649' title='bbox 3368 4033 3450 4087; x_wconf 78' lang='lat' dir='ltr'>ait</span> <span class='ocrx_word' id='word_1_650' title='bbox 3489 4030 3550 4088; x_wconf 85' lang='lat' dir='ltr'>ih</span> 
     </span>
    </p>
   </div>
   <div class='ocr_carea' id='block_1_69' title="bbox 1954 4121 3554 4193">
    <p class='ocr_par' dir='ltr' id='par_1_69' title="bbox 1954 4121 3554 4193">
     <span class='ocr_line' id='line_1_69' title="bbox 1954 4121 3554 4193; baseline -0.003 -16"><span class='ocrx_word' id='word_1_651' title='bbox 1954 4122 2255 4193; x_wconf 82' lang='lat' dir='ltr'>Evangelia</span> <span class='ocrx_word' id='word_1_652' title='bbox 2286 4140 2299 4174; x_wconf 88' lang='lat'><strong>:</strong></span> <span class='ocrx_word' id='word_1_653' title='bbox 2334 4124 2639 4190; x_wconf 84' lang='lat' dir='ltr'>Fulgcbunt</span> <span class='ocrx_word' id='word_1_654' title='bbox 2667 4125 2816 4176; x_wconf 85' lang='lat' dir='ltr'>Justi</span> <span class='ocrx_word' id='word_1_655' title='bbox 2843 4122 2986 4175; x_wconf 80' lang='lat' dir='ltr'>sicut</span> <span class='ocrx_word' id='word_1_656' title='bbox 3008 4125 3086 4175; x_wconf 90' lang='lat' dir='ltr'>sol</span> <span class='ocrx_word' id='word_1_657' title='bbox 3134 4125 3196 4174; x_wconf 86' lang='lat' dir='ltr'>in</span> <span class='ocrx_word' id='word_1_658' title='bbox 3242 4124 3407 4187; x_wconf 74' lang='lat' dir='ltr'>regno</span> <span class='ocrx_word' id='word_1_659' title='bbox 3454 4121 3554 4175; x_wconf 89' lang='lat' dir='ltr'>Pa-</span> 
     </span>
    </p>
   </div>
   <div class='ocr_carea' id='block_1_70' title="bbox 1959 4209 3549 4279">
    <p class='ocr_par' dir='ltr' id='par_1_70' title="bbox 1959 4209 3549 4279">
     <span class='ocr_line' id='line_1_70' title="bbox 1959 4209 3549 4279; baseline -0.001 -14"><span class='ocrx_word' id='word_1_660' title='bbox 1959 4215 2061 4265; x_wconf 84' lang='lat' dir='ltr'>tris</span> <span class='ocrx_word' id='word_1_661' title='bbox 2088 4215 2195 4275; x_wconf 85' lang='lat' dir='ltr'>sui,</span> <span class='ocrx_word' id='word_1_662' title='bbox 2230 4217 2499 4278; x_wconf 82' lang='lat' dir='ltr'>eruntque</span> <span class='ocrx_word' id='word_1_663' title='bbox 2528 4214 2669 4264; x_wconf 84' lang='lat' dir='ltr'>sicut</span> <span class='ocrx_word' id='word_1_664' title='bbox 2715 4214 2903 4279; x_wconf 82' lang='lat' dir='ltr'>angeli</span> <span class='ocrx_word' id='word_1_665' title='bbox 2947 4212 3044 4264; x_wconf 83' lang='lat' dir='ltr'>Dei</span> <span class='ocrx_word' id='word_1_666' title='bbox 3064 4213 3127 4263; x_wconf 86' lang='lat' dir='ltr'>in</span> <span class='ocrx_word' id='word_1_667' title='bbox 3169 4210 3292 4264; x_wconf 68' lang='lat' dir='ltr'>calo</span> <span class='ocrx_word' id='word_1_668' title='bbox 3315 4209 3549 4278; x_wconf 75' lang='lat' dir='ltr'>(Matth.</span> 
     </span>
    </p>
   </div>
   <div class='ocr_carea' id='block_1_71' title="bbox 270 4298 3554 4386">
    <p class='ocr_par' dir='ltr' id='par_1_71' title="bbox 270 4298 3554 4386">
     <span class='ocr_line' id='line_1_71' title="bbox 270 4298 3554 4386; baseline -0.001 -31"><span class='ocrx_word' id='word_1_669' title='bbox 270 4304 400 4379; x_wconf 28' lang='lat' dir='ltr'>huc.</span> <span class='ocrx_word' id='word_1_670' title='bbox 420 4302 780 4367; x_wconf 78' lang='lat' dir='ltr'>manifestum</span> <span class='ocrx_word' id='word_1_671' title='bbox 805 4304 898 4365; x_wconf 81' lang='lat' dir='ltr'>est,</span> <span class='ocrx_word' id='word_1_672' title='bbox 926 4298 1214 4365; x_wconf 89' lang='lat' dir='ltr'>subaudis,</span> <span class='ocrx_word' id='word_1_673' title='bbox 1246 4299 1595 4353; x_wconf 85' lang='lat' dir='ltr'>destructum</span> <span class='ocrx_word' id='word_1_674' title='bbox 1624 4315 1745 4354; x_wconf 89' lang='lat' dir='ltr'>esse</span> <span class='ocrx_word' id='word_1_675' title='bbox 1780 4316 1873 4355; x_wconf 85' lang='lat' dir='ltr'>sa-</span> <span class='ocrx_word' id='word_1_676' title='bbox 1895 4308 2080 4386; x_wconf 78' lang='lat' dir='ltr'>Dxm,</span> <span class='ocrx_word' id='word_1_677' title='bbox 2107 4298 2219 4368; x_wconf 78' lang='grc'><strong>43).</strong></span> <span class='ocrx_word' id='word_1_678' title='bbox 2248 4300 2367 4353; x_wconf 92' lang='lat' dir='ltr'>Hoc</span> <span class='ocrx_word' id='word_1_679' title='bbox 2388 4314 2515 4353; x_wconf 84' lang='lat' dir='ltr'>vero</span> <span class='ocrx_word' id='word_1_680' title='bbox 2543 4300 2936 4365; x_wconf 88' lang='lat' dir='ltr'>sacerdotium,</span> <span class='ocrx_word' id='word_1_681' title='bbox 2964 4314 3064 4371; x_wconf 89' lang='lat' dir='ltr'>per</span> <span class='ocrx_word' id='word_1_682' title='bbox 3087 4298 3235 4370; x_wconf 87' lang='lat' dir='ltr'>quod</span> <span class='ocrx_word' id='word_1_683' title='bbox 3267 4299 3412 4352; x_wconf 87' lang='lat' dir='ltr'>hanc</span> <span class='ocrx_word' id='word_1_684' title='bbox 3429 4299 3554 4369; x_wconf 88' lang='lat' dir='ltr'>glo-</span> 
     </span>
    </p>
   </div>
   <div class='ocr_carea' id='block_1_72' title="bbox 268 4386 1880 4458">
    <p class='ocr_par' dir='ltr' id='par_1_72' title="bbox 268 4386 1880 4458">
     <span class='ocr_line' id='line_1_72' title="bbox 268 4386 1880 4458; baseline -0.002 -13"><span class='ocrx_word' id='word_1_685' title='bbox 268 4387 593 4446; x_wconf 89' lang='lat' dir='ltr'>cerdotium</span> <span class='ocrx_word' id='word_1_686' title='bbox 624 4387 782 4458; x_wconf 88' lang='lat' dir='ltr'>legis,</span> <span class='ocrx_word' id='word_1_687' title='bbox 817 4403 917 4457; x_wconf 91' lang='lat' dir='ltr'>per</span> <span class='ocrx_word' id='word_1_688' title='bbox 943 4386 1049 4441; x_wconf 86' lang='lat' dir='ltr'>hoc</span> <span class='ocrx_word' id='word_1_689' title='bbox 1072 4387 1219 4456; x_wconf 88' lang='lat' dir='ltr'>quod</span> <span class='ocrx_word' id='word_1_690' title='bbox 1250 4387 1507 4441; x_wconf 88' lang='lat' dir='ltr'>Christus</span> <span class='ocrx_word' id='word_1_691' title='bbox 1538 4403 1650 4441; x_wconf 89' lang='lat' dir='ltr'>non</span> <span class='ocrx_word' id='word_1_692' title='bbox 1678 4400 1880 4442; x_wconf 91' lang='lat' dir='ltr'>secun-</span> 
     </span>
    </p>
   </div>
   <div class='ocr_carea' id='block_1_73' title="bbox 270 4462 1880 4533">
    <p class='ocr_par' dir='ltr' id='par_1_73' title="bbox 270 4462 1880 4533">
     <span class='ocr_line' id='line_1_73' title="bbox 270 4462 1880 4533; baseline -0.002 0"><span class='ocrx_word' id='word_1_693' title='bbox 270 4462 418 4533; x_wconf 83' lang='lat' dir='ltr'>dum</span> <span class='ocrx_word' id='word_1_694' title='bbox 449 4476 705 4530; x_wconf 86' lang='lat' dir='ltr'>ordinem</span> <span class='ocrx_word' id='word_1_695' title='bbox 737 4478 925 4529; x_wconf 85' lang='lat' dir='ltr'>Aaron</span> <span class='ocrx_word' id='word_1_696' title='bbox 953 4475 1159 4529; x_wconf 90' lang='lat' dir='ltr'>dicitur</span> <span class='ocrx_word' id='word_1_697' title='bbox 1185 4476 1431 4529; x_wconf 81' lang='lat' dir='ltr'>sacerdos</span> <span class='ocrx_word' id='word_1_698' title='bbox 1465 4492 1572 4529; x_wconf 89' lang='lat' dir='ltr'>esse</span> <span class='ocrx_word' id='word_1_699' title='bbox 1620 4478 1683 4529; x_wconf 78' lang='lat' dir='ltr'>in</span> <span class='ocrx_word' id='word_1_700' title='bbox 1724 4482 1880 4529; x_wconf 65' lang='lat' dir='ltr'>aeter—</span> 
     </span>
    </p>
   </div>
   <div class='ocr_carea' id='block_1_74' title="bbox 269 4565 1881 4637">
    <p class='ocr_par' dir='ltr' id='par_1_74' title="bbox 269 4565 1881 4637">
     <span class='ocr_line' id='line_1_74' title="bbox 269 4565 1881 4637; baseline -0.002 -16"><span class='ocrx_word' id='word_1_701' title='bbox 269 4582 442 4637; x_wconf 68' lang='lat' dir='ltr'>num,</span> <span class='ocrx_word' id='word_1_702' title='bbox 492 4566 582 4617; x_wconf 86' lang='lat' dir='ltr'>scd</span> <span class='ocrx_word' id='word_1_703' title='bbox 620 4566 921 4629; x_wconf 81' lang='lat' dir='ltr'>secundum</span> <span class='ocrx_word' id='word_1_704' title='bbox 967 4566 1218 4617; x_wconf 86' lang='lat' dir='ltr'>ordinem</span> <span class='ocrx_word' id='word_1_705' title='bbox 1272 4565 1690 4632; x_wconf 77' lang='lat' dir='ltr'>Melchisedech;</span> <span class='ocrx_word' id='word_1_706' title='bbox 1740 4579 1881 4634; x_wconf 90' lang='lat' dir='ltr'>qua-</span> 
     </span>
    </p>
   </div>
   <div class='ocr_carea' id='block_1_75' title="bbox 274 4650 1881 4727">
    <p class='ocr_par' dir='ltr' id='par_1_75' title="bbox 274 4650 1881 4727">
     <span class='ocr_line' id='line_1_75' title="bbox 274 4650 1881 4727; baseline -0.002 -18"><span class='ocrx_word' id='word_1_707' title='bbox 274 4660 521 4727; x_wconf 84' lang='lat' dir='ltr'>propter</span> <span class='ocrx_word' id='word_1_708' title='bbox 538 4654 641 4706; x_wconf 89' lang='lat' dir='ltr'>hoc</span> <span class='ocrx_word' id='word_1_709' title='bbox 664 4670 675 4704; x_wconf 89' lang='lat'>:</span> <span class='ocrx_word' id='word_1_710' title='bbox 710 4652 841 4722; x_wconf 89' lang='lat' dir='ltr'>quia</span> <span class='ocrx_word' id='word_1_711' title='bbox 857 4651 927 4705; x_wconf 91' lang='lat' dir='ltr'>de</span> <span class='ocrx_word' id='word_1_712' title='bbox 954 4650 1105 4705; x_wconf 91' lang='lat' dir='ltr'>tribu</span> <span class='ocrx_word' id='word_1_713' title='bbox 1125 4652 1256 4707; x_wconf 86' lang='lat' dir='ltr'>Levi</span> <span class='ocrx_word' id='word_1_714' title='bbox 1286 4668 1397 4705; x_wconf 91' lang='lat' dir='ltr'>non</span> <span class='ocrx_word' id='word_1_715' title='bbox 1418 4652 1705 4716; x_wconf 88' lang='lat' dir='ltr'>fuit.Quod</span> <span class='ocrx_word' id='word_1_716' title='bbox 1729 4652 1881 4706; x_wconf 88' lang='lat' dir='ltr'>enim</span> 
     </span>
    </p>
   </div>
   <div class='ocr_carea' id='block_1_76' title="bbox 276 4739 1883 4809">
    <p class='ocr_par' dir='ltr' id='par_1_76' title="bbox 276 4739 1883 4809">
     <span class='ocr_line' id='line_1_76' title="bbox 276 4739 1883 4809; baseline -0.002 -13"><span class='ocrx_word' id='word_1_717' title='bbox 276 4743 439 4808; x_wconf 88' lang='lat' dir='ltr'>dicit,</span> <span class='ocrx_word' id='word_1_718' title='bbox 449 4742 497 4796; x_wconf 91' lang='lat' dir='ltr'>si</span> <span class='ocrx_word' id='word_1_719' title='bbox 517 4740 823 4795; x_wconf 91' lang='lat' dir='ltr'>secundum</span> <span class='ocrx_word' id='word_1_720' title='bbox 845 4739 1096 4793; x_wconf 90' lang='lat' dir='ltr'>ordinem</span> <span class='ocrx_word' id='word_1_721' title='bbox 1127 4740 1535 4795; x_wconf 83' lang='lat' dir='ltr'>Melchisedech</span> <span class='ocrx_word' id='word_1_722' title='bbox 1557 4746 1883 4809; x_wconf 82' lang='lat' dir='ltr'>exsurgeret</span> 
     </span>
    </p>
   </div>
   <div class='ocr_carea' id='block_1_77' title="bbox 277 4820 1883 4898">
    <p class='ocr_par' dir='ltr' id='par_1_77' title="bbox 277 4820 1883 4898">
     <span class='ocr_line' id='line_1_77' title="bbox 277 4820 1883 4898; baseline -0.002 -13"><span class='ocrx_word' id='word_1_723' title='bbox 277 4832 430 4886; x_wconf 88' lang='lat' dir='ltr'>alius</span> <span class='ocrx_word' id='word_1_724' title='bbox 451 4820 732 4892; x_wconf 88' lang='lat' dir='ltr'>sacerdos,</span> <span class='ocrx_word' id='word_1_725' title='bbox 777 4845 890 4882; x_wconf 89' lang='lat' dir='ltr'>non</span> <span class='ocrx_word' id='word_1_726' title='bbox 937 4827 1245 4882; x_wconf 85' lang='lat' dir='ltr'>dubitative</span> <span class='ocrx_word' id='word_1_727' title='bbox 1291 4828 1559 4898; x_wconf 86' lang='lat' dir='ltr'>loquitur,</span> <span class='ocrx_word' id='word_1_728' title='bbox 1591 4828 1688 4881; x_wconf 91' lang='lat' dir='ltr'>sed</span> <span class='ocrx_word' id='word_1_729' title='bbox 1727 4829 1883 4882; x_wconf 75' lang='lat' dir='ltr'>affir-</span> 
     </span>
    </p>
   </div>
   <div class='ocr_carea' id='block_1_78' title="bbox 277 4904 1882 4988">
    <p class='ocr_par' dir='ltr' id='par_1_78' title="bbox 277 4904 1882 4988">
     <span class='ocr_line' id='line_1_78' title="bbox 277 4904 1882 4988; baseline -0.002 -16"><span class='ocrx_word' id='word_1_730' title='bbox 277 4904 516 4981; x_wconf 87' lang='lat' dir='ltr'>mative,</span> <span class='ocrx_word' id='word_1_731' title='bbox 546 4916 706 4988; x_wconf 87' lang='lat' dir='ltr'>quasi</span> <span class='ocrx_word' id='word_1_732' title='bbox 736 4916 976 4971; x_wconf 86' lang='lat' dir='ltr'>diceret:</span> <span class='ocrx_word' id='word_1_733' title='bbox 1010 4915 1268 4986; x_wconf 78' lang='lat' dir='ltr'>Amplius</span> <span class='ocrx_word' id='word_1_734' title='bbox 1297 4915 1481 4970; x_wconf 90' lang='lat' dir='ltr'>adhuc</span> <span class='ocrx_word' id='word_1_735' title='bbox 1505 4933 1605 4986; x_wconf 89' lang='lat' dir='ltr'>per</span> <span class='ocrx_word' id='word_1_736' title='bbox 1651 4916 1756 4969; x_wconf 87' lang='lat' dir='ltr'>hoc</span> <span class='ocrx_word' id='word_1_737' title='bbox 1783 4916 1882 4969; x_wconf 87' lang='lat' dir='ltr'>de-</span> 
     </span>
    </p>
   </div>
   <div class='ocr_carea' id='block_1_79' title="bbox 278 5003 1890 5073">
    <p class='ocr_par' dir='ltr' id='par_1_79' title="bbox 278 5003 1890 5073">
     <span class='ocr_line' id='line_1_79' title="bbox 278 5003 1890 5073; baseline -0.004 -11"><span class='ocrx_word' id='word_1_738' title='bbox 278 5012 638 5062; x_wconf 85' lang='lat' dir='ltr'>monstratur</span> <span class='ocrx_word' id='word_1_739' title='bbox 665 5005 1012 5059; x_wconf 89' lang='lat' dir='ltr'>destructum</span> <span class='ocrx_word' id='word_1_740' title='bbox 1042 5020 1165 5057; x_wconf 91' lang='lat' dir='ltr'>esse</span> <span class='ocrx_word' id='word_1_741' title='bbox 1187 5004 1561 5058; x_wconf 89' lang='lat' dir='ltr'>sacerdotium</span> <span class='ocrx_word' id='word_1_742' title='bbox 1592 5003 1890 5073; x_wconf 86' lang='lat' dir='ltr'>legis,quia</span> 
     </span>
    </p>
   </div>
   <div class='ocr_carea' id='block_1_80' title="bbox 278 5092 1890 5149">
    <p class='ocr_par' dir='ltr' id='par_1_80' title="bbox 278 5092 1890 5149">
     <span class='ocr_line' id='line_1_80' title="bbox 278 5092 1890 5149; baseline -0.003 0"><span class='ocrx_word' id='word_1_743' title='bbox 278 5095 598 5149; x_wconf 85' lang='lat' dir='ltr'>secundum</span> <span class='ocrx_word' id='word_1_744' title='bbox 625 5093 878 5147; x_wconf 89' lang='lat' dir='ltr'>ordinem</span> <span class='ocrx_word' id='word_1_745' title='bbox 904 5092 1303 5147; x_wconf 83' lang='lat' dir='ltr'>Melchisedech</span> <span class='ocrx_word' id='word_1_746' title='bbox 1349 5093 1591 5147; x_wconf 84' lang='lat' dir='ltr'>surrexit</span> <span class='ocrx_word' id='word_1_747' title='bbox 1634 5092 1890 5146; x_wconf 86' lang='lat' dir='ltr'>Christus</span> 
     </span>
    </p>
   </div>
   <div class='ocr_carea' id='block_1_81' title="bbox 281 5180 1893 5251">
    <p class='ocr_par' dir='ltr' id='par_1_81' title="bbox 281 5180 1893 5251">
     <span class='ocr_line' id='line_1_81' title="bbox 281 5180 1893 5251; baseline -0.002 -14"><span class='ocrx_word' id='word_1_748' title='bbox 281 5182 433 5237; x_wconf 88' lang='lat' dir='ltr'>alius</span> <span class='ocrx_word' id='word_1_749' title='bbox 463 5181 745 5247; x_wconf 85' lang='lat' dir='ltr'>sacerdos,</span> <span class='ocrx_word' id='word_1_750' title='bbox 778 5181 874 5251; x_wconf 91' lang='lat' dir='ltr'>qui</span> <span class='ocrx_word' id='word_1_751' title='bbox 906 5197 1016 5234; x_wconf 90' lang='lat' dir='ltr'>non</span> <span class='ocrx_word' id='word_1_752' title='bbox 1043 5182 1349 5238; x_wconf 88' lang='lat' dir='ltr'>secundum</span> <span class='ocrx_word' id='word_1_753' title='bbox 1379 5181 1620 5235; x_wconf 87' lang='lat' dir='ltr'>carnalis</span> <span class='ocrx_word' id='word_1_754' title='bbox 1640 5180 1893 5235; x_wconf 87' lang='lat' dir='ltr'>mandati</span> 
     </span>
    </p>
   </div>
   <div class='ocr_carea' id='block_1_82' title="bbox 282 5264 1891 5341">
    <p class='ocr_par' dir='ltr' id='par_1_82' title="bbox 282 5264 1891 5341">
     <span class='ocr_line' id='line_1_82' title="bbox 282 5264 1891 5341; baseline -0.001 -17"><span class='ocrx_word' id='word_1_755' title='bbox 282 5264 474 5341; x_wconf 86' lang='lat' dir='ltr'>legem</span> <span class='ocrx_word' id='word_1_756' title='bbox 503 5269 682 5327; x_wconf 85' lang='lat' dir='ltr'>factus</span> <span class='ocrx_word' id='word_1_757' title='bbox 710 5275 797 5322; x_wconf 87' lang='lat' dir='ltr'>est</span> <span class='ocrx_word' id='word_1_758' title='bbox 827 5269 1084 5323; x_wconf 91' lang='lat' dir='ltr'>sacerdos</span> <span class='ocrx_word' id='word_1_759' title='bbox 1114 5269 1260 5323; x_wconf 89' lang='lat' dir='ltr'>sicut</span> <span class='ocrx_word' id='word_1_760' title='bbox 1291 5272 1497 5323; x_wconf 86' lang='lat' dir='ltr'>Aaron.</span> <span class='ocrx_word' id='word_1_761' title='bbox 1538 5270 1745 5339; x_wconf 89' lang='lat' dir='ltr'>Legem</span> <span class='ocrx_word' id='word_1_762' title='bbox 1772 5285 1891 5322; x_wconf 89' lang='lat' dir='ltr'>car-</span> 
     </span>
    </p>
   </div>
   <div class='ocr_carea' id='block_1_83' title="bbox 283 5347 1894 5427">
    <p class='ocr_par' dir='ltr' id='par_1_83' title="bbox 283 5347 1894 5427">
     <span class='ocr_line' id='line_1_83' title="bbox 283 5347 1894 5427; baseline -0.002 -14"><span class='ocrx_word' id='word_1_763' title='bbox 283 5359 436 5413; x_wconf 89' lang='lat' dir='ltr'>nalis</span> <span class='ocrx_word' id='word_1_764' title='bbox 468 5347 718 5410; x_wconf 76' lang='lat' dir='ltr'>maﬁdati</span> <span class='ocrx_word' id='word_1_765' title='bbox 748 5362 927 5424; x_wconf 84' lang='lat' dir='ltr'>vocat,</span> <span class='ocrx_word' id='word_1_766' title='bbox 960 5358 1093 5427; x_wconf 89' lang='lat' dir='ltr'>quia</span> <span class='ocrx_word' id='word_1_767' title='bbox 1117 5374 1183 5410; x_wconf 82' lang='lat' dir='ltr'>ex</span> <span class='ocrx_word' id='word_1_768' title='bbox 1207 5358 1452 5410; x_wconf 85' lang='lat' dir='ltr'>maxima</span> <span class='ocrx_word' id='word_1_769' title='bbox 1473 5362 1631 5426; x_wconf 84' lang='lat' dir='ltr'>parte</span> <span class='ocrx_word' id='word_1_770' title='bbox 1651 5358 1894 5411; x_wconf 87' lang='lat' dir='ltr'>carnalis</span> 
     </span>
    </p>
   </div>
   <div class='ocr_carea' id='block_1_84' title="bbox 281 5439 1896 5516">
    <p class='ocr_par' dir='ltr' id='par_1_84' title="bbox 281 5439 1896 5516">
     <span class='ocr_line' id='line_1_84' title="bbox 281 5439 1896 5516; baseline 0.001 -15"><span class='ocrx_word' id='word_1_771' title='bbox 281 5444 690 5511; x_wconf 87' lang='lat' dir='ltr'>erat,carnalia</span> <span class='ocrx_word' id='word_1_772' title='bbox 706 5445 1033 5516; x_wconf 68' lang='lat' dir='ltr'>praecipiens</span> <span class='ocrx_word' id='word_1_773' title='bbox 1057 5464 1069 5499; x_wconf 88' lang='lat'>:</span> <span class='ocrx_word' id='word_1_774' title='bbox 1097 5446 1158 5499; x_wconf 91' lang='lat' dir='ltr'>in</span> <span class='ocrx_word' id='word_1_775' title='bbox 1181 5439 1619 5513; x_wconf 81' lang='lat' dir='ltr'>circumcisione,</span> <span class='ocrx_word' id='word_1_776' title='bbox 1642 5445 1703 5499; x_wconf 89' lang='lat' dir='ltr'>in</span> <span class='ocrx_word' id='word_1_777' title='bbox 1732 5462 1896 5503; x_wconf 87' lang='lat' dir='ltr'>mun-</span> 
     </span>
    </p>
   </div>
   <div class='ocr_carea' id='block_1_85' title="bbox 281 5532 1901 5602">
    <p class='ocr_par' dir='ltr' id='par_1_85' title="bbox 281 5532 1901 5602">
     <span class='ocr_line' id='line_1_85' title="bbox 281 5532 1901 5602; baseline -0.001 -11"><span class='ocrx_word' id='word_1_778' title='bbox 281 5533 521 5591; x_wconf 87' lang='lat' dir='ltr'>datione</span> <span class='ocrx_word' id='word_1_779' title='bbox 548 5532 820 5602; x_wconf 88' lang='lat' dir='ltr'>corporis,</span> <span class='ocrx_word' id='word_1_780' title='bbox 852 5532 913 5587; x_wconf 91' lang='lat' dir='ltr'>in</span> <span class='ocrx_word' id='word_1_781' title='bbox 946 5533 1144 5588; x_wconf 86' lang='lat' dir='ltr'>hostiis</span> <span class='ocrx_word' id='word_1_782' title='bbox 1176 5538 1234 5587; x_wconf 89' lang='lat' dir='ltr'>et</span> <span class='ocrx_word' id='word_1_783' title='bbox 1261 5532 1639 5587; x_wconf 89' lang='lat' dir='ltr'>oblationibus</span> <span class='ocrx_word' id='word_1_784' title='bbox 1666 5534 1901 5590; x_wconf 87' lang='lat' dir='ltr'>carnali-</span> 
     </span>
    </p>
   </div>
   <div class='ocr_carea' id='block_1_86' title="bbox 1962 4386 3551 4458">
    <p class='ocr_par' dir='ltr' id='par_1_86' title="bbox 1962 4386 3551 4458">
     <span class='ocr_line' id='line_1_86' title="bbox 1962 4386 3551 4458; baseline 0.001 -18"><span class='ocrx_word' id='word_1_785' title='bbox 1962 4388 2105 4441; x_wconf 85' lang='lat' dir='ltr'>riam</span> <span class='ocrx_word' id='word_1_786' title='bbox 2135 4388 2446 4457; x_wconf 81' lang='lat' dir='ltr'>possessuri</span> <span class='ocrx_word' id='word_1_787' title='bbox 2485 4400 2699 4455; x_wconf 89' lang='lat' dir='ltr'>sumus,</span> <span class='ocrx_word' id='word_1_788' title='bbox 2732 4400 2845 4442; x_wconf 88' lang='lat' dir='ltr'>non</span> <span class='ocrx_word' id='word_1_789' title='bbox 2871 4390 2957 4443; x_wconf 88' lang='lat' dir='ltr'>est</span> <span class='ocrx_word' id='word_1_790' title='bbox 2995 4389 3117 4443; x_wconf 87' lang='lat' dir='ltr'>sine</span> <span class='ocrx_word' id='word_1_791' title='bbox 3157 4386 3551 4458; x_wconf 80' lang='lat' dir='ltr'>jurejurando,</span> 
     </span>
    </p>
   </div>
   <div class='ocr_carea' id='block_1_87' title="bbox 1961 4474 3559 4547">
    <p class='ocr_par' dir='ltr' id='par_1_87' title="bbox 1961 4474 3559 4547">
     <span class='ocr_line' id='line_1_87' title="bbox 1961 4474 3559 4547; baseline 0 -17"><span class='ocrx_word' id='word_1_792' title='bbox 1961 4481 2027 4530; x_wconf 89' lang='lat' dir='ltr'>ut</span> <span class='ocrx_word' id='word_1_793' title='bbox 2050 4477 2273 4530; x_wconf 84' lang='lat' dir='ltr'>ﬁrmam</span> <span class='ocrx_word' id='word_1_794' title='bbox 2295 4477 2396 4531; x_wconf 89' lang='lat' dir='ltr'>Dei</span> <span class='ocrx_word' id='word_1_795' title='bbox 2426 4478 2853 4545; x_wconf 86' lang='lat' dir='ltr'>promissionem</span> <span class='ocrx_word' id='word_1_796' title='bbox 2884 4478 3196 4531; x_wconf 87' lang='lat' dir='ltr'>credamus.</span> <span class='ocrx_word' id='word_1_797' title='bbox 3225 4476 3385 4531; x_wconf 88' lang='lat' dir='ltr'>Unde</span> <span class='ocrx_word' id='word_1_798' title='bbox 3412 4474 3559 4547; x_wconf 80' lang='lat' dir='ltr'>Apo-</span> 
     </span>
    </p>
   </div>
   <div class='ocr_carea' id='block_1_88' title="bbox 1963 4562 3555 4634">
    <p class='ocr_par' dir='ltr' id='par_1_88' title="bbox 1963 4562 3555 4634">
     <span class='ocr_line' id='line_1_88' title="bbox 1963 4562 3555 4634; baseline 0 -16"><span class='ocrx_word' id='word_1_799' title='bbox 1963 4565 2139 4619; x_wconf 86' lang='lat' dir='ltr'>stolus</span> <span class='ocrx_word' id='word_1_800' title='bbox 2177 4565 2401 4619; x_wconf 88' lang='lat' dir='ltr'>subdit:</span> <span class='ocrx_word' id='word_1_801' title='bbox 2431 4565 2498 4619; x_wconf 86' lang='lat' dir='ltr'>Et</span> <span class='ocrx_word' id='word_1_802' title='bbox 2541 4572 2815 4634; x_wconf 84' lang='lat' dir='ltr'>quantum</span> <span class='ocrx_word' id='word_1_803' title='bbox 2854 4571 2951 4634; x_wconf 78' lang='lat' dir='ltr'>est,</span> <span class='ocrx_word' id='word_1_804' title='bbox 2992 4565 3259 4621; x_wconf 86' lang='lat' dir='ltr'>subaudis</span> <span class='ocrx_word' id='word_1_805' title='bbox 3304 4562 3555 4632; x_wconf 79' lang='lat' dir='ltr'>firmum,</span> 
     </span>
    </p>
   </div>
   <div class='ocr_carea' id='block_1_89' title="bbox 1966 4649 3558 4723">
    <p class='ocr_par' dir='ltr' id='par_1_89' title="bbox 1966 4649 3558 4723">
     <span class='ocr_line' id='line_1_89' title="bbox 1966 4649 3558 4723; baseline 0.001 -18"><span class='ocrx_word' id='word_1_806' title='bbox 1966 4651 2115 4706; x_wconf 87' lang='lat' dir='ltr'>istud</span> <span class='ocrx_word' id='word_1_807' title='bbox 2149 4652 2527 4707; x_wconf 90' lang='lat' dir='ltr'>sacerdotium</span> <span class='ocrx_word' id='word_1_808' title='bbox 2560 4653 2765 4707; x_wconf 89' lang='lat' dir='ltr'>Christi</span> <span class='ocrx_word' id='word_1_809' title='bbox 2787 4655 2856 4707; x_wconf 90' lang='lat' dir='ltr'>de</span> <span class='ocrx_word' id='word_1_810' title='bbox 2889 4669 2999 4723; x_wconf 93' lang='lat' dir='ltr'>quo</span> <span class='ocrx_word' id='word_1_811' title='bbox 3026 4653 3330 4722; x_wconf 88' lang='lat' dir='ltr'>loquimur,</span> <span class='ocrx_word' id='word_1_812' title='bbox 3362 4649 3558 4721; x_wconf 85' lang='lat' dir='ltr'>utique</span> 
     </span>
    </p>
   </div>
   <div class='ocr_carea' id='block_1_90' title="bbox 1965 4728 3561 4809">
    <p class='ocr_par' dir='ltr' id='par_1_90' title="bbox 1965 4728 3561 4809">
     <span class='ocr_line' id='line_1_90' title="bbox 1965 4728 3561 4809; baseline -0.001 -15"><span class='ocrx_word' id='word_1_813' title='bbox 1965 4740 2207 4794; x_wconf 87' lang='lat' dir='ltr'>multum</span> <span class='ocrx_word' id='word_1_814' title='bbox 2239 4746 2342 4804; x_wconf 89' lang='lat' dir='ltr'>est,</span> <span class='ocrx_word' id='word_1_815' title='bbox 2386 4741 2519 4809; x_wconf 86' lang='lat' dir='ltr'>quia</span> <span class='ocrx_word' id='word_1_816' title='bbox 2547 4757 2657 4793; x_wconf 86' lang='lat' dir='ltr'>non</span> <span class='ocrx_word' id='word_1_817' title='bbox 2686 4744 2803 4794; x_wconf 83' lang='lat' dir='ltr'>sine</span> <span class='ocrx_word' id='word_1_818' title='bbox 2843 4728 3223 4809; x_wconf 78' lang='lat' dir='ltr'>jurejurando</span> <span class='ocrx_word' id='word_1_819' title='bbox 3270 4740 3561 4793; x_wconf 86' lang='lat' dir='ltr'>ﬁrmatum</span> 
     </span>
    </p>
   </div>
   <div class='ocr_carea' id='block_1_91' title="bbox 1965 4828 3560 4896">
    <p class='ocr_par' dir='ltr' id='par_1_91' title="bbox 1965 4828 3560 4896">
     <span class='ocr_line' id='line_1_91' title="bbox 1965 4828 3560 4896; baseline -0.001 -16"><span class='ocrx_word' id='word_1_820' title='bbox 1965 4834 2068 4881; x_wconf 88' lang='lat' dir='ltr'>est.</span> <span class='ocrx_word' id='word_1_821' title='bbox 2093 4828 2211 4881; x_wconf 84' lang='lat' dir='ltr'>Alii</span> <span class='ocrx_word' id='word_1_822' title='bbox 2237 4829 2457 4896; x_wconf 84' lang='lat' dir='ltr'>quidem</span> <span class='ocrx_word' id='word_1_823' title='bbox 2487 4830 2604 4881; x_wconf 84' lang='lat' dir='ltr'>sine</span> <span class='ocrx_word' id='word_1_824' title='bbox 2620 4829 2997 4895; x_wconf 83' lang='lat' dir='ltr'>jurejurando</span> <span class='ocrx_word' id='word_1_825' title='bbox 3051 4829 3189 4895; x_wconf 78' lang='lat' dir='ltr'>facii</span> <span class='ocrx_word' id='word_1_826' title='bbox 3225 4831 3355 4881; x_wconf 86' lang='lat' dir='ltr'>sunt</span> <span class='ocrx_word' id='word_1_827' title='bbox 3383 4842 3560 4881; x_wconf 86' lang='lat' dir='ltr'>sacer-</span> 
     </span>
    </p>
   </div>
   <div class='ocr_carea' id='block_1_92' title="bbox 1964 4915 3563 4987">
    <p class='ocr_par' dir='ltr' id='par_1_92' title="bbox 1964 4915 3563 4987">
     <span class='ocr_line' id='line_1_92' title="bbox 1964 4915 3563 4987; baseline 0.001 -18"><span class='ocrx_word' id='word_1_828' title='bbox 1964 4918 2109 4969; x_wconf 84' lang='lat' dir='ltr'>dotes</span> <span class='ocrx_word' id='word_1_829' title='bbox 2131 4921 2194 4968; x_wconf 87' lang='lat' dir='ltr'>ut</span> <span class='ocrx_word' id='word_1_830' title='bbox 2213 4917 2399 4968; x_wconf 89' lang='lat' dir='ltr'>Aaron</span> <span class='ocrx_word' id='word_1_831' title='bbox 2422 4915 2634 4985; x_wconf 80' lang='lat' dir='ltr'>filiique</span> <span class='ocrx_word' id='word_1_832' title='bbox 2665 4917 2807 4984; x_wconf 89' lang='lat' dir='ltr'>ejus,</span> <span class='ocrx_word' id='word_1_833' title='bbox 2843 4915 3044 4985; x_wconf 89' lang='lat' dir='ltr'>quibus</span> <span class='ocrx_word' id='word_1_834' title='bbox 3073 4915 3224 4969; x_wconf 85' lang='lat' dir='ltr'>Deus</span> <span class='ocrx_word' id='word_1_835' title='bbox 3271 4915 3384 4970; x_wconf 85' lang='lat' dir='ltr'>non</span> <span class='ocrx_word' id='word_1_836' title='bbox 3399 4916 3563 4987; x_wconf 73' lang='lat' dir='ltr'>jura-</span> 
     </span>
    </p>
   </div>
   <div class='ocr_carea' id='block_1_93' title="bbox 1971 5002 3567 5073">
    <p class='ocr_par' dir='ltr' id='par_1_93' title="bbox 1971 5002 3567 5073">
     <span class='ocr_line' id='line_1_93' title="bbox 1971 5002 3567 5073; baseline 0.003 -18"><span class='ocrx_word' id='word_1_837' title='bbox 1971 5003 2050 5057; x_wconf 88' lang='lat' dir='ltr'>vit</span> <span class='ocrx_word' id='word_1_838' title='bbox 2067 5003 2215 5073; x_wconf 91' lang='lat' dir='ltr'>quod</span> <span class='ocrx_word' id='word_1_839' title='bbox 2247 5009 2434 5058; x_wconf 90' lang='lat' dir='ltr'>essent</span> <span class='ocrx_word' id='word_1_840' title='bbox 2479 5004 2794 5058; x_wconf 84' lang='lat' dir='ltr'>sacerdotes</span> <span class='ocrx_word' id='word_1_841' title='bbox 2834 5003 2892 5056; x_wconf 89' lang='lat' dir='ltr'>in</span> <span class='ocrx_word' id='word_1_842' title='bbox 2929 5008 3201 5057; x_wconf 65' lang='lat' dir='ltr'>aeternum</span> <span class='ocrx_word' id='word_1_843' title='bbox 3257 5002 3567 5059; x_wconf 87' lang='lat' dir='ltr'>secundum</span> 
     </span>
    </p>
   </div>
   <div class='ocr_carea' id='block_1_94' title="bbox 1973 5090 3572 5162">
    <p class='ocr_par' dir='ltr' id='par_1_94' title="bbox 1973 5090 3572 5162">
     <span class='ocr_line' id='line_1_94' title="bbox 1973 5090 3572 5162; baseline 0.001 -16"><span class='ocrx_word' id='word_1_844' title='bbox 1973 5092 2227 5146; x_wconf 86' lang='lat' dir='ltr'>ordinem</span> <span class='ocrx_word' id='word_1_845' title='bbox 2258 5092 2413 5161; x_wconf 86' lang='lat' dir='ltr'>legis,</span> <span class='ocrx_word' id='word_1_846' title='bbox 2448 5093 2536 5145; x_wconf 88' lang='lat' dir='ltr'>hic</span> <span class='ocrx_word' id='word_1_847' title='bbox 2555 5096 2761 5155; x_wconf 83' lang='lat' dir='ltr'>autem,</span> <span class='ocrx_word' id='word_1_848' title='bbox 2788 5091 2847 5145; x_wconf 86' lang='lat' dir='ltr'>id</span> <span class='ocrx_word' id='word_1_849' title='bbox 2872 5097 2958 5145; x_wconf 84' lang='lat' dir='ltr'>est</span> <span class='ocrx_word' id='word_1_850' title='bbox 2981 5090 3237 5146; x_wconf 89' lang='lat' dir='ltr'>Christus</span> <span class='ocrx_word' id='word_1_851' title='bbox 3265 5108 3393 5147; x_wconf 84' lang='lat' dir='ltr'>cum</span> <span class='ocrx_word' id='word_1_852' title='bbox 3411 5097 3572 5162; x_wconf 84' lang='lat' dir='ltr'>jure-</span> 
     </span>
    </p>
   </div>
   <div class='ocr_carea' id='block_1_95' title="bbox 1964 5178 3574 5252">
    <p class='ocr_par' dir='ltr' id='par_1_95' title="bbox 1964 5178 3574 5252">
     <span class='ocr_line' id='line_1_95' title="bbox 1964 5178 3574 5252; baseline 0.002 -19"><span class='ocrx_word' id='word_1_853' title='bbox 1964 5181 2218 5249; x_wconf 78' lang='lat' dir='ltr'>jurando</span> <span class='ocrx_word' id='word_1_854' title='bbox 2258 5180 2517 5233; x_wconf 86' lang='lat' dir='ltr'>sacerdos</span> <span class='ocrx_word' id='word_1_855' title='bbox 2545 5180 2724 5233; x_wconf 86' lang='lat' dir='ltr'>factus</span> <span class='ocrx_word' id='word_1_856' title='bbox 2756 5183 2842 5233; x_wconf 85' lang='lat' dir='ltr'>est</span> <span class='ocrx_word' id='word_1_857' title='bbox 2880 5186 2982 5248; x_wconf 79' lang='lat' dir='ltr'>&#39;per</span> <span class='ocrx_word' id='word_1_858' title='bbox 3020 5196 3164 5241; x_wconf 85' lang='lat' dir='ltr'>cum,</span> <span class='ocrx_word' id='word_1_859' title='bbox 3198 5179 3304 5235; x_wconf 90' lang='lat' dir='ltr'>hoc</span> <span class='ocrx_word' id='word_1_860' title='bbox 3347 5182 3434 5235; x_wconf 88' lang='lat' dir='ltr'>est</span> <span class='ocrx_word' id='word_1_861' title='bbox 3471 5178 3574 5252; x_wconf 77' lang='lat' dir='ltr'>per</span> 
     </span>
    </p>
   </div>
   <div class='ocr_carea' id='block_1_96' title="bbox 1973 5268 3575 5338">
    <p class='ocr_par' dir='ltr' id='par_1_96' title="bbox 1973 5268 3575 5338">
     <span class='ocr_line' id='line_1_96' title="bbox 1973 5268 3575 5338; baseline -0.001 -15"><span class='ocrx_word' id='word_1_862' title='bbox 1973 5269 2150 5323; x_wconf 89' lang='lat' dir='ltr'>Deum</span> <span class='ocrx_word' id='word_1_863' title='bbox 2173 5272 2393 5338; x_wconf 89' lang='lat' dir='ltr'>patrem</span> <span class='ocrx_word' id='word_1_864' title='bbox 2421 5271 2522 5335; x_wconf 87' lang='lat' dir='ltr'>qui</span> <span class='ocrx_word' id='word_1_865' title='bbox 2538 5268 2764 5321; x_wconf 68' lang='lat' dir='ltr'>diritad</span> <span class='ocrx_word' id='word_1_866' title='bbox 2784 5268 2949 5322; x_wconf 84' lang='lat' dir='ltr'>illum</span> <span class='ocrx_word' id='word_1_867' title='bbox 2973 5270 3226 5322; x_wconf 79' lang='lat' dir='ltr'>:Juravit</span> <span class='ocrx_word' id='word_1_868' title='bbox 3238 5272 3508 5325; x_wconf 77' lang='lat' dir='ltr'>Dominus</span> <span class='ocrx_word' id='word_1_869' title='bbox 3524 5275 3575 5323; x_wconf 81' lang='lat' dir='ltr'>et</span> 
     </span>
    </p>
   </div>
   <div class='ocr_carea' id='block_1_97' title="bbox 1976 5356 3576 5428">
    <p class='ocr_par' dir='ltr' id='par_1_97' title="bbox 1976 5356 3576 5428">
     <span class='ocr_line' id='line_1_97' title="bbox 1976 5356 3576 5428; baseline 0.001 -18"><span class='ocrx_word' id='word_1_870' title='bbox 1976 5374 2090 5411; x_wconf 83' lang='lat' dir='ltr'>non</span> <span class='ocrx_word' id='word_1_871' title='bbox 2116 5358 2390 5423; x_wconf 73' lang='lat' dir='ltr'>panitebit</span> <span class='ocrx_word' id='word_1_872' title='bbox 2421 5372 2566 5423; x_wconf 88' lang='lat' dir='ltr'>eum,</span> <span class='ocrx_word' id='word_1_873' title='bbox 2586 5356 2641 5410; x_wconf 87' lang='lat' dir='ltr'>id</span> <span class='ocrx_word' id='word_1_874' title='bbox 2663 5361 2750 5411; x_wconf 89' lang='lat' dir='ltr'>est</span> <span class='ocrx_word' id='word_1_875' title='bbox 2776 5372 2888 5411; x_wconf 92' lang='lat' dir='ltr'>non</span> <span class='ocrx_word' id='word_1_876' title='bbox 2918 5357 3161 5411; x_wconf 88' lang='lat' dir='ltr'>mutabit</span> <span class='ocrx_word' id='word_1_877' title='bbox 3182 5359 3576 5428; x_wconf 83' lang='lat' dir='ltr'>juramentum</span> 
     </span>
    </p>
   </div>
   <div class='ocr_carea' id='block_1_98' title="bbox 1979 5444 3575 5515">
    <p class='ocr_par' dir='ltr' id='par_1_98' title="bbox 1979 5444 3575 5515">
     <span class='ocr_line' id='line_1_98' title="bbox 1979 5444 3575 5515; baseline -0.003 -14"><span class='ocrx_word' id='word_1_878' title='bbox 1979 5461 2162 5509; x_wconf 87' lang='lat' dir='ltr'>suum,</span> <span class='ocrx_word' id='word_1_879' title='bbox 2198 5444 2465 5515; x_wconf 90' lang='lat' dir='ltr'>quoniam</span> <span class='ocrx_word' id='word_1_880' title='bbox 2488 5451 2547 5499; x_wconf 83' lang='lat' dir='ltr'>tu</span> <span class='ocrx_word' id='word_1_881' title='bbox 2564 5463 2615 5500; x_wconf 84' lang='lat' dir='ltr'>es</span> <span class='ocrx_word' id='word_1_882' title='bbox 2628 5447 2878 5500; x_wconf 82' lang='lat' dir='ltr'>sacerdos</span> <span class='ocrx_word' id='word_1_883' title='bbox 2898 5448 2959 5499; x_wconf 87' lang='lat' dir='ltr'>in</span> <span class='ocrx_word' id='word_1_884' title='bbox 2979 5452 3248 5501; x_wconf 55' lang='lat' dir='ltr'>aeternum</span> <span class='ocrx_word' id='word_1_885' title='bbox 3273 5446 3575 5501; x_wconf 83' lang='lat' dir='ltr'>secundum</span> 
     </span>
    </p>
   </div>
   <div class='ocr_carea' id='block_1_99' title="bbox 1989 5529 3580 5613">
    <p class='ocr_par' dir='ltr' id='par_1_99' title="bbox 1989 5529 3580 5613">
     <span class='ocr_line' id='line_1_99' title="bbox 1989 5529 3580 5613; baseline -0.001 -25"><span class='ocrx_word' id='word_1_886' title='bbox 1989 5536 2243 5589; x_wconf 83' lang='lat' dir='ltr'>ordinem</span> <span class='ocrx_word' id='word_1_887' title='bbox 2285 5535 2695 5594; x_wconf 71' lang='lat' dir='ltr'>Melchisedech.</span> <span class='ocrx_word' id='word_1_888' title='bbox 2734 5537 2804 5590; x_wconf 82' lang='lat' dir='ltr'>In</span> <span class='ocrx_word' id='word_1_889' title='bbox 2850 5539 3073 5589; x_wconf 84' lang='lat' dir='ltr'>tantum</span> <span class='ocrx_word' id='word_1_890' title='bbox 3118 5533 3362 5591; x_wconf 80' lang='lat' dir='ltr'>melioris</span> <span class='ocrx_word' id='word_1_891' title='bbox 3403 5529 3580 5613; x_wconf 46' lang='lat' dir='ltr'>Testa:</span> 
     </span>
    </p>
   </div>
  </div>
