3992 6166
204 344 300 402 873

770 466 1004 531 CAPUT
1028 464 1184 521 VIII.

267 560 587 627 Capitulum
606 562 792 610 autem
819 571 983 624 super
1003 572 1064 609 ea
1096 571 1214 623 qua:
1241 556 1528 620 dicuntur,
1552 556 1656 609 hoc
1684 560 1785 618 est,

201 646 451 719 repetitio
476 661 647 717 super
684 661 749 699 ea
776 660 898 716 qua:
923 643 1189 698 dicuntur
1216 644 1285 698 de
1314 643 1684 708 Christo.Quo
1704 643 1790 698 di-

198 741 280 791 cto
310 735 594 806 signiﬁcat
623 733 834 804 aliquid
867 749 1152 787 summum
1185 737 1241 786 et
1261 748 1524 802 magnum
1557 738 1614 786 et
1632 731 1789 803 quasi

199 841 294 895 per
327 824 847 896 recapitulationem
883 821 1249 893 praecedentis
1287 820 1687 892 disputationis
1720 821 1791 875 ad

200 929 311 967 rem
338 912 520 984 ipsam
550 910 777 966 deducit
804 910 1339 964 auditorem.Talem
1373 911 1634 963 habemus
1660 926 1795 979 pon-

202 1004 391 1070 tiﬁcem
411 1000 636 1073 qualem
658 1000 928 1055 subaudis
949 999 1210 1070 superius
1239 998 1500 1061 diximus,
1535 1005 1793 1053 sanctum

198 1089 452 1145 videlicet
511 1090 888 1155 innocentem,
936 1088 1294 1158 impollutam
1346 1092 1701 1158 segregatum
1758 1103 1793 1141 a

202 1178 582 1251 peccatoribus
611 1182 669 1232 et
687 1178 912 1249 qualem
945 1177 1128 1231 adhuc
1157 1176 1362 1230 dicturi
1390 1193 1584 1231 sumus
1614 1176 1670 1230 in
1698 1193 1791 1231 se-

891 343 1271 399 EXPOSI'I‘IO
1303 343 1381 398 IN
1412 342 1568 405 EPP.
1603 342 1662 398 S.
1696 341 1931 398 PAULI.
1964 369 2033 383 -
2063 341 2142 396 IN
2173 341 2396 398 EPIST.
2426 341 2523 397 AD
2552 343 2764 401 HEBR.

3356 353 3462 412 871

1803 469 1857 528 Α
1877 464 2009 536 quia
2037 465 2185 521 carie
2204 472 2258 521 et
2274 470 2557 522 vetustate.
2572 476 2967 542 consumptum
2993 478 3098 540 est,
3113 490 3216 530 nec
3242 493 3467 549 semper

1873 554 2079 608 durare
2100 554 2301 625 potuit,
2316 554 2554 627 ideoque
2583 556 3009 615 tabernaculum
3039 579 3232 618 verum
3262 565 3462 621 caalum

1876 650 2051 709 vocat,
2093 643 2357 715 quoniam
2406 645 2464 699 in
2494 652 2765 701 aeternum
2797 650 2986 715 stabit,
3022 652 3287 724 nullaque
3314 661 3468 711 vetu-

1872 737 2017 787 state
2036 738 2414 788 consumetur.
2439 735 2631 790 Potest
2656 743 2713 790 et
2742 738 2925 792 altiori
2947 756 3113 795 sensu
3130 741 3471 814 intelligi,ut

1876 820 2297 876 tabernaculum
2331 839 2521 877 verum
2551 825 2901 895 accipiantur
2927 828 3127 884 anima:
3158 831 3463 900 justorum,

1875 909 2077 979 quibus
2095 909 2215 981 ipse
2235 909 2407 965 Filius
2423 911 2515 965 Dei
2529 913 2737 983 gaudia
2761 915 2954 985 patriae
2970 917 3211 973 caelestis
3230 919 3471 975 admini-

1876 1004 2101 1060 strat,et
2116 998 2176 1053 in
2195 998 2398 1069 quibus
2418 1001 2537 1071 ipse
2557 1001 2811 1056 habitare
2832 1004 3116 1075 dignatur,
3127 1007 3292 1077 juxta
3317 1010 3469 1080 quod

1875 1103 1976 1157 per
1992 1088 2323 1159 prophetam
2335 1088 2560 1143 dicitur:
2578 1091 2898 1146 lnhabitabo
2919 1097 2980 1147 in
3003 1097 3119 1149 illis
3138 1100 3187 1149 et
3214 1098 3471 1153 inambu-

1876 1178 1994 1234 labo
2024 1177 2107 1248 (ll
2135 1176 2255 1230 Cor.
2282 1189 2355 1242 vI,
2388 1174 2489 1244 16).
2518 1178 2585 1232 Et
2604 1179 2931 1250 Apostolus:
2954 1184 3023 1237 In
3069 1187 3333 1241 interiore
3371 1188 3466 1242 ho-

201 1267 871 1339 quentibus,quiconsedit
905 1269 967 1320 in
981 1267 1202 1320 dextera
1230 1267 1369 1319 sedis
1382 1266 1790 1333 magnitudinis
1871 1266 2020 1318 mine
2041 1264 2293 1317 habitare
2311 1264 2595 1319 Christum
2619 1283 2719 1335 per
2746 1271 2908 1334 ﬁdem
2933 1273 2991 1324 in
3004 1274 3257 1327 cordibus
3276 1279 3466 1331 vestris

200 1359 259 1409 in
274 1358 367 1410 cat
374 1358 420 1408 is
432 1359 775 1421 ,sanctorum
792 1355 1125 1419 minister,el
1154 1354 1501 1407 tabernaculi
1516 1356 1634 1406 reri
1652 1354 1798 1421 quod

200 1446 315 1512 [ea
338 1444 478 1498 Deus
497 1448 548 1496 et
575 1458 689 1497 non
721 1440 1106 1496 homo.Sedem
1137 1440 1618 1510 magnitudinisin
1644 1441 1798 1495 caelis

201 1531 469 1587 debemus
485 1530 738 1602 accipere
753 1529 1158 1602 plenitudinem
1189 1534 1436 1601 paternze
1465 1528 1794 1600 majestatis,

203 1622 257 1675 in
289 1636 407 1691 qua
432 1619 609 1674 Filius
635 1618 738 1673 Dei
767 1618 945 1682 sedet,
977 1634 1101 1689 quae
1130 1616 1300 1671 etiam
1331 1618 1662 1689 designatur
1701 1633 1803 1688 per

200 1708 630 1765 dexteram.Nec
655 1712 743 1763 est
769 1706 1061 1778 pueriliter
1079 1705 1801 1777 accipiendum,quodDeus

1880 1351 2037 1420 (Eph.
2070 1365 2150 1417 ιιι,
2189 1349 2292 1421 l7).
2322 1352 2427 1407 Et:
2468 1354 2747 1423 Templum
2786 1358 2885 1410 Dei
2914 1364 3169 1414 sanctum
3197 1368 3291 1427 est,
3329 1366 3473 1434 quod

1880 1440 2007 1492 estis
2030 1455 2120 1493 ros
2154 1440 2200 1507 (Ι
2228 1439 2346 1494 Cor.
2378 1454 2461 1506 lu,
2502 1439 2610 1509 17).
2649 1444 2840 1497 Omnis
2867 1447 3017 1499 enim
3035 1450 3289 1515 ponti/ea:
3305 1453 3380 1504 ad
3394 1453 3475 1518 of-

1881 1528 2108 1594 ferenda
2136 1544 2372 1582 munera
2396 1532 2931 1597 constituitur,unde
2960 1550 3165 1589 necesse
3186 1542 3258 1591 est
3277 1544 3327 1592 et
3345 1539 3478 1593 huic

1883 1616 2077 1670 habere
2104 1618 2326 1685 aliquid
2347 1616 2492 1685 quod
2519 1622 2727 1686 offerat.
2773 1622 2894 1675 Non
2936 1622 3084 1677 enim
3116 1631 3301 1696 potest
3351 1645 3474 1683 esse

1881 1704 2141 1759 sacerdos
2180 1705 2289 1760 nisi
2326 1705 2533 1761 habeat
2576 1709 2721 1778 quod
2754 1710 2977 1770 otl‘erat.
3013 1713 3310 1769 Pontiﬁces
3344 1733 3475 1772 vero

199 1798 373 1852 Pater
401 1796 687 1850 dexteram
718 1799 818 1850 aut
859 1794 1146 1849 sinistram
1185 1794 1408 1860 habeat,
1438 1794 1534 1865 qui
1564 1793 1796 1865 spiritus
1814 1818 1861 1878 Β
1881 1798 2099 1847 veteres
2127 1793 2424 1849 sacerdotii
2454 1797 2763 1852 secundum
2802 1806 3142 1871 praeceptum
3181 1803 3321 1874 legis
3350 1822 3477 1860 mu-

199 1891 283 1940 est
319 1884 511 1939 omnia
537 1884 802 1956 implens,
841 1890 905 1939 ut
950 1884 1031 1939 ita
1058 1884 1252 1939 sedeat
1279 1884 1453 1939 Filius
1482 1883 1537 1937 in
1570 1882 1800 1937 dextera

200 1974 377 2040 illius,
404 1973 552 2028 sicut
577 1974 722 2028 solet
747 1973 923 2029 Filius
960 1974 1156 2028 sedere
1195 1975 1356 2044 juxta
1382 1975 1607 2028 Patrem
1636 1986 1801 2027 suum

202 2078 422 2133 regem;
450 2062 707 2117 sedsicut
736 2061 1003 2128 diximus,
1026 2061 1437 2133 plenitudinem
1467 2061 1799 2132 majestatis,

197 2164 483 2204 summam
491 2165 599 2220 que
607 2149 846 2220 gloriam
865 2149 1228 2204 beatitudinis
1240 2152 1297 2203 et
1308 2147 1697 2220 prosperitatis
1711 2148 1805 2202 de-

200 2236 405 2293 bemus
436 2254 537 2308 per
564 2237 848 2292 dexteram
897 2237 1233 2308 intelligere,
1262 2238 1321 2291 in
1361 2252 1470 2308 qua
1499 2236 1675 2291 Filius
1703 2235 1805 2290 Dei

197 2327 600 2382 sedet.Sedere
620 2331 809 2382 autem
837 2325 967 2381 Filii
993 2342 1095 2397 pro
1120 2324 1376 2379 habitare
1403 2325 1804 2396 ponitur.Pon-

199 2417 345 2472 tifex
374 2433 510 2488 ergo
538 2412 732 2471 noster
760 2416 857 2488 qui
881 2415 1133 2471 consedit
1156 2416 1215 2470 in
1246 2431 1470 2470 summa
1494 2414 1677 2485 gloria
1708 2429 1809 2485 pa-

198 2510 384 2560 terna
424 2506 759 2577 majestatis,
789 2505 849 2559 in
873 2505 1026 2559 caelis
1065 2511 1385 2559 sanctorum
1417 2503 1676 2558 minister
1703 2509 1807 2558 est.

200 2594 372 2659 Quod
417 2593 637 2649 duobus
666 2599 852 2665 potest
879 2593 1062 2648 modis
1093 2593 1298 2665 accipi:
1336 2592 1562 2646 veniens
1604 2592 1810 2664 quippe

200 2683 485 2738 Dominus
514 2683 572 2738 in
603 2683 896 2748 mundum,
930 2699 1030 2754 per
1066 2681 1470 2736 incarnationis
1513 2680 1809 2736 exhibitio-

202 2788 366 2834 nem,
394 2771 737 2826 ministravit
754 2770 963 2825 sanctis
983 2771 1251 2842 apostolis
1265 2770 1503 2841 aliisque
1532 2768 1806 2833 ﬁdelibus,

210 2865 269 2915 et
291 2860 473 2915 etiam
506 2860 602 2931 qui
632 2860 815 2915 adhuc
866 2859 1042 2914 futuri
1079 2864 1230 2923 sunt,
1260 2875 1464 2930 panem
1494 2858 1814 2913 refectionis

1886 1898 2021 1936 nera
2051 1887 2106 1936 et
2134 1882 2347 1937 hostias
2371 1900 2474 1955 pro
2495 1884 2614 1939 suis
2630 1891 2687 1941 et
2713 1903 2815 1958 pro
2840 1890 3030 1961 populi
3051 1891 3358 1948 offerebant
3386 1894 3479 1949 de-

1884 1969 2050 2027 lictis.
2083 1969 2340 2025 Christus
2376 1988 2526 2039 vero,
2557 1989 2682 2028 cum
2714 1975 2772 2029 in
2802 1978 3145 2049 sempiterna
3171 1981 3480 2038 divinitatis

1886 2074 1999 2113 suae
2028 2063 2232 2113 natura
2260 2075 2373 2115 non
2402 2060 2635 2116 haberet
2675 2064 2821 2133 quod
2853 2066 3096 2131 offerret,
3130 2071 3370 2141 sumpsit
3415 2088 3482 2127 ex

1885 2146 2048 2201 nobis
2077 2148 2225 2218 quod
2254 2165 2355 2219 pro
2387 2149 2548 2204 nobis
2576 2150 2826 2217 offerret,
2858 2154 2913 2208 id
2930 2159 3017 2209 est
3045 2171 3269 2212 carnem
3287 2158 3485 2213 huma-

1886 2250 2038 2298 nam,
2072 2236 2317 2306 seipsum
2350 2237 2608 2292 videlicet
2632 2255 2800 2310 quem
2830 2239 3033 2297 obtulit
3059 2242 3119 2298 in
3148 2260 3250 2299 ara
3279 2246 3479 2301 crucis;

1891 2324 2033 2389 Quid
2048 2341 2180 2395 ergo
2196 2330 2310 2379 tam
2326 2331 2519 2397 aptum
2536 2327 2905 2384 immolationi
2923 2347 3091 2402 quam
3102 2348 3234 2388 caro
3245 2335 3490 2391 rationa-

1890 2413 1961 2467 lis
1983 2430 2083 2485 pro
2103 2415 2394 2469 rationali?
2412 2417 2479 2470 Et
2509 2417 2640 2488 quid
2674 2423 2789 2472 tam
2823 2420 3096 2475 mundum
3117 2440 3220 2494 pro
3238 2424 3490 2480 immun-

1891 2503 1977 2557 dis
2003 2519 2171 2573 quam
2194 2520 2416 2559 carnem
2435 2505 2556 2559 sine
2570 2507 2682 2560 ulla
2696 2509 3028 2579 contagione
3044 2511 3347 2568 otferre?Et
3358 2531 3492 2585 quo-

1892 2591 2043 2645 niam
2081 2598 2323 2663 quatuor
2341 2593 2397 2647 in
2424 2593 2577 2648 omni
2604 2595 2879 2650 sacriﬁcio
2908 2598 3314 2655 consideranda
3334 2608 3484 2657 sunt:

1891 2678 2147 2733 videlicet
2168 2680 2258 2733 cui
2288 2680 2503 2745 offerat,
2537 2698 2572 2735 a
2600 2698 2710 2753 quo
2739 2683 3182 2756 otl‘eratur,quod
3203 2687 3489 2756 offeratur,

1897 2784 1997 2839 pro
2020 2767 2221 2838 quibus
2247 2769 2660 2829 offeratur.th
2689 2771 2856 2825 etiam
2886 2790 3183 2843 possumus
3211 2776 3302 2831 hic
3330 2794 3493 2849 repe-

1896 2855 2010 2910 rire
2038 2856 2176 2910 satis
2206 2856 2660 2926 eleganter.Quia
2688 2860 2838 2914 enim
2868 2861 3009 2916 nulli
3036 2864 3373 2921 sacriﬁcium
3402 2866 3497 2921 de-

206 2949 374 3005 verbi
404 2949 694 3020 spiritalis,
732 2954 789 3003 et
832 2953 1028 3020 potum
1057 2947 1323 3002 doctrinae
1351 2947 1701 3019 evangelicae,
1728 2947 1815 3001 di-
1836 2965 1881 3026 ο
1900 2943 2065 2998 betur
2090 2943 2198 2998 nisi
2240 2945 2346 2998 soli
2394 2962 2522 3000 vero
2551 2947 2685 3012 Deo,
2719 2949 2967 3019 pontifex
2995 2957 3189 3007 noster
3225 2955 3496 3009 mundam

207 3054 353 3094 cens
378 3056 390 3090 :
423 3037 488 3094 Si
517 3040 640 3106 quis
668 3039 808 3103 sitit,
838 3039 1023 3091 veniat
1050 3038 1125 3091 ad
1150 3053 1235 3091 me
1260 3042 1309 3091 et
1339 3038 1485 3090 bibat
1506 3039 1685 3106 (Joan.
1714 3049 1812 3099 vn,

208 3125 331 3194 37),
370 3129 462 3179 et:
497 3126 674 3179 Venite
701 3126 774 3178 ad
794 3140 879 3178 me
907 3140 1092 3178 omnes
1122 3126 1222 3192 qui
1251 3124 1512 3178 laboratis
1532 3129 1579 3177 et
1599 3124 1819 3177 onerati

204 3217 367 3282 estis,
390 3218 441 3267 et
470 3228 562 3280 ego
582 3213 828 3281 reﬁciam
851 3229 942 3267 eos
972 3212 1189 3282 (Matth.
1232 3229 1309 3273 xs.
1333 3210 1443 3271 28?.
1476 3210 1821 3266 Ministravit

204 3302 324 3358 illis
346 3301 524 3356 etiam
538 3302 938 3356 documentum
956 3300 1086 3355 ﬁdei
1108 3305 1163 3355 et
1176 3301 1418 3371 gratiam
1443 3300 1818 3371 baptismatis,

205 3397 267 3445 et
290 3392 536 3462 insuper
555 3389 705 3461 quod
725 3390 907 3460 majus
925 3389 1031 3444 fuit
1059 3395 1471 3444 sacramentum
1488 3388 1822 3459 redemptio—

202 3480 299 3534 nis
312 3495 426 3552 per
434 3480 752 3550 passionem
768 3494 928 3532 suam
951 3484 1008 3533 et
1026 3477 1399 3548 cognitionem
1425 3476 1821 3548 mysteriorum

201 3567 267 3623 in
297 3568 434 3637 lege
460 3572 519 3621 et
543 3566 931 3638 pr0phetis,ac
957 3570 1153 3637 postea
1180 3582 1283 3620 sua
1310 3565 1636 3620 ascensione
1653 3564 1822 3619 mini-

202 3656 427 3712 stravit
454 3654 616 3709 nobis
651 3654 867 3710 aditum
912 3654 1109 3726 patriae
1129 3653 1384 3708 celestis.
1422 3654 1557 3708 Ecce
1587 3654 1736 3724 quod
1764 3658 1824 3707 et

203 3744 353 3815 quid
378 3742 726 3798 ministravit
752 3742 945 3798 electis
983 3742 1101 3798 suis
1148 3758 1427 3813 apparens
1458 3742 1685 3811 mundo.
1719 3742 1819 3795 Di-

202 3839 385 3888 catur
406 3836 464 3887 et
480 3831 645 3885 aliter
664 3846 676 3881 :
692 3830 1028 3888 Sanctorum
1055 3833 1314 3884 minister
1333 3830 1440 3884 erit
1459 3830 1517 3884 in
1547 3830 1816 3894 futurum,

203 3920 453 3994 quando
472 3920 837 3991 semetipsum
866 3918 1212 3973 ministrabit
1242 3919 1355 3973 illis
1393 3925 1457 3973 ut
1485 3923 1822 3988 cognoscant

1900 3032 2144 3087 hostiam
2175 3048 2276 3104 pro
2301 3032 2462 3088 nobis
2491 3034 2607 3089 Deo
2636 3036 2791 3091 Patri
2819 3038 3040 3107 obtulit,
3070 3040 3220 3096 idem
3249 3043 3495 3099 existens

1899 3121 2160 3176 sacerdos
2181 3128 2237 3176 et
2260 3122 2614 3177 sacriﬁcium.
2636 3124 2812 3180 Oﬁ'ert
2839 3126 3010 3182 etiam
3027 3129 3362 3185 sacriﬁcium
3380 3131 3497 3188 Deo

1899 3209 2056 3263 Patri
2094 3215 2381 3280 acceptum
2416 3227 2518 3281 per
2537 3211 2839 3267 Ecclesiam
2862 3216 3193 3272 suam.Dum
3215 3217 3364 3273 enim
3390 3234 3494 3274 nos

1902 3296 2188 3352 offerimus
2225 3303 2578 3353 sacramenta
2611 3301 2859 3372 corporis
2897 3304 3038 3373 ejus,
3071 3304 3190 3377 ipse
3219 3308 3402 3362 offert.
3433 3308 3499 3364 Si

1903 3400 2027 3454 ergo
2047 3391 2179 3440 esset
2205 3402 2373 3456 super
2400 3392 2628 3456 terram,
2656 3389 2925 3446 subaudis
2953 3395 3213 3449 sacerdos
3240 3400 3500 3452 terrenus

1904 3473 2212 3528 secundum
2242 3473 2496 3529 ordinem
2527 3478 2733 3542 Aaron,
2753 3494 2848 3532 nec
2875 3496 2982 3534 esse
3006 3483 3272 3548 sacerdos,
3296 3500 3500 3540 secun-

1903 3562 2039 3615 dum
2069 3562 2323 3617 ordinem
2355 3564 2783 3632 Melchisedech,
2813 3583 2937 3621 cum
2975 3573 3147 3623 essent
3180 3572 3499 3628 sacerdotes

1902 3650 2134 3705 Levitici
2168 3652 2392 3721 generis
2424 3655 2523 3721 qui
2548 3655 2804 3719 oﬂ'errent
2830 3656 3133 3710 secundum
3162 3660 3328 3726 legem
3379 3676 3506 3717 mu-

1904 3742 2177 3808 nera,qui
2199 3744 2501 3809 exemplari
2527 3747 2575 3794 et
2605 3744 2813 3795 umbra
2842 3746 3155 3799 deserviunt
3182 3751 3497 3819 calestium,

1902 3830 2047 3881 sicut
2069 3844 2389 3897 responsum
2412 3834 2485 3883 est
2510 3831 2685 3897 Moysi
2707 3847 2830 3884 cum
2850 3842 3277 3890 consummasset
3292 3854 3358 3892 ac
3377 3855 3502 3909 per-

1903 3915 2129 3971 fecisset
2151 3918 2573 3971 tabernarutum
2592 3919 2887 3974 oraculi.Si
2900 3928 3048 3976 esset
3068 3927 3328 3980 terrenus
3356 3943 3500 3998 pon-

205 4026 352 4066 eum
383 4025 514 4064 cum
543 4009 712 4063 Patre
738 4013 797 4063 et
821 4007 1034 4079 Spiritu
1062 4013 1276 4068 sancto,
1296 4007 1458 4061 sicuti
1480 4012 1581 4073 est,
1614 4006 1828 4062 scilicet
1906 4004 2038 4058 tifex
2062 4020 2231 4075 super
2245 4009 2475 4069 terram,
2493 4003 2639 4059 sicut
2654 4006 2954 4072 Aaron,vel
2973 4009 3179 4081 aliquis
3193 4013 3500 4069 secundum

201 4115 347 4154 cum
388 4096 692 4151 tradiderit
719 4112 960 4168 regnum
1003 4112 1167 4151 suum
1207 4096 1322 4149 Deo
1367 4100 1425 4148 et
1463 4093 1634 4148 Patri.
1666 4094 1827 4149 Unde
1909 4093 2032 4162 ejus
2058 4091 2310 4145 ordinem
2342 4091 2678 4147 immortalis
2716 4099 2773 4147 et
2818 4094 2940 4150 sine
2988 4104 3234 4168 peccato,
3260 4101 3355 4172 qui
3383 4102 3500 4158 suis

200 4188 266 4242 in
296 4185 613 4257 Evangelio
657 4185 727 4240 de
770 4201 831 4240 se
862 4183 965 4239 sub
994 4200 1235 4256 persona
1264 4182 1684 4254 patrisfamilias
1738 4182 1825 4236 lo-
1908 4180 2196 4235 sacriﬁciis
2217 4182 2495 4252 potuisset
2521 4182 2795 4236 mundare
2820 4200 3001 4255 genus
3029 4186 3358 4253 humanum,
3381 4208 3503 4263 per-

200 4291 407 4349 quens
436 4273 606 4328 dicit:
637 4274 814 4328 Amen
843 4274 962 4327 dico
990 4274 1137 4327 vobis
1167 4273 1313 4341 quod
1346 4274 1640 4341 praeringet
1670 4287 1742 4337 se,
1778 4270 2228 4341 ethectumque
2278 4270 2531 4337 reddere,
2562 4287 2674 4326 non
2706 4279 2855 4328 esset
2893 4275 3089 4347 utique
3118 4280 3377 4336 sacerdos
3412 4297 3503 4336 se-

200 4367 392 4432 faciet
420 4365 548 4417 itlos
575 4363 985 4430 discumbere,et
1012 4365 1291 4416 transiens
1318 4362 1662 4416 ministrabit
1688 4363 1824 4429 illis,
1908 4359 2153 4414 cundum
2202 4359 2453 4414 ordinem
2502 4360 2906 4417 Melchisedech
2944 4365 3000 4418 in
3048 4372 3341 4436 aeternum,
3369 4370 3505 4443 quia

204 4454 379 4522 (Luc.
398 4466 502 4513 xu.
522 4447 902 4519 37.)Transire
928 4450 1076 4505 enim
1095 4449 1455 4521 dicitur,quia
1476 4449 1681 4503 electos
1696 4465 1827 4503 suos
1909 4447 2047 4501 satis
2076 4452 2265 4501 essent
2292 4447 2388 4518 qui
2417 4448 2684 4504 offerrent
2708 4450 2915 4521 legalia
2943 4469 3201 4513 munera.
3234 4457 3339 4512 Sed
3372 4460 3506 4531 quia

200 4541 281 4595 de
313 4538 539 4611 judicio
565 4538 636 4593 ad
656 4554 891 4609 regnum
914 4537 1155 4593 transire
1179 4538 1361 4602 faciet,
1396 4537 1483 4592 vel
1510 4554 1544 4591 a
1578 4542 1828 4591 contem-

198 4629 482 4702 platione
502 4627 953 4682 humanitatisad
971 4627 1343 4698 cognitionem
1367 4625 1677 4681 divinitatis
1693 4643 1826 4681 suae.

202 4715 578 4774 Ministrabit
606 4716 716 4770 illis
736 4732 865 4771 cum
889 4732 949 4770 se
974 4721 1033 4770 et
1055 4717 1282 4770 Patrem
1308 4731 1433 4770 cum
1456 4714 1669 4786 Spiritu
1700 4731 1833 4769 san-

202 4812 308 4863 cto
344 4805 435 4861 eis
463 4804 836 4872 monstrabit;
869 4821 1003 4860 nam
1033 4805 1188 4859 cibus
1219 4810 1275 4859 et
1306 4805 1417 4859 vita
1440 4804 1663 4858 illorum
1695 4804 1833 4858 visio

201 4899 440 4950 sanctae
463 4892 761 4948 Trinitatis
791 4893 919 4960 erit,
952 4893 1096 4948 sicut
1141 4893 1257 4965 ipse
1300 4892 1437 4947 dicit
1471 4892 1537 4945 ad
1570 4892 1828 4946 Patrem:
1916 4892 2042 4945 ﬁcio
2081 4907 2261 4962 genus
2289 4891 2597 4946 humanum
2628 4892 3027 4962 perfectissime
3056 4896 3372 4960 mandaret,
3396 4915 3511 4957 non

206 4985 367 5039 Ilec
397 4987 489 5036 est
516 4981 633 5036 vita
661 4986 891 5046 aeterna,
925 4985 991 5037 ut
1018 4987 1358 5053 cognoscant
1385 4987 1440 5035 te
1469 4998 1593 5035 cum
1624 4981 1836 5051 Spiritu
1918 4980 2049 5034 talis
2078 4980 2274 5051 quales
2302 4980 2530 5033 fuerunt
2557 4979 2641 5033 illi
2669 4979 2762 5051 qui
2793 4982 3095 5052 exemplari
3116 4988 3174 5039 et
3186 4985 3400 5044 umbra:
3419 4989 3513 5048 de—

207 5076 455 5137 sancto,
485 5074 543 5125 et
579 5071 773 5125 Iesum
808 5070 1097 5126 Christum
1131 5087 1298 5142 quem
1346 5070 1547 5124 misisti
1576 5087 1748 5124 unum
1783 5076 1841 5124 et
1923 5068 2172 5123 serviunt
2215 5068 2545 5123 ccelestium.
2578 5069 2875 5140 Exemplar
2901 5076 2988 5125 est
3015 5072 3196 5143 ﬁgura
3225 5081 3283 5131 et
3310 5078 3515 5136 simili-

205 5177 435 5218 verum
462 5159 671 5216 Deum.
701 5158 1069 5215 Tabernaculi
1108 5176 1330 5231 quoque
1361 5159 1473 5213 veri
1489 5158 1744 5213 minister
1758 5163 1844 5213 est
1923 5158 2059 5212 tudo
2085 5174 2186 5228 per
2210 5157 2357 5229 quod
2387 5157 2499 5211 alia
2527 5157 3012 5222 ostenditur,sicut
3039 5160 3228 5235 imago
3254 5182 3520 5239 expressa

203 5247 390 5322 quod
406 5246 702 5302 constituit
719 5246 833 5304 sive
853 5248 1169 5320 composuit
1189 5248 1337 5302 Deus
1355 5253 1412 5301 et
1431 5264 1541 5301 non
1564 5247 1752 5312 homo,
1785 5246 1841 5300 id
1922 5245 1979 5300 in
2007 5245 2241 5317 pariete,
2271 5246 2556 5316 exemplar
2580 5250 2667 5300 est
2687 5251 2743 5301 et
2771 5248 2952 5318 ﬁgura
2971 5250 3084 5304 veri
3116 5252 3382 5311 hominis.
3417 5259 3522 5314 Sa-

204 5342 315 5393 est
347 5333 477 5389 celi
506 5333 657 5405 quod
685 5333 805 5405 ipse
830 5333 990 5389 nobis
1019 5335 1377 5390 administrat
1398 5340 1462 5388 ut
1490 5333 1745 5387 claritate
1764 5332 1841 5386 si-
1928 5334 2182 5389 cerdotes
2198 5334 2374 5404 igitur
2397 5334 2716 5389 Judaaorum
2742 5337 3129 5409 exemplari,id
3151 5347 3236 5397 est
3255 5345 3448 5416 ﬁguras
3466 5352 3524 5402 et

202 5426 443 5481 derum
462 5421 615 5477 illius
634 5422 1451 5479 illustremur.Tabernaculum
1474 5422 1680 5476 etenim
1696 5421 1841 5493 quod
1930 5422 2143 5477 umbrae
2185 5422 2492 5477 caelestium
2532 5424 2925 5496 mysteriorum
2953 5427 3361 5500 deserviebant,
3393 5433 3525 5504 quia

205 5510 503 5570 Beseleel
520 5511 837 5582 composuit
855 5511 916 5567 in
931 5512 1174 5579 deserto,
1199 5512 1317 5567 sive
1338 5510 1483 5582 quod
1498 5526 1533 5563 a
1552 5510 1850 5565 Salomone
1930 5511 2120 5566 omnia
2137 5510 2238 5565 illa
2266 5510 2666 5567 similitudines
2688 5520 2746 5568 et
2764 5515 2958 5586 ﬁgurae
2968 5524 3130 5572 erant
3148 5519 3383 5574 istorum
3400 5536 3523 5591 qua:

203 5602 458 5659 factum
480 5603 571 5654 est
597 5598 658 5654 in
684 5603 839 5656 terra
866 5600 1339 5674 repromissionis,
1373 5615 1486 5654 non
1525 5598 1634 5653 fuit
1655 5612 1848 5655 verum
1932 5600 1987 5653 in
2014 5598 2256 5654 Ecclesia
2274 5599 2438 5654 modo
2460 5599 2516 5655 in
2537 5602 2771 5659 veritate
2790 5606 3320 5674 aguntur.Coelestia
3336 5610 3524 5662 autem

494 5696 761 5761 Ρλτιοι..
796 5699 1030 5765 CXVII.

3210 5706 3288 5769 28

1912 4537 2099 4590 Aaron
2119 4542 2175 4590 et
2202 4536 2304 4590 ﬁlii
2325 4537 2447 4606 ejus
2465 4539 2733 4593 mortales
2758 4547 2920 4595 erant
2946 4547 3003 4596 et
3026 4550 3504 4619 peccatores,qua-

1913 4630 2144 4697 propter
2179 4641 2291 4679 non
2332 4632 2595 4696 poterant
2628 4644 2808 4697 genus
2854 4628 3164 4685 humanum
3197 4634 3504 4702 perfectum

1914 4713 2168 4779 reddere,
2202 4713 2328 4768 ideo
2377 4714 2527 4769 venit
2575 4715 2830 4769 Christus
2877 4717 2997 4770 sine
3040 4724 3289 4788 peccato,
3322 4722 3418 4791 qui
3446 4721 3506 4778 in

1916 4808 2191 4858 aeternum
2222 4819 2385 4857 suum
2419 4802 2788 4858 sacerdotium
2822 4808 3058 4872 teneret,
3090 4822 3304 4879 suoque
3331 4811 3508 4866 sacri-
