3884 6154
166 289 251 361 877

858 282 1243 343 EXPOSITIO
1272 286 1350 341 IN
1381 284 1534 363 ΕΡΡ.
1569 286 1626 339 S.
1660 284 1897 340 PAULI.
1933 316 1997 326 —
2030 284 2108 340 ΙΝ
2138 280 2359 339 EPIST.
2389 280 2485 338 AD
2518 278 2729 339 HEBR.

3300 282 3408 342 878

165 436 278 492 gens
300 412 642 486 gratissimo,
676 412 844 465 simul
861 428 969 482 que
1000 411 1281 465 deducens
1298 427 1397 480 per
1413 410 1621 483 deserti
1654 412 1949 480 va—Apost
1979 410 2324 463 Dominicam
2354 410 2736 463 ascensionem
2768 409 3133 478 Evangelium
3162 410 3406 481 scripsit,

174 509 416 565 stitatem,
447 499 759 554 introduxit
785 499 843 553 in
877 506 1085 553 terram
1127 498 1387 552 omnibus
1417 498 1731 557 meliorem.

177 593 271 649 Sed
297 589 415 662 quia
444 605 558 641 non
591 592 1027 658 permanserunt
1056 586 1114 639 in
1143 591 1483 640 testamento
1514 587 1655 655 ejus,
1686 584 1743 638 id

178 687 251 738 est
273 695 373 734 non
394 676 829 753 observaverunt
878 692 998 746 quae
1027 675 1288 746 praecepit
1318 673 1377 727 in
1405 678 1743 728 testamento

175 776 281 831 Suo,
302 762 541 835 neglexit
568 781 684 832 eos,
706 764 812 818 hoc
835 769 920 816 est
948 764 1166 816 dimisit
1194 780 1278 816 eos
1322 762 1405 815 ire
1442 762 1742 815 secundum

175 856 420 912 desideria
441 851 619 905 cordis
640 854 752 912 sui,
770 852 932 921 juxta
954 849 1100 920 quod
1117 848 1415 904 Psalmista
1426 848 1561 902 dicit
1582 850 1742 908 (Psal.

179 959 315 1008 Lxxx,
348 938 453 1006 l3).
484 939 807 993 Notandum
840 945 1027 993 autem
1059 938 1191 1010 quia
1222 955 1346 992 cum
1368 936 1600 991 dixisset
1627 953 1747 990 ser-

179 1048 257 1086 mo
284 1028 499 1083 divinus
530 1047 541 1081 :
575 1027 872 1081 Perﬁciam
905 1032 1310 1081 testamentum
1367 1041 1594 1091 novum,
1636 1041 1749 1079 non

181 1117 467 1175 secundum
488 1116 628 1170 illud
652 1116 797 1186 quod
812 1116 1000 1188 pepigi
1020 1132 1147 1169 cum
1166 1110 1419 1187 patribus
1439 1130 1656 1179 eorum,
1680 1128 1751 1167 ne

174 1210 298 1264 forte
325 1204 499 1260 Judaei
528 1210 754 1277 possent
785 1204 1116 1257 oblatrando
1175 1203 1359 1256 dicere
1400 1200 1540 1256 illud
1573 1207 1751 1255 testa-

173 1301 407 1352 mentum
429 1292 832 1347 destruendum
847 1309 968 1346 esse
989 1293 1057 1345 de
1084 1308 1193 1362 quo
1226 1290 1364 1344 dixit
1382 1291 1452 1344 ad
1469 1289 1752 1344 Abraham

171 1377 322 1440 Deus:
348 1384 414 1436 In
435 1384 641 1435 semine
667 1387 759 1434 tuo
781 1380 1173 1434 benedicentur
1198 1396 1385 1433 omnes
1393 1385 1576 1447 gentes
1597 1379 1748 1445 (Gen.

172 1468 304 1533 m1,
335 1471 408 1539 4),
445 1469 696 1523 districte
726 1468 1108 1523 manifestavit
1134 1467 1203 1521 de
1252 1484 1362 1538 quo
1405 1469 1751 1538 loqueretur,

171 1577 284 1615 cum
313 1557 634 1617 subintulit.
659 1555 850 1610 dicens
877 1574 889 1608 :
913 1555 977 1612 In
999 1555 1088 1609 die
1105 1572 1215 1626 qua
1252 1554 1597 1626 apprehendi
1628 1570 1750 1607 ma-

171 1665 291 1704 num
320 1646 550 1721 illorum
581 1650 646 1699 ut
676 1645 970 1699 educerem
1004 1661 1099 1698 eos
1128 1643 1197 1698 de
1225 1649 1377 1697 terra
1391 1642 1634 1715 Egypti.
1669 1642 1751 1697 De

1825 499 2101 568 quomodo
2130 506 2320 569 posset
2347 503 2503 551 tanta
2536 499 2604 551 de
2624 498 2917 552 divinitate
2960 497 3110 555 illius
3141 497 3408 569 proferre,

1826 602 1947 656 quae
1972 586 2089 656 ipse
2140 586 2414 640 Dominus
2470 586 2549 639 eis
2597 586 2830 656 protulit
2895 586 3134 641 maxime
3156 604 3224 641 ea
3252 594 3414 659 nocte

1826 690 1947 744 quaa
1962 675 2401 745 comprehensus
2435 673 2562 728 est?
2608 673 2722 727 Nos
2767 680 2954 727 autem
2988 676 3193 745 partim
3218 674 3274 731 in
3299 694 3418 731 cor-

1826 762 2013 821 dibus,
2042 762 2260 833 plenius
2293 768 2482 816 autem
2509 762 2564 815 in
2596 759 2935 815 membranis
2953 763 3223 834 scriptum
3250 762 3418 839 habef

1829 865 1954 902 mus
1984 849 2053 903 ab
2084 848 2195 903 illis
2224 848 2385 903 nobis
2429 847 2685 904 relictum
2736 855 2802 906 ut
2844 850 2902 903 in
2952 850 3063 906 illis
3093 842 3418 925 meditando

1829 953 2207 991 exerceamur.
2241 936 2398 1000 Quod
2455 943 2645 991 autem
2694 936 3003 1009 subjungit,
3034 939 3161 993 Non
3198 928 3420 1007 docebit

1829 1025 2217 1094 unusquisque
2245 1024 2562 1096 proximum
2603 1042 2767 1082 suum
2807 1029 2864 1078 et
2887 1027 3272 1099 unusquisque
3301 1018 3420 1101 ira-.-

1831 1117 1973 1165 trem
1988 1128 2173 1175 suum,
2192 1111 2382 1166 dicens
2407 1127 2418 1161 :
2434 1112 2718 1183 Cognosce
2730 1110 3050 1179 Dominum,
3072 1131 3184 1171 non
3201 1112 3272 1181 ad
3281 1133 3421 1188 pra-

1833 1217 1962 1254 sens
1985 1206 2206 1270 tempUs
2228 1200 2582 1257 referendum
2608 1206 2712 1267 est,
2732 1199 2828 1259 ubi
2874 1201 3110 1275 invicem
3131 1194 3419 1269 docemur.

1833 1288 2116 1359 sed(sicut
2140 1287 2275 1342 dicit
2302 1288 2499 1343 beatus
2525 1288 2894 1359 Augustinus)
2925 1291 3060 1346 dum
3096 1284 3425 1367 loqueretut

1832 1378 2108 1450 propheta
2129 1377 2401 1431 Jeremias
2417 1377 2486 1431 de
2516 1377 2696 1448 primo
2725 1376 2949 1432 Domini
2970 1378 3425 1451 adventu,subito

1835 1466 2108 1520 convertit
2138 1466 2362 1521 oculum
2414 1465 2618 1520 mentis
2665 1465 2737 1520 ad
2763 1460 3092 1534 secundum,
3124 1476 3426 1541 postquam

1833 1571 1998 1617 nemo
2013 1553 2236 1608 docebit
2252 1554 2566 1624 proximum
2598 1571 2763 1611 suum
2803 1561 2867 1609 ut
2896 1561 3196 1626 cognoscat
3221 1558 3426 1631 Dawn,

1835 1642 2100 1713 quoniam
2128 1641 2290 1696 electi
2320 1641 2488 1713 positi
2520 1643 2576 1696 in
2606 1645 2728 1713 ejus
2768 1644 3243 1715 contemplatione
3285 1634 3432 1717 vide-,-

169 1739 279 1808 lege
304 1714 453 1789 enim
485 1733 627 1786 dixit
651 1733 949 1804 hoc,quam
971 1731 1435 1803 quinquagesimo
1456 1713 1551 1786 die
1568 1713 1815 1801 egres-B
1834 1731 1977 1785 bunt
1999 1736 2057 1785 et
2071 1736 2408 1800 cognoscent
2428 1745 2553 1785 eum
2592 1731 2756 1786 sicuti
2774 1737 2877 1785 est.
2908 1713 3051 1787 Nam
3079 1732 3139 1786 in
3166 1713 3431 1805 praesenti

170 1823 327 1877 sionis
356 1820 587 1901 illorum
614 1820 684 1874 de
712 1828 867 1875 terra
896 1819 1142 1891 Egypti,
1175 1820 1363 1873 datam
1386 1834 1506 1873 esse
1536 1823 1757 1873 constat
1843 1819 2004 1885 (sicut
2028 1818 2285 1887 diximus)
2313 1818 2580 1873 docemur
2616 1818 2673 1872 in
2702 1817 2958 1874 invicem.
3017 1810 3220 1876 Postea
3257 1823 3431 1893 etiam

170 1908 224 1966 in
243 1915 433 1965 monte
462 1908 637 1976 Sinai,
670 1909 728 1962 in
759 1925 871 1980 qua
918 1924 1031 1962 non
1085 1913 1520 1980 permanserunt
1569 1913 1758 1979 patres
1841 1913 2197 1979 peccatorum
2222 1905 2447 1960 illorum
2478 1922 2591 1960 non
2619 1906 2727 1962 erit
2754 1925 2987 1975 memor,
3013 1910 3279 1981 quoniam
3308 1930 3433 1985 om:

171 2016 371 2063 eorum,
405 1997 509 2053 sed
539 1998 792 2052 fecerunt
818 1995 1057 2051 vitulum
1085 1995 1484 2050 conﬂatibilem
1516 1996 1573 2050 in
1591 1996 1756 2059 Oreb,
1843 2013 1942 2050 nes
1969 1995 2261 2066 exspoliati
2287 1992 2357 2048 ab
2384 1995 2537 2049 omni
2594 1995 2710 2050 fece
2763 1998 3123 2059 mortalitatis
3171 2005 3228 2055 et
3245 2017 3435 2066 corru-

174 2094 223 2159 et
250 2088 631 2143 adoraverunt
658 2086 840 2143 illum.
867 2086 1014 2139 Nam
1045 2084 1185 2139 illud
1225 2085 1372 2156 quod
1397 2083 1610 2156 pepigit
1633 2100 1761 2137 cum
1844 2085 2051 2156 ptionis
2075 2082 2345 2155 corporis,
2380 2088 2437 2137 et
2463 2083 2838 2140 mutabilitate
2866 2091 3037 2158 atque
3059 2094 3307 2159 peccato,
3339 2106 3439 2144 re-

169 2156 544 2245 Abraham,in
573 2173 796 2229 Christo
822 2173 1165 2245 completum
1191 2178 1277 2226 est
1303 2172 1363 2225 in
1392 2178 1503 2243 Quo
1530 2168 1765 2226 benedi-
1847 2172 2208 2227 surrectionis
2223 2172 2405 2241 gloria
2418 2170 2609 2226 donati
2623 2171 2918 2244 fulgebunt
2945 2156 3094 2230 sicut
3119 2156 3308 2248 angeli
3337 2162 3438 2233 Del

171 2270 359 2320 centur
387 2280 591 2318 omnes
618 2267 835 2335 gentes.
1849 2259 1910 2316 in
1936 2260 2108 2315 caelis.
3170 2305 3178 2314 .
3302 2320 3325 2335 Α,
3426 2318 3431 2323 ,

238 2354 374 2421 Quia
401 2354 506 2406 hoc
552 2359 627 2405 est
672 2355 1058 2405 testamentum
1088 2351 1233 2419 quod
1259 2351 1548 2418 disponam
1578 2348 1772 2402 domui
1923 2350 2159 2405 Dicendo
2185 2355 2372 2403 autem
2424 2367 2629 2404 novum
2675 2346 2935 2406 veteran-it
2958 2356 3145 2422 prius.
3201 2343 3442 2422 Sumens

180 2418 592 2507 Israel,scilicet
612 2438 984 2499 credentibus,
1006 2418 1125 2507 post
1142 2438 1254 2492 dies
1278 2439 1564 2506 illos,dicit
1588 2437 1775 2492 Domi—
1851 2439 2153 2509 Apostolus
2172 2438 2432 2493 ﬁduciam
2448 2440 2902 2495 etauctoritatem
2927 2418 2991 2495 ex
3016 2430 3179 2511 dictis
3200 2418 3449 2515 prophe-

172 2530 449 2595 nus,dabo
473 2532 608 2597 leges
629 2545 775 2581 meas
798 2531 857 2581 in
881 2533 1059 2581 mente
1088 2542 1300 2592 eorum,
1349 2532 1397 2579 et
1426 2529 1489 2579 in
1514 2526 1770 2579 cordibus
1853 2526 2000 2594 ticis,
2030 2526 2125 2582 ubi
2150 2527 2359 2581 dicitur
2383 2547 2394 2581 :
2430 2522 2841 2583 Consummabo
2874 2530 3300 2587 Testamentum
3332 2533 3449 2607 No-

169 2635 349 2674 eorum
371 2619 788 2686 superscribam
832 2632 949 2669 eas:
977 2621 1026 2669 et
1047 2632 1137 2670 ero
1164 2618 1237 2668 eis
1259 2619 1321 2669 in
1356 2615 1545 2678 Deum,
1577 2619 1627 2668 et
1664 2615 1773 2682 ipsi

169 2713 323 2761 erunt
349 2708 508 2760 mihi
536 2709 596 2760 in
625 2708 893 2773 populum
916 2723 932 2755 :
960 2711 1010 2759 et
1031 2721 1141 2758 non
1165 2705 1369 2759 docebit
1394 2705 1771 2771 unusquisque

164 2800 489 2864 proximum
514 2780 700 2857 suum,
731 2798 779 2847 et
804 2795 1181 2862 unusquisque
1210 2788 1448 2860 fratrem
1479 2808 1665 2857 suum,
1689 2792 1772 2843 di-

169 2898 282 2937 cens
301 2902 317 2935 :
344 2884 456 2950 Uog
468 2898 620 2935 nosce
634 2882 956 2947 Dominum,
981 2885 1243 2950 quoniam
1258 2897 1441 2935 omnes
1457 2882 1773 2947 cognoscent

169 2987 248 3025 me
264 2975 539 3040 amajore
560 2986 727 3037 usque
739 2971 812 3023 ad
832 2972 1103 3023 minorem
1124 2970 1477 3037 eorum,quia
1492 2968 1771 3035 propitius

1794 3023 1839 3083 Ο

1850 2634 1980 2671 vum
2007 2632 2175 2686 super
2196 2615 2425 2669 domum
2452 2615 2645 2683 Israel,
2680 2614 2925 2671 ostendit
2951 2634 3116 2674 verus
3136 2619 3257 2689 jam
3287 2612 3452 2693 liqui-

1853 2703 1979 2759 dius
2008 2720 2129 2758 esse
2157 2703 2484 2757 ﬁniendum.
2518 2701 2764 2759 Dicendo
2793 2708 3006 2772 autem,
3028 2705 3447 2763 Consummabo

1852 2794 2071 2848 Novum
2099 2792 2545 2853 Testamentum.
2575 2791 2820 2846 ostendit
2846 2793 2905 2846 in
2925 2799 3260 2850 vetustatem
3291 2788 3446 2855 redi-

1850 2882 1927 2953 gi,
1959 2881 2073 2935 sive
2097 2884 2377 2934 vetustum
2402 2878 2546 2934 efﬁci
2573 2879 2713 2934 illud
2742 2873 2892 2952 quod
2918 2887 3043 2937 erat
3080 2882 3259 2955 prius,
3288 2875 3437 2951 unde

1852 2969 2143 3041 subjungit
2173 2988 2185 3022 :
2216 2970 2367 3037 Quod
2386 2973 2572 3022 autem
2592 2972 2930 3037 antiquetur
2944 2976 2995 3025 et
3013 2975 3258 3043 senescit,
3277 2988 3446 3043 prope

167 3074 254 3113 ero
274 3058 963 3128 iniquitatibuseorum,et
973 3063 1322 3126 peccatorum
1342 3072 1537 3110 eorum
1560 3071 1670 3109 non
1691 3071 1774 3108 re-
1794 3057 2146 3112 uinteritum
2178 3062 2271 3124 est,
2311 3057 2471 3128 quasi
2510 3057 2774 3112 diceret:
2826 3058 2970 3124 Quia
3011 3076 3197 3116 sermo
3227 3060 3450 3118 divinus

168 3149 427 3202 cordabor
459 3149 732 3213 amplius.
778 3146 981 3215 Magna
1005 3144 1276 3198 distantia
1304 3148 1391 3198 est
1417 3143 1567 3198 inter
1589 3142 1772 3213 legem

167 3238 219 3289 et
234 3236 438 3306 legem.
480 3233 631 3288 inter
654 3234 988 3305 scripturam
1021 3238 1077 3287 et
1105 3233 1462 3303 scripturam.
1498 3232 1646 3285 inter
1671 3231 1772 3285 do-

170 3328 343 3378 ctores
361 3322 518 3394 legis
544 3322 912 3392 doctoresque
943 3321 1248 3392 Evangelii,
1266 3321 1412 3375 inter
1434 3320 1680 3374 litteram
1718 3324 1774 3373 et

173 3413 409 3482 gratiam
441 3410 722 3483 spiritalis
750 3409 1151 3479 intelligentiae.
1212 3409 1353 3462 Nam
1408 3408 1599 3462 littera
1633 3407 1774 3479 legis

170 3502 369 3572 scripta
394 3505 487 3556 est
510 3500 571 3553 in
599 3498 809 3552 tabulis
837 3498 1090 3569 lapideis,
1113 3498 1300 3567 gratia
1330 3503 1517 3552 autem
1555 3497 1777 3568 spirita-

173 3587 646 3658 lisintelligentia:
675 3584 903 3639 dataest
932 3585 1190 3639 ﬁdelibus
1213 3602 1311 3656 per
1337 3584 1604 3656 Spiritum
1644 3602 1775 3639 san-

170 3683 314 3730 ctum
337 3694 445 3748 per
460 3692 636 3747 quem
663 3674 907 3728 Charitas
941 3674 1037 3729 Dei
1072 3674 1275 3728 diffusa
1305 3678 1392 3727 est
1431 3673 1488 3726 in
1516 3670 1777 3726 cordibus

1854 3163 1953 3218 per
1974 3146 2081 3200 hoc
2110 3146 2256 3217 quod
2287 3144 2425 3199 dixit
2451 3145 2876 3201 Testamentum
2905 3149 3122 3204 Novum
3171 3140 3448 3219 futurum,

1855 3239 1911 3288 et
1936 3238 2219 3287 vetustum
2253 3249 2374 3287 esse
2402 3233 2579 3303 prius,
2611 3228 2782 3287 datur
2808 3232 3049 3306 intelligi
3070 3235 3226 3312 quia,
3242 3236 3290 3299 si
3310 3239 3456 3293 anti-

1857 3327 2081 3392 quatur,
2114 3327 2170 3375 et
2200 3326 2481 3375 vetustum
2511 3326 2596 3376 est
2624 3322 2780 3390 prius
2804 3328 3227 3392 testamentum,
3249 3325 3309 3381 in
3323 3343 3457 3399 pro-

1856 3409 2004 3463 ximo
2030 3417 2115 3462 est
2143 3414 2207 3462 ut
2234 3408 2495 3475 intereat,
2545 3408 2827 3481 ﬁnemque
2878 3412 3128 3483 recipiat.
3162 3414 3281 3468 Hoc
3322 3432 3455 3473 vero

1858 3496 2285 3567 intelligendum
2316 3502 2401 3551 est
2427 3513 2538 3551 non
2559 3496 2629 3550 de
2652 3500 2948 3571 praeceptis
2970 3501 3095 3555 vitae
3119 3517 3184 3556 ac
3207 3516 3453 3575 morum,

1857 3586 1915 3639 in
1942 3584 2142 3655 quibus
2173 3584 2258 3638 lex
2286 3589 2478 3638 manet
2502 3582 2845 3639 concordans
2874 3604 2999 3641 cum
3029 3580 3457 3659 Evangelio,sed

1858 3673 1927 3727 de
1953 3672 2232 3726 mandatis
2264 3672 2665 3726 sacriﬁciorum
2694 3674 3023 3741 carnalium,
3056 3676 3114 3729 in
3135 3676 3336 3747 quibus
3350 3679 3454 3739 ad-

172 3762 444 3819 ﬁdelium.
481 3764 610 3818 Hoc
639 3768 824 3817 autem
841 3762 990 3833 quod
1026 3760 1347 3825 dicit,Dabo
1375 3762 1527 3832 leges
1546 3778 1700 3815 meas
1719 3761 1778 3817 in

170 3860 355 3910 mente
386 3870 618 3921 eorum,
653 3858 709 3907 et
734 3853 793 3906 in
817 3852 1079 3906 cordibus
1125 3868 1319 3907 eorum
1366 3852 1779 3923 superscribam

172 3958 280 4005 eas,
306 3940 645 4016 sp‘ecialiter
675 3941 745 3996 ad
802 3946 1023 3996 sanctos
1063 3941 1344 4012 apostolos
1381 3938 1641 4012 pertinet,
1683 3941 1780 4012 qui

167 4032 410 4101 gratiam
433 4030 589 4086 Novi
602 4030 944 4084 Testamenti
962 4046 1074 4083 non
1090 4029 1412 4084 habuerunt
1429 4029 1693 4102 scriptam
1720 4026 1781 4084 in

170 4119 376 4175 tabulis
403 4118 677 4191 lapideis,
698 4135 880 4189 neque
900 4118 957 4171 in
991 4117 1353 4184 membranis,
1384 4114 1482 4174 sed
1510 4118 1567 4172 in
1591 4124 1780 4174 mente
1933 4116 2139 4172 Habuit
2166 4118 2385 4186 quidem
2411 4122 2461 4171 et
2482 4123 2646 4186 prius
2658 4122 3116 4188 justiﬁcationem
3142 4129 3376 4184 cultura:
3407 4137 3459 4187 at

171 4211 224 4263 et
252 4208 308 4262 in
339 4207 621 4263 cordibus
659 4206 775 4261 suis
810 4204 1077 4261 divinitus
1125 4212 1408 4261 exaratam
1438 4206 1776 4262 habuerunt.
1864 4212 2119 4259 sanctum
2133 4200 2581 4262 secularePrius
2598 4207 2824 4279 quidem
2837 4215 3238 4269 testamentum
3259 4216 3459 4275 habuit

169 4296 423 4351 Primum
444 4296 680 4370 quidem
698 4300 828 4350 ante
847 4294 1190 4349 Dominicam
1204 4295 1520 4367 passionem
1535 4296 1779 4367 quando,
1797 4375 1833 4380 _
1860 4292 2290 4364 justiﬁcationes
2307 4295 2560 4363 culturas,
2581 4295 2711 4368 quia
2732 4315 2833 4369 per
2850 4298 3098 4356 divinum
3130 4304 3348 4361 cultum
3373 4310 3462 4380 ju-

172 4384 314 4441 sicut
336 4386 658 4441 Matthaaus
683 4396 897 4449 narrat,
924 4382 1178 4439 ascendit
1199 4384 1257 4438 in
1287 4389 1556 4451 montem,
1594 4375 1846 4456 ibiqueD
1864 4381 2517 4439 stiﬁcabanturhomines
2544 4402 2579 4439 a
2598 4386 2899 4443 levioribus
2922 4391 3138 4463 culpis:
3172 4375 3387 4453 habuit
3402 4405 3461 4459 et

171 4489 293 4530 cum
324 4474 445 4529 illis
492 4472 661 4528 illum
708 4472 986 4544 prolixum
1016 4486 1331 4548 sermonem
1357 4470 1573 4537 habuit,
1595 4473 1781 4528 ubiin-
1872 4476 2128 4526 sanctum
2154 4473 2440 4540 saaculare,
2473 4473 2534 4528 in
2562 4491 2673 4545 quo
2717 4477 2903 4532 saeculi
2932 4479 3204 4547 homines,
3244 4485 3350 4540 hoc
3377 4492 3465 4542 est

172 4560 392 4618 stitutio
416 4561 609 4618 totius
662 4562 921 4633 perfectae
966 4561 1093 4615 vitae
1134 4562 1471 4615 continetur.
1532 4562 1787 4618 Secundo
1872 4560 2111 4631 gentiles
2133 4561 2205 4615 ad
2218 4561 2567 4631 judaismum
2594 4570 3466 4639 transeuntesmecipiebat.Pate-

172 4668 298 4707 vero
314 4657 451 4723 post
468 4650 948 4706 resurrectionem
971 4666 1129 4704 suam
1162 4649 1404 4721 quando,
1437 4649 1582 4705 sicut
1609 4650 1787 4705 Lucas
1872 4647 1967 4703 bat
1997 4648 2145 4703 enim
2171 4665 2284 4703 non
2314 4650 2496 4705 solum
2523 4648 2755 4717 Judaais,
2787 4654 2885 4707 sed
2939 4655 3109 4710 etiam
3135 4659 3463 4727 gentilibus.

174 4745 443 4809 testatur,
470 4742 707 4809 aperuit
735 4741 854 4794 illis
883 4755 1101 4793 sensum
1130 4744 1193 4792 ut
1218 4740 1791 4807 intelligerenlomnia
1875 4738 2141 4793 Sanctum
2163 4755 2296 4809 ergo
2319 4740 2585 4794 saeculare
2613 4747 2773 4794 vocat
2815 4742 3000 4797 locum
3041 4746 3334 4815 atriorum,
3367 4749 3466 4806 ubi

172 4833 527 4903 ρυδεστῑρῑα
550 4826 789 4881 erantin
810 4826 917 4896 lege
935 4829 1114 4895 Moysi
1132 4832 1182 4880 et
1198 4828 1480 4896 prophetis
1500 4832 1549 4880 et
1558 4830 1792 4896 psalmis
1871 4827 2111 4899 gentiles
2128 4825 2355 4881 stabant
2376 4828 2446 4883 ad
2463 4829 2808 4883 adorandum
2838 4836 2968 4901 post
2996 4832 3237 4889 Judaeos.
3261 4837 3465 4899 Tuber,-

174 4918 235 4972 de
265 4922 386 4989 ipso
416 4919 580 4985 (Luc.
611 4930 759 4980 xxrv,
793 4916 904 4984 45):
939 4915 1140 4971 deinde
1160 4931 1289 4970 vero
1327 4915 1544 4970 decimo
1580 4915 1672 4970 die
1701 4932 1793 4970 as-

1858 3761 2117 3815 veniente
2145 3760 2367 3815 Christo
2390 3777 2557 3831 quem
2586 3760 2921 3832 ﬁgurabant,
2946 3764 3118 3819 ﬁnem
3155 3772 3455 3839 acceptura

1860 3853 1985 3904 erat
2006 3849 2114 3903 lex.

2462 3975 2698 4032 CAPUT

175 5006 468 5061 censionis
503 5021 643 5069 suae,
677 5004 1009 5061 adveniente
1038 5002 1251 5076 Spiritu
1280 5008 1472 5058 sancto
1500 5003 1561 5057 in
1590 5003 1797 5074 linguis

177 5095 360 5167 igneis
392 5110 586 5166 super
611 5110 726 5165 eos,
749 5092 1012 5147 revelavit
1030 5091 1111 5145 eis
1134 5096 1199 5146 ut
1225 5097 1623 5162 cognoscerent
1642 5091 1801 5163 quid-

178 5184 314 5254 quid
344 5176 703 5238 mortalibus
730 5179 798 5235 de
847 5179 965 5235 Deo
1014 5180 1303 5234 sciendum
1335 5186 1474 5234 erat.
1510 5181 1800 5245 Quomodo

180 5273 331 5326 enim
368 5275 624 5347 possent
645 5269 998 5341 evangelista;
1035 5274 1197 5323 tanta
1236 5270 1504 5323 miracula
1544 5275 1599 5324 et
1635 5268 1805 5324 verba

1878 4918 2147 4971 naculum
2166 4920 2318 4970 enim
2334 4919 2543 4984 factum
2560 4922 2635 4971 est
2650 4920 2992 4986 primum,in
3011 4937 3118 4991 quo
3130 4925 3466 4984 candelabra

1879 5011 1928 5060 et
1943 5021 2131 5060 mensa
2146 5022 2282 5073 qur,
2306 5004 2575 5059 subaudis
2594 5022 2788 5060 mensa
2802 5007 2889 5060 vel
2905 5011 3214 5080 propositio
3233 5030 3468 5089 panum,

1880 5096 2093 5161 dicitur
2110 5100 2319 5149 sancta.
2338 5094 2463 5150 Non
2484 5095 2553 5149 de
2572 5095 2668 5149 illo
2685 5094 3048 5153 tabernaculo
3081 5100 3476 5172 disputatum:

1882 5189 1969 5240 est
1996 5183 2417 5254 hicApostolus,
2441 5184 2588 5253 quod
2605 5184 2824 5255 Moyses
2848 5185 2982 5241 fecit
3026 5188 3084 5244 in
3123 5207 3335 5248 eremo.
3369 5176 3478 5255 Ubi

1883 5271 2275 5326 tantummodo
2294 5287 2465 5324 unum
2486 5272 2882 5328 candelabrum
2917 5275 3045 5342 fuit,
3066 5279 3163 5332 sed
3182 5280 3251 5334 de
3268 5284 3475 5354 templo

179 5361 444 5417 caelestia
476 5363 615 5431 post
643 5359 763 5430 ejus
785 5358 1167 5413 ascensionem
1198 5356 1461 5424 scribere,
1493 5358 1602 5412 nisi
1644 5369 1723 5412 ea‘
1748 5359 1805 5413 in
1889 5360 2038 5430 quod
2052 5364 2245 5430 postea
2284 5359 2547 5414 Salomon
2567 5360 2859 5417 aediﬁcavit
2888 5364 2945 5418 in
2976 5366 3351 5433 Hierusalem,
3384 5364 3480 5424 ubi

182 5449 402 5505 tabulis
429 5444 633 5524 cordis
663 5446 928 5501 divinitus
958 5451 1184 5501 exarata
1213 5446 1525 5521 haberent?
1582 5453 1636 5501 et
1665 5465 1807 5523 praz-
1888 5447 2118 5503 fuerunt
2146 5448 2309 5519 plura
2337 5449 2691 5507 candelabra.
2720 5451 2879 5515 Unde
2896 5455 3046 5523 quod
3066 5456 3475 5527 dicitprimum,

182 5536 357 5614 cipue
387 5535 614 5593 beatus
639 5530 904 5607 Joannes,
935 5535 1033 5610 qui
1061 5533 1407 5609 sexagesimo
1437 5535 1633 5610 quinto
1662 5552 1811 5593 anno
1891 5553 2005 5594 non
2029 5534 2478 5593 estreferendum
2500 5539 2569 5594 ad
2592 5544 2837 5618 tempus,
2855 5524 3237 5623 sedpotiusad
3256 5545 3471 5625 locum,
