3992 6166
492 317 601 376 879

952 317 1333 375 HAYMONIS
1368 317 1852 373 HALBERSTAT.
1886 316 2110 373 EPlSC.
2143 315 2301 371 Ol’l’.
2338 290 2522 372 PARS
2553 317 2597 371 Ι.
2633 348 2693 358 -
2725 318 3098 376 COMMENT.
3130 320 3315 377 BIBL.

3644 323 3737 381 880

494 448 704 505 Dividit
731 448 880 502 enim
910 446 1049 501 illud
1079 445 1351 515 templum
1380 445 1699 498 Salomonis
1720 443 1919 498 beatus
1942 445 2086 513 Apo—
2103 443 2152 503 Α
2170 447 2519 508 sanctorum,
2541 448 2804 497 oraturus
2834 459 2935 514 pro
2952 445 3251 514 populo,et
3276 445 3551 500 Dominus
3569 451 3740 500 noster

494 539 672 593 stolus
695 537 752 590 in
786 537 896 590 duo
927 533 1324 588 tabernacula:
1358 537 1414 586 et
1468 533 1710 602 primum
1744 532 1968 602 quidem
1999 538 2086 586 ta-

2170 530 2414 599 pontifex
2436 548 2561 585 cum
2591 531 2865 601 sanguine
2908 532 3183 602 passionis
3238 549 3369 597 suae,
3403 533 3602 588 eadem
3629 551 3738 605 pas-

494 625 862 681 bernaculum
885 623 1132 694 appellat
1158 623 1308 675 illam
1343 627 1556 691 partem
1587 620 1784 690 templi
1803 620 1899 674 ubi
1926 623 2090 673 erant
2168 619 2323 673 sione
2340 624 2854 689 peracta,reserato
2887 621 3047 685 coelo,
3072 621 3277 675 Sancta
3319 627 3641 676 sanctorum
3666 640 3742 693 pe-

492 711 826 767 candelahra
855 716 911 765 et
944 726 1157 772 mensa,
1184 725 1351 779 super
1372 724 1539 778 quam
1571 707 1923 778 ponebantur
1943 707 2085 761 duo-

494 802 670 856 decim
685 817 857 871 panes
879 798 1063 860 calidi,
1088 815 1181 851 sex
1202 798 1352 857 hinc,
1399 803 1455 850 et
1509 813 1603 850 sex
1636 796 1783 861 inde,
1815 801 1871 849 et
1915 812 2086 865 super

491 905 665 963 panes
685 888 810 942 dua:
833 887 1034 959 patinae
1054 902 1256 947 aureae,
1284 886 1460 956 plenae
1480 885 1646 938 thure
1671 905 1680 937 :
1717 901 1827 938 una
1857 884 2004 951 hinc,
2028 888 2086 937 et

491 978 670 1031 altare
686 975 1073 1045 inde,eratque
1088 973 1193 1027 sibi
1206 972 1480 1027 asabbato
1495 990 1669 1044 usque
1681 973 1749 1026 ad
1762 971 2079 1040 sabbatum,

492 1073 549 1121 et
576 1070 699 1120 erat
719 1063 795 1118 ibi
825 1063 1004 1117 altare
1023 1079 1279 1128 aureum,
1303 1060 1397 1116 ubi
1425 1061 1762 1116 offerebatur
1790 1061 2081 1114 incensum

489 1152 877 1225 thymiamatis
905 1168 1070 1204 mane
1092 1158 1150 1204 et
1178 1166 1425 1221 vespere,
1451 1167 1574 1203 cum
1608 1166 1714 1219 qua
1755 1156 1913 1219 parte
1942 1155 2082 1203 tem-

486 1240 565 1313 pli
585 1239 1009 1312 comprehendit
1052 1239 1232 1292 altare
1276 1237 1748 1298 holocaustorum,
1781 1237 1927 1308 quod
1960 1241 2084 1292 erat

486 1329 591 1384 sub
619 1330 746 1383 divo
774 1336 904 1382 ante
934 1328 1080 1382 fores
1126 1325 1400 1397 templum
1435 1325 1678 1393 Domini,
1708 1325 1765 1379 in
1813 1326 1961 1395 quod
1990 1332 2078 1379 ta-

486 1412 851 1471 bernaculum
864 1416 1017 1470 licite
1032 1414 1492 1485 ingrediebantur
1502 1414 1750 1484 quotidie
1762 1414 2078 1468 sacerdotes

485 1504 758 1575 etreliqui
802 1503 1390 1563 ministri;sccundum
1431 1511 1617 1556 autem
1648 1502 2073 1556 tabernaculum

482 1593 858 1664 vultintelligi
879 1593 1081 1646 Sancta
1102 1597 1443 1653 sanctorum,
1480 1591 1631 1645 illam
1660 1591 1916 1645 videlicet
1945 1607 2074 1661 par-

480 1687 595 1737 tem
626 1682 823 1753 templi
844 1699 964 1752 quae
995 1680 1349 1734 dividebatur
1378 1679 1590 1751 pariete
1624 1679 1819 1749 viginti
1851 1678 2071 1736 cubito-

2167 708 2430 772 netravit,
2446 708 2540 761 ubi
2554 708 2773 762 assidue
2789 709 2966 770 Ileum
2988 715 3203 779 patrem
3225 716 3423 765 exorat
3448 727 3551 782 pro
3567 710 3735 771 nobis.

2167 797 2229 851 In
2250 797 2454 851 Sancta
2465 802 2785 851 sanctorum
2804 803 2927 851 erat
2954 797 3323 865 thuribulum,
3343 799 3473 870 quia
3503 800 3743 855 Christus

2165 884 2223 939 in
2252 885 2483 939 secretis
2509 886 2705 955 patriae
2735 886 2976 940 caelestis
3004 887 3263 942 consistit
3300 904 3402 958 per
3435 904 3609 960 quem
3636 905 3742 943 ora-

2164 972 2347 1027 tiones
2374 978 2596 1027 nostras
2615 973 2687 1027 ad
2717 973 2893 1027 Deum
2917 974 3143 1028 Patrem
3168 974 3483 1046 dirigimus.
3516 977 3745 1032 Arcate-

2164 1061 2431 1115 stamenti
2462 1062 2825 1116 circumtecta
2844 1078 2912 1115 ex
2940 1062 3094 1116 omni
3120 1068 3280 1133 parte
3315 1079 3476 1129 auro,
3508 1080 3646 1119 caro
3674 1070 3744 1120 est

2163 1148 2387 1204 Domini
2414 1150 2589 1204 nostri
2617 1149 2941 1213 Salvatoris,
2970 1150 3065 1222 qui
3094 1156 3292 1206 auctor
3340 1157 3425 1206 est
3461 1152 3744 1224 utriusque

2160 1239 2506 1304 testamenti,
2537 1244 2594 1292 et
2625 1239 2720 1309 qui
2750 1239 2986 1293 interius
3016 1239 3213 1310 plenus
3256 1245 3380 1295 erat
3428 1240 3741 1308 Divinitate,

2161 1331 2216 1381 et
2236 1327 2480 1381 exterius
2507 1327 2822 1397 refulgebat
2876 1327 3082 1381 virtute
3130 1328 3531 1383 miraculorum
3560 1329 3743 1385 verbo-

2159 1431 2395 1486 rumque
2423 1416 2752 1471 caelestium.
2790 1416 2853 1470 In
2878 1432 3017 1471 auro
3049 1416 3197 1470 enim
3219 1417 3363 1471 solet
3387 1417 3624 1472 claritas
3651 1435 3744 1473 ser-

2160 1503 2342 1557 monis
2371 1503 2678 1575 designari,
2708 1504 2855 1558 sicut
2883 1505 3175 1576 Sapientia
3202 1505 3370 1560 dicit:
3408 1507 3743 1581 Concupisce

2157 1592 2494 1662 sapientiam
2527 1592 2675 1647 sicut
2721 1609 2944 1648 aurum.
2975 1594 3129 1648 Urna
3149 1611 3322 1649 aurea
3349 1594 3566 1650 habens
3596 1615 3739 1653 man-

2156 1695 2247 1744 na,
2279 1679 2537 1733 Christus
2563 1685 2667 1747 est,
2700 1680 2757 1733 in
2790 1697 2901 1751 quo
2924 1697 3128 1734 manna
3153 1681 3475 1736 Divinitatis
3506 1688 3617 1751 est,
3658 1684 3739 1756 qui

476 1787 603 1825 rum
635 1776 692 1825 et
715 1749 1030 1840 Velm—quod
1058 1768 1339 1840 pendebat
1366 1749 1496 1821 ante
1538 1770 1809 1838 parietem
1856 1766 1951 1822 ubi
1981 1768 2069 1822 in-
2092 1749 2295 1822 Bdixit
2323 1787 2334 1822 :
2370 1770 2479 1835 Ego
2502 1786 2629 1821 sum
2670 1749 2833 1837 panis
2877 1771 3031 1822 virus
3080 1772 3181 1838 qui
3224 1772 3288 1823 de
3342 1775 3468 1826 calo
3503 1749 3744 1828 descendi

473 1860 751 1914 trinsecus
776 1863 900 1913 erat
919 1874 1049 1911 arca
1082 1857 1277 1927 Moysi,
1313 1857 1605 1910 continens
1646 1857 1704 1910 in
1756 1874 1816 1911 se
1849 1856 2070 1910 tabulas

475 1947 617 2019 legis
646 1955 701 2002 et
732 1963 931 2002 urnam
982 1962 1233 2007 auream,
1268 1944 1324 1998 in
1356 1962 1465 2015 qua
1496 1954 1616 1999 erat
1652 1962 1876 2008 manna,
1910 1945 2067 2015 virga

473 2052 696 2107 quoque
724 2038 911 2090 Aaron
965 2052 1087 2106 quae
1135 2035 1482 2089 fronduerat.
1513 2034 1643 2103 Ipsa
1698 2040 1886 2087 autem
1936 2050 2068 2089 arca

471 2123 641 2196 plano
670 2122 952 2177 schemate
998 2128 1121 2175 erat
1163 2121 1330 2183 facta,
1391 2120 1627 2191 ideoque
1678 2137 1848 2192 super
1883 2122 2063 2192 ipsam

467 2218 591 2266 erat
616 2211 811 2266 tabula
839 2226 1011 2264 aurea
1036 2227 1157 2280 quae
1184 2209 1572 2279 appellabatur
1589 2209 2062 2280 prepitiatorium,

466 2316 533 2354 eo
565 2299 712 2370 quod
734 2298 865 2353 inde
887 2299 1215 2368 loqueretur
1244 2298 1527 2370 Dominus
1548 2298 1724 2369 Moysi
1770 2304 1827 2352 et
1874 2315 2062 2353 sacer-

474 2366 722 2453 dotibus,
754 2392 812 2443 ct
838 2366 1009 2456 sUper
1042 2385 1219 2456 ipsam
1247 2402 1433 2438 arcam
1463 2366 1625 2439 erant
1652 2386 1762 2439 duo
1791 2386 2059 2440 cherubin

465 2493 589 2549 quae
616 2476 741 2530 aliis
770 2476 885 2531 suis
915 2474 1329 2529 obumbrabant
1353 2473 1600 2529 tabulam
1660 2474 2054 2545 propitiatorii,

462 2566 747 2637 versisque
773 2564 1020 2620 vultibus
1046 2562 1419 2635 respiciebant
1475 2563 1531 2618 in
1577 2564 2052 2635 propitiatorium.

466 2654 531 2710 In
560 2654 715 2709 istud
747 2653 1051 2708 secundum
1107 2651 1555 2716 tabernaculum,
1588 2653 1692 2706 hoc
1738 2660 1823 2707 est
1855 2654 2059 2709 Sancta

460 2748 804 2806 sanctorum,
828 2759 994 2796 nemo
1016 2741 1232 2811 ingredi
1255 2740 1515 2801 audebat,
1553 2739 1662 2794 nisi
1691 2742 1844 2795 solus
1868 2741 2055 2811 ponti-

461 2830 549 2886 fex
579 2831 754 2886 semel
773 2831 829 2885 in
876 2847 1044 2895 anno,
1070 2829 1163 2900 qui
1196 2834 1421 2900 accepto
1450 2829 1723 2899 sanguine
1754 2828 1809 2883 in
1832 2832 2059 2885 vasculo

459 2918 889 2991 ingrediebatur
912 2920 1066 2973 intus
1095 2924 1357 2972 oraturus
1407 2935 1507 2988 pro
1553 2918 1778 2989 p0pulo,
1821 2919 2057 2989 septima

461 3002 681 3062 decima
709 3008 968 3062 videlicet
996 3007 1086 3060 die
1112 3006 1337 3078 septimi
1364 3007 1573 3060 mensis
1599 3023 1633 3059 a
1652 3007 1952 3061 festivitate
1967 3026 2059 3079 pa-

456 3096 652 3163 schali,
687 3113 810 3167 quae
839 3095 959 3149 dies
989 3094 1381 3164 appellabatur
1428 3094 1652 3164 quidem
1703 3097 2056 3167 propitiatio-

455 3185 563 3245 nis.
595 3184 652 3238 in
673 3184 979 3238 crastinum
1004 3189 1191 3236 autem
1225 3182 1851 3252 sequebaturfestivitas
1865 3185 2055 3240 taber-

454 3270 1197 3341 naculorum.Spiritualiter
1217 3276 1404 3325 autem
1436 3271 1571 3325 illud
1596 3272 1839 3342 primum
1871 3274 2053 3328 taber-

454 3361 718 3416 naculum
749 3359 845 3413 ubi
877 3359 1194 3412 sacerdotes
1224 3358 1372 3412 licite
1423 3359 1900 3430 ingrediebantur,
1933 3367 2050 3416 sta-

450 3455 573 3505 tum
596 3447 887 3521 praesentis
934 3446 1188 3501 Ecclesiae
1244 3447 1540 3518 significat,
1573 3447 1668 3501 ubi
1726 3454 1858 3502 sunt
1887 3449 2051 3519 plura

448 3537 802 3601 candelabra,
827 3535 1004 3591 sancti
1055 3535 1308 3590 videlicet
1367 3536 1778 3606 praedicatores,
1811 3538 1912 3608 qui
1944 3537 2049 3592 sibi

449 3633 509 3682 et
543 3626 668 3681 aliis
693 3627 879 3681 lucent
908 3624 1074 3677 verbo
1103 3629 1161 3679 et
1181 3624 1467 3695 exemplis,
1505 3625 1584 3677 vel
1616 3625 1784 3677 etiam
1804 3625 1896 3678 ubi
1915 3634 2048 3680 sunt

450 3716 598 3771 dona
630 3715 875 3786 Spiritus
903 3713 1102 3778 sancti,
1134 3713 1337 3783 quibus
1368 3714 1800 3767 ﬁdeliumcorda
1835 3714 2045 3768 illumi-

2154 1859 2331 1923 (Joan.
2362 1871 2439 1923 γι,
2470 1855 2581 1925 41).
2624 1856 2798 1927 Virga
2826 1858 3013 1911 Aaron
3043 1874 3166 1929 qua;
3194 1858 3545 1924 fronduerat,
3570 1877 3741 1916 sacer~

2151 1944 2289 1999 dotii
2310 1945 2563 2015 dignitas
2588 1949 2692 2011 est,
2725 1962 2848 2016 quae
2898 1962 3120 2017 semper
3170 1947 3334 2001 ﬂoret
3388 1948 3447 2002 in
3505 1949 3738 2016 Christo,

2149 2034 2263 2088 sive
2283 2035 2537 2105 potentia
2568 2035 2893 2107 imperialis.
2929 2035 3064 2089 Duae
3094 2035 3297 2091 tabulae
3335 2039 3667 2093 testamenti
3691 2039 3739 2094 in

2148 2139 2277 2176 arca
2302 2124 2414 2178 duo
2440 2130 2576 2178 sunt
2601 2129 2940 2179 testamenta
2997 2124 3361 2180 consistentia
3408 2127 3467 2180 in
3499 2126 3736 2182 Christb.

2147 2210 2433 2282 Sequitur,
2462 2228 2627 2281 super
2653 2228 2772 2281 qua
2797 2217 2977 2278 erant,
3009 2212 3065 2266 id
3096 2218 3182 2267 est
3204 2229 3372 2284 super
3398 2229 3615 2283 arcam,
3638 2216 3737 2271 duo

2145 2301 2412 2354 cherubin
2460 2303 2654 2369 gloria
2681 2303 3074 2355 obumbrantia
3102 2306 3587 2371 propitiatorium.
3621 2303 3737 2360 Duo

2140 2388 2408 2443 cherubin
2469 2389 2717 2459 tegentia
2743 2405 2953 2455 arcam,
2986 2406 3108 2460 qua:
3149 2389 3601 2462 interpretantur
3626 2394 3736 2466 ple-

2141 2478 2339 2531 nitudo
2372 2477 2635 2539 scientiae,
2669 2479 2780 2533 duo
2840 2484 2974 2532 sunt
3022 2483 3382 2546 testamenta,
3414 2481 3473 2535 in
3542 2481 3736 2553 quibus

2141 2565 2431 2638 plenitudo
2462 2570 2547 2621 est
2574 2567 2817 2621 scientiae
2839 2583 2961 2638 quae
2982 2573 3181 2638 tegunt
3198 2569 3507 2634 Christum,
3542 2571 3638 2642 qui
3658 2579 3736 2625 est

2142 2654 2464 2726 propitiatio
2494 2672 2595 2725 pro
2626 2654 2865 2726 peccatis
2895 2656 3122 2724 nostris,
3155 2656 3289 2727 quia
3316 2656 3373 2711 in
3394 2657 3587 2713 divina
3603 2659 3735 2714 Scri-

2142 2749 2306 2816 ptura
2331 2744 2473 2798 latet
2496 2761 2508 2796 :
2540 2745 2603 2798 de
2620 2746 2842 2813 quibus,
2858 2744 3117 2799 omnibus
3140 2744 3408 2800 subaudis
3429 2748 3568 2817 quid
3597 2764 3737 2819 mys-

2142 2832 2300 2885 sterii
2326 2831 2382 2885 in
2410 2849 2470 2886 se
2498 2831 2725 2897 habeat,
2748 2848 2860 2886 non
2889 2838 2962 2885 est
2994 2834 3149 2887 modo
3181 2834 3480 2888 dicendum
3501 2851 3605 2903 per
3629 2838 3733 2889 sin-

2138 2923 2292 2987 gula.
2325 2919 2606 2975 Fortassis
2632 2920 2757 2974 ideo
2787 2921 3033 2988 reticuit,
3081 2920 3210 2990 quia
3238 2921 3433 2976 multis
3460 2923 3730 2978 sermoni-

2141 3006 2244 3061 bus
2265 3023 2404 3078 opus
2425 3006 2686 3075 habebat,
2718 3006 2834 3062 sive
2863 3008 2994 3078 quia
3024 3007 3261 3063 necdum
3312 3014 3479 3065 erant
3505 3027 3727 3083 capacm

2139 3096 2327 3149 omnia
2356 3112 2573 3167 capere.

2207 3186 2305 3240 His
2325 3201 2449 3239 vero
2478 3188 2561 3238 ita
2583 3186 2892 3253 compositis
2939 3191 2998 3239 et
3024 3184 3312 3253 ordinatis,
3340 3201 3466 3256 qua
3492 3186 3723 3242 diximus

2134 3290 2254 3327 esse
2280 3279 2392 3326 tam
2426 3274 2483 3327 in
2516 3274 2696 3345 primo
2726 3272 3089 3328 tabernaculo
3135 3291 3303 3345 quam
3361 3275 3420 3329 in
3463 3276 3720 3341 secundo.

2132 3360 2237 3414 hoc
2265 3367 2348 3415 est
2398 3362 2455 3416 in
2512 3362 2733 3416 Sanctis
2776 3368 3119 3427 sanctorum,
3169 3365 3233 3416 in
3278 3366 3472 3431 priori
3507 3366 3715 3433 quidem

2133 3451 2504 3512 tabernaculo,
2541 3451 2645 3504 hoc
2673 3456 2759 3504 est
2789 3451 2848 3503 in
2867 3450 2964 3503 illa
3003 3456 3163 3520 parte
3189 3450 3384 3521 templi
3409 3451 3469 3504 in
3501 3468 3615 3522 qua
3639 3452 3713 3505 al-

2132 3543 2252 3591 tare
2272 3537 2482 3592 incensi
2541 3544 2681 3603 erat,
2710 3543 2768 3593 et
2817 3543 2949 3592 ante
3000 3539 3161 3608 cujus
3213 3538 3378 3592 etiam
3431 3538 3580 3593 fores
3607 3545 3716 3595 erat

2126 3625 2305 3679 altare
2325 3625 2802 3687 holocaustorum,
2837 3643 3046 3694 semper
3076 3629 3384 3680 introibant
3425 3630 3712 3682 sacerdotes

2127 3716 2529 3780 sacriﬁciorum
2547 3716 2728 3781 ofﬁcia
2754 3721 3216 3768 consummantes.
3249 3714 3376 3769 Non
3413 3721 3505 3770 est
3532 3716 3612 3771 ita
3634 3717 3710 3770 in-

450 3812 678 3868 nantur,
715 3803 811 3874 qui
838 3819 939 3875 per
968 3803 1132 3856 ﬁdem
1158 3802 1212 3855 in
1253 3801 1498 3855 Ecclesia
1525 3802 1857 3856 consistunt.
1887 3803 1954 3856 Et
1977 3804 2046 3856 de
2129 3801 2494 3871 telligendum
2523 3801 2671 3872 quod
2730 3800 2788 3855 in
2835 3801 3046 3872 templo
3089 3817 3259 3873 super
3293 3803 3477 3860 altare
3514 3804 3711 3859 incensi

452 3910 667 3953 mensa,
699 3891 887 3946 divina
916 3891 1172 3945 videlicet
1204 3890 1511 3961 Scriptura,
1539 3890 1609 3943 de
1649 3907 1761 3960 qua
1815 3891 2047 3946 Psalmi-
2132 3889 2341 3943 hostias
2363 3890 2632 3943 offerrent
2656 3894 2755 3944 aut
2784 3889 2879 3943 ubi
2910 3890 3244 3961 perﬁcerent
3266 3891 3546 3946 sacriﬁcia
3570 3891 3709 3945 victi-

446 3989 539 4036 sta
567 3981 705 4036 dicit
731 3998 743 4033 :
778 3982 1002 4034 Parasti
1030 3983 1095 4033 in
1120 3983 1403 4047 conspectu
1423 3995 1540 4032 meo
1572 3995 1839 4033 mensam.
1875 3981 2040 4046 (Psal.
2129 3994 2368 4043 marum,
2401 3978 2497 4032 sed
2519 3977 2706 4049 potius
2758 3978 3162 4032 sacriﬁciorum
3212 3979 3396 4033 ofﬁcia
3423 3995 3708 4050 possumus

446 4084 582 4136 xxn,
620 4068 696 4136 5).
727 4069 825 4122 Est
853 4072 911 4122 et
939 4067 1246 4139 propositio
1278 4083 1484 4137 panum
1515 4066 1570 4120 in
1595 4083 1806 4130 mensa,
1821 4067 2044 4122 intelle-
2123 4064 2375 4134 aeriperc
2400 4064 2712 4131 incensum,
2736 4063 2805 4117 ad
2837 4064 2986 4135 quod
3015 4065 3362 4119 otl‘erendum
3384 4082 3610 4138 semper
3628 4067 3705 4122 in-

443 4163 568 4212 ctus
601 4157 861 4212 videlicet
883 4172 1053 4209 sacrae
1104 4155 1429 4225 Scripturae,
1463 4171 1575 4225 quo
1623 4156 1873 4225 quotidie
1901 4158 2040 4211 τετί-
2124 4151 2528 4221 grcdiebantur
2555 4151 2872 4207 sacerdotes
2887 4168 3054 4208 mane
3077 4157 3136 4207 et
3155 4169 3405 4225 vespere,
3439 4155 3557 4209 sive
3583 4172 3705 4210 cou-

443 4246 673 4299 ciuntur
692 4243 894 4297 anima:
914 4242 1183 4296 ﬁdelium.
1217 4243 1524 4295 Possumus
1543 4247 1599 4295 et
1622 4258 1722 4311 per
1739 4259 1938 4313 panem
1961 4244 2044 4298 in-
2121 4246 2404 4294 summato
2455 4246 2512 4294 et
2561 4240 2805 4311 perfecto
2852 4240 3127 4296 sacriﬁcio
3156 4246 3286 4296 ante
3322 4244 3618 4315 templum,
3654 4243 3706 4298 in

442 4333 698 4404 telligere
719 4348 920 4401 corpus
951 4335 1006 4384 et
1025 4328 1355 4399 sanguinem
1390 4329 1630 4395 Domini,
1656 4331 1805 4400 quod
1855 4332 1915 4386 in
1943 4332 2040 4387 Ec—
2058 4329 2285 4426 Daltari
2338 4330 2809 4395 holocaustorum,
2875 4346 3100 4401 semper
3150 4330 3618 4401 ingrediebantur
3651 4333 3703 4388 in

440 4421 609 4477 clesia
640 4423 1018 4475 consecratur.

510 4512 635 4565 Post
650 4512 1021 4563 cclanacntum
1044 4511 1231 4561 autem
1252 4508 1553 4560 secundum
1592 4508 2032 4576 tabernaculum,

434 4598 703 4655 subaudis
723 4598 980 4666 estquod
998 4598 1210 4650 dicitur
1227 4595 1431 4650 Sancta
1450 4602 1766 4649 sanctorum
1779 4613 2032 4660 ,aureum

436 4690 639 4744 habens
661 4687 1015 4742 thuribulum
1045 4690 1096 4739 et
1138 4700 1331 4738 arcam
1387 4688 1697 4756 testamenti
1737 4688 2031 4739 circumte-

428 4784 648 4833 rtamer
664 4780 820 4831 omni
832 4780 993 4846 parte
1012 4789 1171 4837 auro,
1196 4772 1256 4827 in
1274 4789 1385 4844 qua
1429 4789 1574 4826 urna
1608 4788 1786 4827 aurea
1816 4772 2030 4829 habens

426 4882 654 4931 manna,
688 4872 734 4919 et
764 4868 918 4932 virga
949 4865 1137 4919 Aaron
1175 4878 1295 4929 qua:
1340 4863 1691 4928 fronducrat,
1730 4867 1777 4913 et
1832 4863 2029 4917 tabulae

2119 4419 2390 4489 templum
2423 4434 2550 4471 cum
2598 4417 2842 4473 incenso.
2877 4418 3071 4474 Potest
3096 4425 3151 4474 et
3205 4420 3376 4475 tertio
3424 4423 3592 4477 modo
3626 4423 3703 4476 in-

2116 4507 2313 4577 telligi.
2348 4511 2412 4560 ut
2466 4506 2635 4573 (sicut
2686 4507 2946 4578 superius
3001 4508 3265 4578 diximus)
3331 4525 3464 4565 cum
3503 4512 3701 4583 templo

2115 4594 2291 4649 altare
2314 4596 2479 4648 etiam
2506 4595 2961 4650 holecaustorum
2986 4594 3499 4668 comprehenderit,
3526 4616 3592 4654 ac
3612 4615 3703 4672 per

2113 4683 2217 4736 hoc
2246 4700 2276 4737 a
2300 4691 2457 4754 parte
2488 4690 2666 4737 totum
2697 4685 2941 4739 voluerit
2967 4685 3698 4756 comprehendere.Utrum-

2114 4787 2221 4842 que
2251 4776 2442 4826 tamen
2471 4789 2572 4843 pro
2595 4788 2724 4826 vero
2754 4772 2929 4844 accipi
2968 4778 3174 4844 potest.
3208 4771 3278 4829 In
3332 4777 3572 4831 secundo
3597 4792 3694 4829 au-

2113 4848 2214 4913 tem
2237 4862 2400 4914 srmo!
2421 4864 2481 4913 in
2511 4876 2661 4914 anno
2684 4863 2830 4915 solus
2846 4860 3103 4930 pontifex
3130 4877 3245 4917 non
3284 4864 3406 4917 sine
3434 4866 3693 4932 sanguine

425 4955 753 5008 testamenti.
784 4953 863 5007 De
887 4951 977 5005 bis
1000 4951 1237 5020 singulis
1260 4950 1542 5020 quomodo
1573 4955 1631 5004 et
1670 4948 1911 5019 qualiter
1938 4967 2027 5005 es-
2112 4964 2277 5018 quem
2302 4949 2466 5002 oﬁ‘ert
2494 4965 2593 5019 pro
2620 4964 2722 5003 sua
2751 4955 2809 5003 et
2859 4948 3051 5021 populi
3093 4949 3442 5021 ignorantia.
3490 4951 3690 5006 Secun-

421 5045 548 5095 sent
572 5040 849 5105 ordinata,
911 5039 1217 5093 secundum
1268 5038 1512 5092 litteram
1574 5038 1742 5108 paulo
1767 5039 2025 5107 superius
2107 5035 2241 5090 dum
2271 5044 2458 5090 autem
2492 5036 2917 5092 tabernaculum
2960 5037 3020 5092 in
3065 5037 3216 5108 quod
3266 5037 3420 5093 solus
3458 5037 3688 5110 pontifex

419 5127 761 5183 elucidatum
795 5133 898 5189 est,
925 5131 1268 5198 quapropter
1292 5126 1608 5197 spiritualia
1652 5125 1919 5197 mysteria
1949 5127 2023 5181 vi-
2103 5141 2228 5178 cum
2256 5125 2531 5195 sanguine
2552 5124 2991 5196 ingrediebatur,
3014 5124 3295 5196 signiﬁcat
3311 5125 3580 5181 interiora
3594 5142 3685 5197 pa-

416 5216 676 5272 deamus.
704 5216 903 5269 Velum
927 5220 1054 5286 post
1071 5216 1218 5285 quod
1241 5221 1363 5269 erat
1393 5214 1836 5279 tabernaculum,
1867 5215 2017 5285 quod
2101 5213 2223 5268 trite
2245 5213 2514 5280 caelestis;
2554 5213 2649 5268 ille
2664 5229 2795 5269 vero
2816 5213 3064 5285 pontifex
3076 5213 3361 5284 signiﬁcat
3387 5214 3676 5279 Christum,

411 5305 806 5378 appellabatur
825 5304 1031 5358 Sancta
1056 5308 1404 5368 sanctorum,
1433 5320 1599 5358 causa
1623 5320 1736 5358 suae
1768 5303 2014 5373 dignita-
2097 5302 2194 5373 qui
2219 5302 2392 5356 semel
2413 5302 2700 5372 ingressus
2719 5308 2806 5356 est
2839 5301 3045 5356 Sancta
3071 5308 3395 5357 sanctorum
3426 5302 3572 5357 intra
3593 5317 3677 5354 ve-

405 5396 496 5457 tis,
531 5394 676 5449 sicut
700 5399 757 5448 et
787 5391 1016 5447 Cantica
1048 5391 1414 5457 canticorum,
1454 5392 1733 5462 signiﬁcat
1781 5393 2001 5457 coelum,
2097 5390 2528 5461 lum,completa
2544 5391 2805 5462 passione
2828 5407 2949 5456 sua,
2977 5396 3044 5445 ut
3061 5391 3329 5446 assistant
3347 5407 3499 5446 nunc
3512 5387 3671 5444 vultui

402 5489 529 5559 post
553 5482 703 5555 quod
731 5486 865 5537 sunt
895 5480 1163 5534 interiora
1218 5478 1414 5550 patriae
1468 5480 1727 5534 caelestis.
1775 5479 2002 5535 Elevato
2086 5478 2187 5534 Dei
2219 5495 2320 5549 pro
2350 5479 2508 5534 nobis
2535 5495 2720 5544 orans,
2744 5495 2857 5534 non
2898 5495 3000 5550 pro
3038 5479 3173 5543 suis,
3206 5480 3305 5534 sed
3340 5497 3444 5552 pro
3464 5476 3674 5535 nostris

400 5574 541 5641 velo,
560 5569 982 5646 ingrediebatur
997 5569 1245 5641 pontifex
1265 5584 1391 5624 cum
1420 5567 1693 5639 sanguine
1716 5569 1775 5624 in
1793 5569 2000 5624 Sancta
2081 5567 2320 5630 delictis.
2369 5567 2479 5623 nisi
2522 5567 2668 5624 forte
2690 5567 2913 5624 dicatur
2938 5583 3103 5625 orare
3129 5584 3231 5641 pro
3258 5567 3400 5639 suis,
3447 5572 3661 5641 propter
