3992 6166
294 231 390 292 881

982 244 1363 302 EXPOSITIO
1396 250 1471 303 IN
1508 251 1657 305 EPP.
1699 251 1753 305 S.
1792 250 2021 304 PAULl.
2062 280 2129 289 —
2160 251 2234 304 ΙΝ
2268 252 2488 306 EPIST.
2524 252 2617 306 AD
2658 252 2863 305 [{EBR.

3458 249 3559 306 88⁸2

294 361 735 418 communionem
767 381 934 436 quam
967 366 1136 422 habet
1164 387 1289 425 cum
1320 389 1551 444 corpore
1579 392 1699 436 suo,
1733 376 1879 447 quod
1899 376 2202 435 Actrinam
2255 375 2642 430 haereticorum
2695 374 3061 429 nihilominus
3107 372 3375 428 debemus
3419 374 3567 428 acci-

293 455 377 504 est
398 449 645 505 Ecclesia
664 470 675 505 :
697 454 847 508 unde
866 456 1001 510 dicit
1020 458 1079 511 in
1098 460 1539 529 passionezlleus,
1556 465 1695 517 Deus
1708 480 1877 529 meus,

293 542 354 590 ut
384 540 521 605 quid
549 556 633 593 me
656 542 1002 610 dereliquisti
1022 551 1045 598 Ρ
1074 551 1228 615 longe
1256 565 1291 601 a
1330 553 1506 603 salute
1557 569 1674 604 mea
1723 553 1885 606 verba

288 627 614 683 delictorum
642 614 893 685 m'eorum
917 632 1086 702 (Psal.
1113 649 1222 701 xxr,
1270 634 1336 707 1).
1389 637 1523 702 Quae
1560 644 1693 693 sunt
1735 640 1884 694 enim

289 713 458 769 verba
478 715 809 773 delictorum
821 721 930 774 nisi
953 724 1201 794 corporis
1221 725 1342 794 ejus
1363 727 1509 797 quod
1530 744 1632 781 nos
1650 745 1846 782 sumus
1861 729 1886 781 Ἰ

288 802 404 870 Ipse
446 807 600 860 enim
636 815 925 876 peccatum
971 827 1083 865 non
1133 814 1280 880 fecit,
1312 831 1408 868 nec
1434 817 1593 870 dolus
1632 818 1887 871 inventus

287 895 366 945 est
394 894 459 946 in
485 908 578 948 ore
613 898 731 965 ejus
760 897 820 968 (Ι
835 900 978 952 Petr.
1009 913 1071 966 ιι,
1104 899 1216 969 22),
1250 903 1348 957 hoc
1383 906 1731 971 signiﬁcante
1759 903 1887 972 Spi-

284 981 409 1033 ritu
423 987 611 1036 sancto
625 985 875 1041 nondum
892 991 1242 1057 propalatam
1255 1006 1362 1045 esse
1379 998 1695 1047 sanctorum
1716 996 1885 1055 viam,

284 1065 343 1122 id
373 1073 481 1136 est,
507 1070 614 1126 hoc
634 1071 987 1144 signiﬁcante
1016 1077 1228 1148 Spiritu
1275 1086 1467 1133 sancto
1516 1081 1584 1134 ad
1632 1080 1885 1152 Moysen,

283 1156 538 1213 nondum
564 1160 783 1216 venisse
811 1163 1096 1219 Christum
1128 1166 1222 1236 qui
1253 1169 1425 1222 semel
1455 1186 1580 1223 cum
1615 1170 1887 1239 sanguine

280 1245 563 1314 passionis
590 1263 707 1305 sua:
732 1249 1124 1320 ingrederetur
1146 1256 1412 1310 caelorum
1426 1260 1696 1323 “secreta,
1724 1259 1885 1328 quasi

279 1332 633 1390 diceretaliis
650 1337 861 1393 verbis:
879 1340 1011 1395 Ideo
1027 1342 1178 1396 solus
1194 1344 1441 1414 pontifex
1457 1361 1582 1399 cum
1609 1348 1883 1416 sanguine

279 1420 533 1478 intrabat
563 1426 736 1480 semel
781 1427 840 1482 in
881 1428 1087 1485 Sancta
1113 1438 1454 1499 sanctorum,
1487 1439 1553 1487 ut
1600 1434 1883 1490 discamus

276 1510 414 1581 quia
431 1513 653 1567 caeleste
672 1531 908 1585 regnum
929 1518 1308 1574 inaccessibile
1323 1528 1446 1576 erat
1470 1522 1653 1576 adhuc
1675 1529 1882 1577 morta-

1966 479 2118 534 pere.
2156 464 2235 517 De
2266 463 2696 534 baptismatibus
2724 479 2850 516 vero
2873 461 3198 516 Judzeorum
3244 462 3463 533 plenius
3509 463 3569 515 in

1968 551 2267 621 Evangelio
2296 552 2465 605 Marci
2495 552 2719 622 legitur,
2764 549 2855 604 ubi
2887 548 3279 620 vituperabant
3303 549 3570 603 Pharisaei

1967 638 2267 693 Dominum
2292 646 2349 694 et
2367 640 2673 711 discipulos
2697 640 2820 709 ejus
2840 655 2953 692 non
2976 640 3099 691 lotis
3127 640 3389 691 manibus
3415 654 3573 691 man-

1968 728 2171 781 ducare
2202 729 2405 796 (Marc.
2439 744 2531 794 vn,
2560 728 2636 797 ‘2).
2670 728 2880 782 Omnes
2920 726 3069 780 enim
3109 726 3416 780 lavationes
3446 725 3568 780 illo-

1966 831 2091 869 rum
2124 816 2349 870 nomine
2396 817 2793 898 baptismatum
2838 815 3223 885 designantur.
3256 813 3571 885 Aliquando

1972 908 2160 957 autem
2189 919 2390 958 manus
2410 904 2761 959 solummodo
2799 903 3005 967 lavant,
3043 900 3346 972 aliquando
3376 902 3567 972 pedes,

1972 990 2277 1061 aliquando
2328 996 2511 1046 totum
2559 1008 2762 1063 corpus
2807 991 3030 1062 quando
3070 995 3171 1045 aut
3210 989 3423 1060 aliquid
3462 989 3571 1042 im-

1971 1079 2244 1133 mundum
2275 1080 2628 1151 contingunt,
2657 1085 2756 1134 aut
2784 1080 2954 1133 etiam
2984 1079 3031 1133 si
3058 1078 3130 1132 ad
3167 1085 3453 1131 mortuum
3476 1092 3573 1131 ac-

1969 1168 2195 1221 cedunt.
2223 1168 2329 1222 Sed
2351 1169 2560 1222 frustra
2580 1171 2763 1222 lavant
2786 1183 2988 1221 manus
3024 1182 3339 1238 corpusque
3366 1171 3573 1227 totum,

1967 1255 2100 1309 dum
2120 1262 2498 1310 contemnunt
2519 1257 2673 1310 fonte
2699 1254 3002 1311 Salvatoris
3035 1254 3207 1309 ablui.
3250 1254 3395 1308 Nam
3423 1252 3572 1324 quod

1966 1345 2242 1414 prephcta
2272 1344 2409 1398 dicit
2437 1364 2447 1397 :
2478 1347 2791 1404 Larann‘ni,
2818 1342 3019 1396 mundi
3046 1348 3223 1407 estote,
3253 1348 3301 1395 et
3330 1342 3568 1394 munda-

1966 1435 2116 1486 mini
2136 1436 2235 1501 qui
2264 1436 2423 1499 fertis
2447 1449 2578 1486 rasa
2609 1434 2834 1485 Domini
2864 1433 2995 1501 (Isa.
3028 1448 3062 1495 ι,
3096 1426 3208 1500 16),
3240 1429 3322 1483 illi
3347 1429 3566 1483 solum-

1965 1521 2130 1575 modo
2164 1521 2465 1575 carnaliter
2493 1520 2902 1589 intelligebant,
2930 1535 3056 1573 cum
3091 1517 3277 1590 potius
3311 1518 3381 1571 de
3408 1517 3561 1570 lava-

269 1597 814 1675 libus,quoadusque
833 1605 1044 1661 veniret
1071 1608 1327 1663 Christus
1355 1611 1471 1681 qui,
1497 1611 1712 1681 expleta
1744 1629 1874 1682 pas-
1955 1608 2109 1663 tione
2126 1608 2483 1681 baptismatis
2499 1609 2705 1663 Christi
2727 1606 3070 1662 etmunditia
3089 1621 3324 1677 operum
3348 1604 3563 1659 dictum

268 1685 434 1742 sione
452 1706 572 1782 sua,
598 1692 845 1762 aperiret
863 1694 1024 1750 nobis
1037 1697 1274 1767 januam
1294 1699 1489 1770 patria:
1505 1699 1766 1766 cmlestis,
1791 1717 1874 1755 re-
1953 1696 2043 1750 sit.
2060 1698 2176 1751 Ista
2203 1697 2393 1751 omnia
2422 1697 2684 1768 imposita
2714 1702 2878 1749 erant
2898 1710 3077 1765 usque
3099 1694 3171 1747 ad
3191 1699 3416 1764 tempus
3435 1710 3563 1746 cor-

265 1782 462 1831 serato
479 1779 620 1845 velo,
647 1781 704 1835 id
733 1789 820 1837 est
838 1785 995 1838 coelo.
1018 1785 1277 1841 Nondum
1305 1787 1455 1841 enim
1483 1792 1607 1842 erat
1635 1779 1924 1842 manife-—
1957 1785 2241 1849 rectionis,
2265 1785 2371 1840 hoc
2395 1791 2478 1839 est
2501 1801 2678 1856 usque
2698 1784 2766 1837 ad
2789 1790 3013 1854 tempus
3052 1781 3331 1837 Dominici
3359 1781 3565 1835 adven-

261 1868 422 1918 stata
435 1874 756 1924 sanctorum
775 1871 864 1925 via
878 1872 1300 1943 ingrediendiin
1314 1876 1551 1947 patriam
1568 1877 1871 1943 coilestem,
1957 1878 2068 1928 tus.
2089 1874 2292 1928 Postea
2312 1890 2442 1927 vero
2463 1873 2762 1927 immutata
2791 1878 2924 1926 sunt
2949 1888 2982 1925 a
3004 1871 3228 1924 Christo
3249 1869 3308 1923 in
3336 1869 3558 1934 melius,

267 1951 392 2007 sive
427 1971 540 2010 non
570 1958 870 2013 manifesta
913 1962 1001 2014 via
1037 1962 1437 2034 intelligentiae,
1479 1965 1612 2035 quia
1648 1966 1873 2036 ignora-
1958 1963 2089 2033 quia
2120 1962 2252 2016 dum
2281 1962 2584 2015 carnaliter
2602 1959 3061 2022 observabantur,
3079 1958 3413 2013 munditiam
3444 1973 3564 2011 cor-

263 2040 409 2097 bant
424 2045 678 2101 homines
690 2049 820 2119 quid
838 2049 1325 2119 signiﬁcarentilla
1340 2054 1625 2124 mysteria.
1645 2055 1757 2108 Nec
1770 2071 1869 2125 pu-
1954 2052 2106 2122 poris
2149 2050 2562 2121 adimplebant;
2597 2049 2730 2103 dum
2762 2065 2890 2102 vero
2916 2048 3247 2119 spiritaliter
3271 2049 3563 2116 ceperunt

259 2135 457 2187 temus
475 2133 609 2188 illuc
626 2151 730 2190 nos
744 2153 856 2191 non
870 2154 1032 2209 posse
1050 2139 1268 2210 ingredi
1291 2158 1400 2211 quo
1414 2142 1658 2212 pontifex
1677 2152 1867 2197 noster
1949 2140 2254 2206 observari,
2281 2138 2618 2194 munditiam
2642 2138 2845 2192 animae
2875 2137 3087 2207 pariter
3114 2138 3407 2206 coeperunt
3420 2149 3550 2204 ope-

257 2221 424 2292 prior
441 2223 728 2294 ingressus
750 2233 855 2293 est,
887 2228 1008 2297 ipse
1033 2244 1277 2300 namque
1318 2230 1455 2284 dicit
1480 2231 1549 2284 ad
1586 2231 1810 2285 Patrem
1844 2251 1856 2287 :
1945 2229 2058 2283 rari

259 2313 449 2375 Pater,
482 2316 598 2367 volo
627 2320 690 2368 ut
710 2317 807 2369 ubi
825 2332 916 2383 ego
942 2334 1088 2383 sum,
1112 2323 1159 2371 et
1188 2320 1285 2372 isti
1309 2322 1423 2372 sint
1440 2336 1650 2373 mecum
1672 2322 1857 2389 (Joan.
2024 2318 2274 2372 Christus
2300 2321 2487 2369 autem
2505 2317 2762 2369 assistens
2775 2313 3023 2382 pontifex
3044 2314 3374 2379 futurorum
3398 2311 3559 2363 bono-

259 2412 410 2465 XVII,
443 2399 551 2469 2i),
585 2408 641 2456 et
668 2404 821 2466 alibi,
846 2407 943 2459 ubi
961 2423 1085 2460 sum
1106 2423 1217 2474 ego,
1241 2410 1363 2462 illic
1378 2413 1427 2461 et
1442 2411 1700 2461 minister
1719 2426 1871 2463 meus
1953 2418 2083 2457 rum
2093 2420 2209 2472 ,per
2228 2407 2475 2472 amplius
2496 2409 2545 2456 ct
2559 2405 2854 2470 perfectius
2877 2401 3297 2454 tabernaculum
3319 2414 3428 2451 non
3442 2412 3560 2451 ma-

258 2489 374 2540 erit
406 2490 593 2556 (Joan.
623 2505 726 2556 xu,
752 2491 864 2561 26).
898 2494 964 2548 Et
993 2496 1124 2565 quia
1153 2494 1336 2549 adhuc
1365 2497 1636 2567 templum
1688 2498 1876 2551 stabat

259 2576 499 2645 quando
522 2579 823 2650 Apostolus
850 2581 958 2636 ista
982 2583 1333 2654 loquebatur,
1369 2589 1427 2638 et
1455 2601 1692 2639 munera
1720 2587 1874 2657 lega-

263 2663 367 2730 lia,
400 2667 654 2736 quamvis
682 2668 804 2723 sine
831 2666 1002 2725 causa
1022 2672 1099 2725 ibi
1128 2673 1526 2739 offerebantur,
1568 2674 1693 2729 ideo
1734 2676 1873 2730 sub-

252 2752 474 2821 junxit,
518 2754 708 2810 dicens
741 2776 754 2811 :
788 2758 979 2813 Adhuc
1018 2764 1209 2829 priore
1259 2763 1610 2817 tabernaculo
1647 2764 1871 2818 habente

257 2844 479 2895 statum
518 2858 655 2912 qua,
705 2843 974 2900 subaudis
1018 2863 1129 2912 res,
1169 2850 1437 2917 parabole
1485 2854 1580 2915 est,
1635 2850 1742 2904 hoc
1786 2857 1872 2906 est

255 2928 453 3000 ﬁgura
476 2937 534 2985 et
560 2932 867 2988 similitudo
897 2940 1155 3004 temporis
1184 2939 1447 2991 instantis
1471 2937 1587 2993 sive
1630 2955 1870 3010 praesen-

250 3017 359 3072 tis.
403 3019 564 3084 Quod
593 3022 744 3077 enim
773 3023 1046 3094 agebatur
1073 3027 1133 3079 in
1163 3026 1373 3097 templo
1415 3032 1551 3081 tunc
1578 3029 1866 3099 temporis,

1959 2496 2273 2561 nufactum,
2302 2494 2361 2544 id
2392 2497 2462 2545 est
2487 2494 2599 2544 non
2627 2491 2794 2558 huius
2823 2492 3137 2543 creationis.
3171 2485 3425 2540 Pontifex
3451 2485 3559 2539 Ju-

1956 2580 2203 2634 daeorum
2236 2580 2329 2650 qui
2361 2580 2534 2633 semel
2565 2579 2623 2632 in
2648 2595 2796 2632 anno
2825 2594 2950 2631 cum
2982 2575 3255 2645 sanguine
3287 2572 3560 2627 introibat

1956 2669 2104 2723 intra
2129 2668 2311 2723 velum
2347 2669 2401 2721 in
2432 2668 2635 2721 Sancta
2667 2672 2988 2719 sanctorum
3030 2668 3293 2717 oraturus
3321 2677 3422 2732 pro
3456 2678 3561 2731 po-

1953 2758 2084 2828 pulo
2096 2757 2378 2812 Christum
2411 2754 2765 2825 signiﬁcabat
2788 2752 2933 2805 sicut
2954 2753 3075 2822 jam
3111 2749 3305 2803 multis
3333 2749 3391 2802 in
3421 2749 3560 2804 locis

1952 2846 2301 2900 declaratum
2334 2849 2438 2901 est.
2460 2843 2552 2914 qui
2582 2859 2705 2895 cum
2729 2840 3001 2910 sanguine
3027 2837 3303 2911 passionis
3331 2854 3445 2892 suae
3464 2853 3558 2892 re-

1951 2939 2135 2989 serato
2165 2934 2304 2986 coelo
2342 2932 2632 3002 ingressus
2670 2937 2756 2984 est
2783 2936 3001 2983 secreta
3048 2926 3245 2999 patriae
3291 2925 3555 2993 caelestis,

1950 3021 2029 3075 ibi
2057 3037 2207 3075 nunc
2238 3020 2456 3075 assistit
2474 3017 2651 3073 vultui
2681 3018 2783 3073 Dei
2814 3015 3020 3079 Patris,
3048 3031 3217 3070 orans
3239 3029 3342 3068 pro
3370 3012 3553 3068 nobis.

255 3106 453 3177 ﬁgura
479 3114 603 3163 erat
629 3116 688 3164 et
726 3111 1035 3167 similitudo
1070 3112 1234 3168 istius
1279 3114 1554 3180 veritatis,
1588 3131 1711 3186 quae
1747 3117 1866 3186 jam
1949 3108 2201 3163 Pontifex
2243 3112 2434 3162 autem
2472 3107 2789 3161 futurorum
2819 3104 3095 3159 bonorum
3129 3102 3350 3158 duobus
3374 3101 3556 3156 modis

254 3194 319 3249 in
350 3196 598 3252 Ecclesia
634 3200 962 3270 completur.
1003 3202 1286 3271 Sequitur,
1314 3205 1485 3270 juxta
1511 3220 1704 3273 quam,
1733 3204 1867 3258 sub-
1948 3197 2298 3269 appellatur:
2321 3197 2515 3249 futura
2534 3194 2682 3248 enim
2709 3192 2857 3246 bona
2891 3208 3015 3262 quae
3042 3189 3204 3245 nobis
3230 3190 3352 3262 ipse
3379 3188 3556 3244 admi-

253 3282 430 3337 audis
476 3285 798 3355 parabolam
847 3289 963 3343 sive
1004 3290 1265 3360 ﬁguram,
1314 3306 1553 3345 munera
1591 3298 1640 3345 et
1686 3293 1869 3347 hostia!
1948 3284 2228 3351 nistravit,
2258 3286 2487 3338 luerunt
2536 3282 2701 3336 verba
2740 3281 3008 3346 ccelestia,
3040 3279 3228 3350 passio
3258 3278 3431 3341 illius,
3462 3294 3556 3332 re-

254 3374 600 3441 o/feruntur,
631 3375 814 3430 adhuc
842 3376 919 3431 ibi
964 3393 998 3431 a
1026 3377 1427 3443 sacerdotibus,
1460 3395 1598 3447 quae,
1633 3396 1869 3435 munera

1955 3372 2244 3437 surrectio,
2306 3371 2636 3442 baptismus,
2691 3367 2949 3422 remissio
2989 3371 3366 3437 peccatorum,
3421 3380 3552 3436 per-

250 3461 349 3516 vel
378 3462 595 3530 hostias,
626 3479 739 3518 non
753 3471 983 3534 possunt
1005 3467 1307 3535 perfectum
1337 3468 1517 3534 facere
1544 3472 1866 3523 servientem
1948 3458 2562 3531 fectaquejustiﬁcatio,
2589 3473 2712 3527 9033
2732 3456 2940 3510 ideirco
2975 3455 3168 3508 {litura
3187 3453 3334 3508 bona
3357 3454 3553 3524 appel-

241 3554 429 3619 juxta
504 3555 915 3608 conscientiam.
983 3554 1338 3609 Conscientia
1411 3555 1618 3609 dicitur
1683 3555 1866 3611 cordis
1948 3547 2234 3615 labantur,
2275 3548 2357 3601 vel
2395 3546 2530 3617 quia
2566 3544 2850 3615 mysteriis
2882 3542 3241 3613 praeﬁgurata
3280 3545 3432 3606 sunt,
3464 3542 3552 3595 vel

254 3639 505 3695 scientia
533 3657 634 3712 per
659 3657 827 3713 quam
857 3642 1192 3712 intelligitur
1229 3658 1390 3698 mens
1417 3643 1661 3697 hominis
1687 3663 1700 3711 ;
1746 3645 1864 3717 illa,
1951 3636 2121 3690 etiam
2152 3636 2282 3706 quia
2313 3634 2578 3705 praedicta
2607 3638 2741 3687 sunt
2763 3633 2821 3685 in
2837 3630 3041 3684 divinis
3062 3629 3321 3682 oraculis.
3347 3628 3553 3682 Altiori

251 3730 472 3800 inquit,
519 3746 756 3786 munera
794 3732 1043 3786 carnalia
1086 3749 1201 3787 non
1246 3738 1505 3804 poterant
1559 3715 1905 3802 perfectum.
1949 3731 2137 3778 autem
2155 3724 2440 3777 intellectu
2465 3724 2653 3776 futura
2675 3720 2820 3774 bona
2839 3733 3141 3789 possumus
3156 3715 3554 3786 acciperegau—

251 3819 501 3874 reddere
520 3820 855 3875 servientem
874 3822 935 3875 in
958 3822 1100 3891 lege,
1118 3803 1279 3892 juxta
1298 3821 1697 3892 perfectionem
1716 3836 1872 3874 men-
1949 3814 2045 3868 dia
2069 3812 2264 3883 patriae
2288 3810 2548 3875 caelestis,
2581 3824 2704 3880 quae
2731 3807 2892 3862 nobis
2923 3822 3023 3877 per
3050 3804 3336 3860 Christum
3365 3803 3551 3858 admi-

247 3909 354 3973 tis,
379 3908 515 3979 quia
553 3925 667 3963 non
693 3909 952 3964 valebant
970 3918 1216 3964 mentem
1242 3908 1552 3980 justiﬁcare
1584 3909 1716 3963 dum
1748 3924 1859 3962 non
1950 3903 2191 3957 nistrata
2216 3905 2367 3955 sunt.
2385 3899 2547 3954 Unde
2575 3906 2631 3951 et
2655 3895 2900 3968 pontifex
2931 3893 3270 3965 appellatur,
3306 3909 3373 3946 eo
3400 3892 3551 3962 quod

246 3997 535 4052 tollebant
560 3998 821 4068 graviora
844 4004 1092 4070 peccata.
1120 3998 1418 4053 Neminem
1446 3997 1598 4051 enim
1629 3997 1700 4051 ad
1730 4013 1860 4068 per-
1943 3996 2304 4064 potestatem,
2324 3990 2382 4043 id
2402 3992 2491 4042 est
2502 3988 2646 4041 viam
2666 3984 3198 4055 justitiae,viamque
3215 3982 3285 4035 ad
3307 3980 3550 4052 patriam

245 4087 469 4141 fectum
489 4087 720 4142 adduxit
739 4087 843 4143 lex.
869 4088 980 4141 Sed
1000 4088 1056 4141 in
1084 4086 1289 4158 quibus
1319 4104 1385 4141 ex
1414 4086 1661 4141 maxima
1702 4092 1861 4158 parte
1943 4084 2227 4137 cmlestem
2268 4078 2622 4135 ascendendo
2652 4075 2812 4131 nobis
2833 4073 3167 4128 exhibuerit.
3197 4072 3322 4126 Alia
3356 4077 3550 4125 trans-

244 4175 557 4230 mundatio
572 4175 711 4246 legis
722 4176 1034 4242 constabat,
1057 4175 1465 4247 subsequenter
1481 4175 1746 4243 ostendit,
1780 4175 1862 4229 in-
1943 4172 2080 4226 latio
2108 4169 2298 4236 habet,
2329 4168 2588 4224 Christus
2620 4164 2921 4220 adveniens
2947 4161 3198 4233 pontifex
3225 4160 3545 4215 futurorum

244 4264 461 4334 quiens
477 4264 816 4319 solummodo
842 4269 905 4318 in
928 4266 1062 4318 cibis
1081 4269 1130 4317 et
1144 4266 1364 4332 potibus
1389 4272 1437 4318 et
1458 4267 1632 4318 rariis
1663 4265 1860 4332 baptis-
1876 4260 2238 4362 Dbonorum.
2271 4257 2393 4312 Nisi
2411 4255 2559 4310 enim
2583 4252 2920 4318 advenisset,
2948 4265 3303 4320 nequaquam
3330 4249 3447 4303 haec
3466 4248 3549 4304 fu-

243 4356 503 4407 matibus
531 4357 840 4423 et‘justitiis
870 4356 1079 4412 carnis,
1111 4352 1380 4407 subaudis
1408 4352 1704 4407 videbatur
1730 4367 1859 4422 per-

242 4444 466 4498 fectum
479 4442 662 4497 facere
681 4442 1041 4507 servientem,
1064 4458 1232 4511 usque
1251 4443 1325 4495 ad
1346 4447 1556 4508 tempus
1577 4443 1860 4494 correctio-

242 4536 362 4594 nis,
403 4531 463 4585 id
491 4538 579 4586 est
603 4530 1009 4585 meliorationis
1037 4536 1095 4585 et
1123 4529 1553 4593 emendationis,
1580 4528 1859 4599 impositis

244 4620 382 4676 istis
410 4620 625 4674 scilicet
643 4620 883 4690 justitiis
902 4620 1104 4674 carnis.
1138 4620 1237 4674 Ila:
1258 4617 1496 4689 justitiae
1526 4617 1782 4671 carnales
1802 4616 1860 4670 in

241 4709 571 4764 differentia
597 4708 846 4763 ciborum
875 4716 933 4763 et
952 4715 1208 4780 potuum,
1241 4724 1307 4761 ac
1337 4707 1617 4761 variorum
1644 4705 1859 4775 baptis-

237 4804 471 4852 matum
498 4797 613 4852 sive
640 4797 986 4852 lavationum
1017 4813 1196 4867 usque
1220 4798 1292 4850 ad
1320 4803 1546 4867 tempus
1577 4793 1858 4850 Dominici

239 4888 528 4942 adventus
576 4885 854 4958 impositae
903 4886 1154 4952 fuerunt,
1195 4885 1340 4939 sicut
1393 4892 1452 4939 et
1487 4884 1705 4955 reliqua
1734 4899 1858 4955 quae

237 4975 643 5049 agebanturin
659 4976 870 5047 ﬁgura;
901 4975 1141 5030 Domino
1160 4980 1350 5028 autem
1373 4972 1704 5027 adveniente
1732 4988 1858 5025 cor-

239 5072 417 5122 rectae
437 5070 592 5128 sunt,
615 5065 721 5120 hoc
739 5070 826 5119 est
863 5064 1171 5119 emendatae
1199 5079 1264 5117 ac
1284 5063 1342 5117 in
1376 5063 1575 5117 melius
1605 5066 1854 5115 mutatae.

242 5157 400 5214 Nam
420 5170 527 5227 per
543 5154 757 5209 munda
774 5153 1044 5208 animalia
1065 5169 1189 5225 quae
1209 5152 1300 5205 lex
1321 5151 1585 5222 praecepit
1604 5155 1666 5204 ut
1685 5149 1858 5205 edan-

244 5251 367 5310 tur,
394 5242 794 5315 signiﬁcantur
822 5242 1034 5296 munda
1047 5257 1245 5313 opera;
1277 5256 1377 5311 per
1406 5238 1700 5293 immunda
1731 5254 1860 5292 vero

246 5332 546 5399 animalia,
584 5331 878 5386 immunda
915 5346 1088 5401 opera
1130 5328 1542 5398 intelliguntur,
1586 5343 1619 5379 a
1658 5326 1860 5396 quibus

248 5422 660 5477 abstinendum
682 5426 786 5475 est.
806 5420 915 5475 Per
938 5425 1099 5490 potus
1118 5424 1247 5472 vero
1265 5416 1523 5482 mundos,
1548 5415 1864 5469 doctrinam

253 5510 769 5568 ecclesiasticorum
806 5509 1075 5575 virorum,
1110 5524 1211 5578 per
1244 5504 1563 5560 immundos
1592 5521 1743 5571 vero,
1775 5503 1872 5559 do-

1940 4356 2071 4403 tura
2113 4347 2259 4402 bona
2304 4346 2466 4400 nobis
2511 4342 2982 4404 administrasset,
3034 4353 3217 4409 neque
3259 4337 3551 4393 assisteret

1941 4436 2123 4492 vultui
2152 4436 2252 4491 Dei
2279 4434 2463 4489 Patris
2494 4449 2595 4504 pro
2612 4430 2793 4486 nobis.
2818 4427 3257 4497 Notandumque
3278 4428 3409 4497 quia
3433 4442 3548 4481 non

1941 4525 2081 4580 dixit
2113 4523 2447 4595 simpliciter
2472 4521 2774 4591 Apostolus
2802 4519 2963 4573 illum
3002 4516 3285 4580 assistere,
3319 4515 3414 4569 sed
3447 4531 3551 4586 per

1943 4614 2391 4678 tabernaculum,
2423 4626 2562 4664 usus
2592 4610 2760 4663 etiam
2802 4604 3182 4676 comparativo
3227 4603 3427 4673 gradu,
3458 4603 3546 4656 di-
3620 4638 3631 4643 -

1942 4719 2074 4758 cens
2105 4715 2117 4750 :
2140 4705 2246 4757 Per
2273 4703 2518 4768 amplius
2546 4704 2597 4750 et
2622 4698 2936 4765 perfectius.
2967 4689 3417 4746 Tabernaculum
3440 4703 3545 4744 au-

1939 4797 2054 4847 tem
2087 4807 2186 4863 per
2215 4789 2365 4861 quod
2404 4786 2621 4842 assistit
2661 4785 2776 4837 Deo
2824 4781 2999 4844 Patri,
3030 4777 3354 4834 humanitas
3394 4777 3549 4832 illius

1940 4887 2027 4935 est
2054 4880 2320 4951 quoniam
2350 4875 2459 4930 nisi
2486 4876 2656 4929 homo
2676 4874 2855 4935 fieret,
2874 4881 3234 4938 nequaquam
3255 4865 3372 4919 Deo
3392 4865 3548 4919 Patri

1941 4970 2207 5026 assistere
2228 4971 2431 5039 posset.
2449 4959 2896 5019 Tabernaculum
2917 4973 3052 5028 ergo
3071 4954 3325 5027 corporis
3353 4954 3550 5009 Domi-

1941 5059 2054 5115 nici
2106 5056 2349 5128 amplius
2390 5060 2475 5109 est
2524 5047 2886 5106 tabernaculo
2932 5044 3130 5118 Moysi,
3186 5043 3550 5100 tabernaculo

1943 5163 2166 5220 quoque
2187 5142 2523 5208 Salomonis,
2548 5140 2681 5213 quia
2708 5137 2806 5192 illa
2837 5133 3095 5189 manibus
3124 5133 3436 5190 carnalium
3456 5133 3553 5188 ho-

1944 5239 2161 5291 minum
2192 5235 2339 5288 facta
2369 5236 2519 5293 sunt,
2562 5230 2668 5283 hoc
2705 5240 2832 5281 vero
2862 5224 3016 5278 intra
3036 5228 3265 5277 uterum
3297 5222 3549 5293 virginis,

1945 5327 2066 5380 sine
2096 5324 2311 5378 semine
2340 5320 2508 5386 virili,
2537 5318 2711 5372 totius
2726 5313 3020 5371 Trinitatis
3050 5327 3219 5382 opere
3241 5311 3552 5382 etiigiatum

1950 5420 2053 5469 est.
2085 5413 2211 5469 Sive
2242 5413 2301 5465 in
2332 5411 2438 5464 hoc
2475 5414 2561 5463 est
2589 5404 2830 5477 amplius
2859 5408 2917 5458 et
2943 5402 3127 5471 majus
3149 5399 3263 5454 illis
3292 5398 3557 5453 taberna-

1953 5504 2113 5567 culis,
2152 5502 2287 5581 quia
2330 5499 2590 5553 divinitas
2632 5494 2823 5559 Verbi,
2874 5508 2998 5562 quae
3042 5490 3162 5543 tota
3206 5498 3319 5542 non
3374 5490 3558 5558 potest
