3992 6166
469 314 576 385 883

886 316 1265 384 HAYMONIS
1304 314 1791 371 HALBERSTAT.
1834 314 2057 369 EPISC.
2100 314 2259 369 OPP.
2302 313 2487 369 PARS
2527 313 2570 369 Ι.
2612 341 2682 357 -
2720 312 3099 369 COMMENT.
3138 310 3323 367 BIBL.

3624 307 3722 365 884

464 443 864 517 comprehendi
891 413 1250 503 tabernaculo
1271 442 1611 505 manufacto,
1634 440 1691 494 in
1711 440 1806 494 illo
1833 418 2059 495 homine
2073 443 2120 499 A
2142 439 2334 494 datur.
2354 438 2460 504 Qui
2477 438 2624 493 enim
2646 437 2896 509 tetigerit
2914 438 3114 508 picem,
3542 430 3615 488 ab
3631 448 3726 488 ea:

469 533 799 606 plenissime
814 531 1133 603 requiescit.
1158 529 1463 603 Perfectius
1480 528 1593 582 sive
1613 527 1857 585 sanctius
1876 528 1935 581 in
1956 528 2061 582 hoc
2139 531 2327 582 tamen
2360 544 2460 598 per
2486 527 2654 581 ﬁdem
2684 526 2987 581 Dominica1
3032 522 3308 594 passionis
3351 520 3728 582 mandabitur.

467 626 557 685 est
591 620 703 677 illis
742 618 1137 677 tabernaculis,
1172 618 1303 687 quia
1348 632 1475 671 cum
1525 622 1790 673 neutrum
1835 615 2061 671 illorum
2142 616 2245 670 hoc
2268 622 2370 682 est,
2399 616 2446 670 si
2476 633 2576 687 per
2602 615 2990 687 pcenitentiam
3019 620 3076 669 et
3100 612 3344 683 gratiam
3383 610 3733 683 baptismatis

465 710 576 780 sibi
622 708 1004 777 ministrantes
1049 705 1397 761 sanctiﬁcare
1442 704 1830 777 perfectosque
1881 703 2063 759 facere
2143 705 2268 776 quis
2306 705 2477 765 fuerit
2503 704 2729 759 ablutus
2769 702 2837 758 ab
2869 701 3132 777 operibus
3159 700 3416 777 mortuis,
3455 699 3507 769 si
3547 699 3734 755 eadem

463 802 675 872 posset,
710 794 862 867 istud
889 809 1020 851 vero
1046 792 1472 853 tabernaculum
1516 791 1588 847 ad
1634 808 1694 849 se
1739 791 2066 847 accedentes

469 893 531 945 et
552 902 588 943 a
619 883 862 957 peccatis
897 880 1193 945 mundare,
1234 887 1291 935 et
1327 880 1602 955 perfectos
1638 880 1820 939 facere
1857 884 2062 955 potest.

472 975 635 1045 Quod
663 973 818 1043 dixit.
850 988 961 1027 non
981 969 1656 1040 manufactum,eXposuit
1674 970 1815 1041 ipse,
1835 968 2025 1024 dicens
2049 984 2062 1023 :

465 1066 535 1129 ια
559 1068 634 1119 est
663 1078 778 1119 non
812 1061 980 1129 hujus
1008 1061 1304 1115 creationis
1348 1059 1508 1133 cujus
1539 1074 1642 1113 nos
1686 1073 1901 1122 sumus,
1934 1058 2069 1129 quia

469 1169 586 1218 non
611 1150 718 1213 iuit
745 1149 960 1206 semine
982 1147 1126 1205 virili
1154 1151 1494 1203 concretum.
1510 1147 1622 1202 Iste
1643 1151 1725 1200 est
1744 1146 1887 1214 lapis
1899 1163 2066 1221 quem

464 1242 608 1307 vidit
632 1234 834 1296 Daniel
869 1237 1149 1295 abscisum
1173 1236 1244 1291 de
1269 1241 1460 1291 monte
1488 1234 1611 1289 sine
1645 1235 1925 1298 manibus,
1963 1236 2068 1290 hoc

472 1335 560 1391 est
585 1330 657 1383 de
691 1325 895 1398 populo
918 1325 1260 1390 Iudaeorum,
1287 1327 1485 1377 natum
1511 1323 1634 1377 sine
1660 1323 1873 1378 semine
1921 1323 2066 1378 virili

470 1423 530 1479 et
554 1416 704 1477 coitu
731 1412 1057 1471 masculino.

543 1505 727 1571 Neque
748 1516 850 1571 per
874 1503 1203 1569 sanguinem
1232 1500 1517 1555 hircorum
1538 1504 1637 1553 aut
1659 1502 1967 1555 vitulorum
1980 1501 2070 1555 sed

465 1607 571 1662 per
592 1591 889 1660 proprium
917 1591 1246 1656 sanguinem
1275 1590 1437 1642 semet
1482 1590 1737 1641 introivit
1776 1591 1840 1642 in
1877 1594 2069 1643 sancta

474 1684 683 1736 eterna
708 1676 1074 1745 redemptione
1095 1678 1336 1736 inventa,
1358 1690 1469 1728 non
1495 1690 1619 1729 cum
1635 1675 1908 1745 sanguine
1924 1676 2069 1746 lega—
2092 1706 2105 1716 ο

2145 792 2351 847 iterum
2380 793 2653 862 attigerit,
2680 789 3173 846 contaminabitur.
3197 787 3462 865 Sequitur
3490 803 3506 841 :
3539 787 3629 855 4d
3642 802 3738 840 ser-

2146 882 2409 935 viendum
2432 882 2536 935 Deo
2576 882 2799 936 viventi.
2847 877 2956 934 Hic
3007 877 3359 950 apertissime
3405 872 3735 936 ostenditur,

2147 969 2282 1040 quia
2309 985 2479 1041 opera
2526 975 2751 1027 mortua
2795 967 3066 1023 habentes
3110 982 3224 1022 non
3266 968 3502 1038 possent
3541 962 3739 1021 servire

2147 1058 2269 1113 vivo
2299 1063 2357 1112 et
2383 1073 2515 1111 vero
2548 1056 2692 1124 Deo,
2725 1061 2860 1129 quia
2897 1056 2979 1111 illi
3013 1055 3220 1119 mortui
3256 1058 3391 1127 sunt
3428 1057 3489 1113 et
3508 1050 3660 1107 falsi.
3689 1050 3738 1105 Si

2148 1146 2296 1202 enim
2333 1147 2428 1218 qui
2458 1151 2745 1201 mortuum
2775 1150 2877 1200 aut
2911 1143 3139 1216 aliquod
3166 1141 3526 1213 immundum
3553 1144 3742 1211 tange-

2148 1235 2264 1303 bat,
2291 1251 2404 1290 non
2432 1234 2726 1307 oportebat
2750 1250 2880 1289 eum
2909 1234 3121 1291 intrare
3149 1232 3210 1289 in
3228 1230 3529 1303 templum,
3542 1232 3742 1301 quanto

2146 1324 2328 1395 ωεείε
2354 1324 2478 1396 quis
2516 1339 2689 1395 opera
2733 1328 2957 1379 mortua
3008 1320 3239 1383 habens,
3274 1335 3388 1374 non
3424 1318 3644 1391 poterit
3666 1312 3743 1372 in-

2146 1417 2299 1475 trare
2326 1412 2385 1466 in
2410 1412 2631 1469 caelum.

2222 1502 2286 1555 Et
2312 1502 2428 1555 ideo
2448 1503 2589 1555 Novi
2614 1501 2943 1555 Testamenti
2960 1498 3235 1557 mediator
3255 1501 3351 1563 est,
3373 1500 3437 1549 ut
3458 1499 3641 1549 morte
3665 1497 3745 1548 in-

2153 1588 2585 1654 tercedente,sive
2601 1586 3006 1642 interveniente
3022 1589 3084 1641 in
3096 1587 3527 1654 redemptionem
3538 1598 3747 1639 earum-

2150 1679 2271 1733 dem
2284 1680 2956 1746 pravaricationumguz
2971 1678 3132 1728 erant
3144 1674 3244 1727 sub
3255 1675 3446 1741 priori
3464 1675 3747 1743 testamu-

476 1766 619 1837 iium
648 1763 998 1828 animalium,
1032 1779 1067 1817 a
1091 1778 1201 1833 quo
1228 1762 1471 1831 perfecta
1490 1755 1818 1832 justiﬁcatio
1837 1779 1949 1818 non
1974 1781 2070 1834 po-
2084 1780 2131 1841 Β
2153 1771 2203 1820 to
2232 1767 2713 1834 repromissionem
2752 1766 3027 1831 accipiant
3057 1764 3158 1830 qui
3183 1764 3361 1815 vocati
3387 1765 3526 1815 sunt
3547 1764 3748 1816 atem

478 1858 630 1915 terat
657 1852 778 1907 dari
813 1870 823 1905 :
857 1851 950 1919 sed
983 1844 1109 1905 cum
1136 1850 1406 1920 sanguine
1435 1850 1711 1923 passionis
1739 1868 1854 1906 suae
1878 1853 2072 1907 introi-

476 1942 559 2007 vit
582 1941 642 1997 in
671 1939 913 2013 patriam
942 1940 1221 1994 caelestem
1254 1955 1364 2010 quo
1410 1941 1684 2010 sanguine
1718 1956 1914 1995 omnes
1941 1946 2074 1999 sunt

472 2029 771 2101 redempti,
804 2029 1157 2101 pertecteque
1178 2028 1471 2099 justiﬁcati
1500 2044 1613 2083 non
1631 2029 1950 2098 temporali,
1973 2029 2073 2084 sed

484 2124 696 2177 aeterna
731 2116 1137 2187 redemptione.
1180 2116 1260 2170 De
1300 2116 1404 2169 hac
1450 2117 1834 2191 redemptione
1870 2116 2075 2172 dicitur

477 2223 585 2278 per
604 2206 932 2260 Zachariam
962 2211 1179 2276 patrem
1212 2204 1361 2258 beati
1391 2205 1624 2259 Joannis
1652 2224 1663 2258 :
1704 2207 1949 2260 Visitavit
1978 2222 2074 2260 nos

476 2300 529 2353 et
555 2296 683 2363 fecit
711 2296 1136 2364 redemptionem
1152 2294 1325 2361 plebis
1354 2309 1465 2349 suae
1485 2292 1641 2365 (Luc.
1664 2295 1723 2357 ι).
1747 2293 2076 2365 Redemptio

481 2389 676 2440 autem
713 2382 786 2436 ad
806 2381 1053 2453 captivos
1078 2381 1343 2451 pertinet,
1376 2386 1433 2435 et
1459 2396 1562 2435 nos
1590 2381 1795 2452 captivi
1830 2397 2074 2447 eramus,

486 2470 751 2543 captivati
777 2487 814 2533 a
836 2468 1059 2525 diabolo
1087 2470 1145 2524 in
1164 2469 1347 2540 primo
1372 2475 1605 2540 parente
1629 2474 1846 2527 nostro.

548 2559 615 2627 Si
650 2561 801 2619 enim
825 2561 1055 2627 sanguis
1089 2558 1374 2617 hircorum
1404 2563 1453 2615 et
1496 2564 1812 2625 taurorum,
1843 2564 1893 2612 et
1935 2561 2077 2613 cinis

479 2650 669 2709 vitula
707 2662 982 2721 aspersus,
1004 2649 1327 2716 inquinatos
1364 2649 1671 2715 sanctiﬁcat
1706 2648 1778 2700 ad
1804 2648 2075 2701 emunda-

486 2740 693 2805 tionem
728 2738 937 2800 carnis,
957 2742 1166 2805 quanta
1190 2738 1367 2805 magis
1392 2739 1622 2802 sanguis
1643 2736 2079 2804 0hristi.quiper

476 2826 759 2896 Spiritum
787 2828 1043 2882 sanctum
1071 2822 1418 2894 semetipsum
1433 2825 1628 2878 obtulit
1650 2825 2078 2879 immaculatum

481 2917 608 2987 pec,
648 2914 971 2979 emundabit
1008 2914 1397 2967 conscientiam
1437 2917 1679 2967 nostram
1722 2914 1793 2967 ab
1829 2914 2079 2981 operibus

2154 1854 2638 1909 hareditatismbi
2651 1856 2802 1907 enim
2834 1856 3217 1909 testamentum
3246 1853 3341 1915 est,
3364 1863 3519 1902 mors
3556 1863 3748 1903 necesse

2157 1948 2231 1995 est
2246 1943 2671 2006 intercedat,seu
2689 1939 3026 1995 interveniat
3046 1940 3337 1992 testatoris.
3349 1937 3748 1995 Testamentum

2156 2034 2308 2085 enim
2330 2033 2389 2083 in
2403 2032 2638 2083 mortuis
2658 2031 3049 2096 conﬁrmatum
3070 2031 3165 2092 est,
3180 2027 3454 2094 alioquin,
3469 2023 3531 2079 id
3553 2030 3643 2079 est
3658 2022 3750 2078 ali-

2156 2123 2263 2183 ter,
2298 2118 2548 2171 nondum
2578 2119 2723 2171 valet
2752 2118 2976 2175 ﬁrmum
3022 2130 3144 2171 esse
3176 2118 3608 2179 testamentum,
3628 2114 3749 2166 dum

2155 2208 2291 2267 vivit
2312 2205 2406 2261 ille
2426 2208 2526 2273 qui
2555 2209 2778 2259 testatus
2807 2209 2902 2258 est.
2928 2204 3105 2274 Leges
3126 2202 3405 2257 humanas
3423 2201 3518 2261 hic
3542 2199 3753 2275 videtur

2156 2295 2457 2367 Apostolus
2482 2300 2736 2364 tangere,
2777 2309 2902 2365 quae
2940 2292 3124 2347 solent
3164 2295 3575 2347 testamentum
3615 2286 3751 2363 quod

2160 2384 2303 2439 alter
2330 2382 2494 2436 alteri
2525 2382 2593 2436 de
2612 2382 2940 2437 haereditate
2962 2397 3065 2435 sua
3079 2379 3229 2445 facit,
3244 2379 3539 2433 inﬁrmum
3558 2378 3750 2444 facere,

2159 2488 2451 2544 quousque
2480 2476 2715 2526 testator
2748 2470 2924 2541 ipsius
2949 2467 3274 2524 testamenti
3301 2472 3483 2523 morte
3516 2468 3753 2522 interve-

2159 2561 2349 2616 niente
2376 2559 2693 2619 discesserit
2726 2577 2739 2612 :
2770 2564 2994 2614 mortuo
3035 2574 3163 2612 vero
3196 2557 3293 2611 illo
3340 2561 3621 2615 testatore
3666 2554 3752 2627 qui

2159 2655 2562 2704 testamentum
2592 2648 2743 2714 fecit,
2777 2647 3007 2702 omnino
3045 2647 3165 2717 jam
3186 2646 3417 2705 ﬁrmum
3442 2652 3658 2700 manet.
3695 2644 3753 2699 In

2158 2739 2310 2795 hunc
2323 2737 2550 2792 modum
2570 2742 2970 2792 testamentum
2994 2735 3120 2791 vitae
3140 2740 3363 2791 aeternae
3383 2734 3539 2806 quod
3552 2750 3590 2787 a
3607 2733 3755 2788 Chri-

2161 2833 2248 2883 sto
2277 2826 2593 2897 accepimus
2623 2842 2737 2881 non
2765 2825 2931 2879 aliter
2955 2823 3114 2878 nobis
3141 2824 3367 2878 ﬁrmum
3402 2837 3641 2878 manere
3664 2837 3755 2894 po-

2161 2920 2327 2980 terat,
2357 2913 2465 2970 nisi
2503 2914 2621 2985 ipse
2650 2919 2830 2968 morte
2859 2929 2962 2967 sua
2991 2911 3128 2967 illud
3159 2910 3500 2966 roborasset.
3524 2911 3754 2983 Tantum

488 3005 751 3069 mortuis,
783 3003 858 3057 ad
883 3002 1233 3059 serviendum
1250 3003 1352 3055 Deo
1373 3004 1621 3057 viventi?
1648 3000 1705 3063 Si
1724 3001 2084 3072 sanguisani-
2103 3052 2143 3074 η
2165 3006 2315 3059 enim
2345 3008 2469 3056 erat
2496 3008 2786 3074 peccatum
2815 3005 3093 3066 nostrum,
3116 3005 3181 3053 ut
3208 2999 3374 3052 aliter
3402 3015 3522 3061 non
3562 2999 3752 3070 potuis-

492 3052 594 3061 ν---
786 3052 851 3057 ηπ
1652 3052 2061 3072 ,ν-ηησπνπ---
2170 3052 2315 3059 mw
2350 3052 2465 3056 η---
2542 3052 2786 3057 ---φης
2815 3052 3093 3066 κη,
3128 3052 3171 3053 η
3564 3052 3579 3070 ,
3610 3052 3725 3055 μη

486 3090 725 3159 malium
754 3087 1224 3147 irrationabilium
1255 3093 1479 3160 poterat
1502 3089 1779 3145 mundare
1806 3052 2145 3145 conscien-C
2168 3108 2357 3147 semus
2386 3052 2587 3166 redimi
2624 3095 2681 3147 et
2709 3088 2911 3144 salvari
2944 3088 3053 3147 nisi
3091 3088 3415 3158 unigenitus
3448 3088 3551 3148 Dei
3598 3088 3755 3157 Filius

490 3178 633 3245 tiam
654 3182 907 3239 nostram
928 3176 1233 3235 secundum
1257 3192 1501 3242 carnem,
1517 3182 1591 3243 et,
1624 3177 1772 3233 sicut
1792 3182 1928 3232 tunc
1952 3184 2090 3233 tem-
2169 3196 2271 3252 pro
2292 3179 2450 3233 nobis
2467 3184 2796 3233 moreretur.
2822 3178 2888 3232 Et
2909 3177 3042 3248 quia
3061 3176 3133 3230 ad
3154 3176 3293 3231 illud
3312 3177 3755 3249 consequendum

488 3266 644 3339 poris
675 3264 986 3335 videbatur,
1026 3263 1483 3319 sanctiﬁcabatur
1517 3265 1563 3318 si
1601 3266 1727 3338 quis
1765 3267 2091 3322 immundus
2172 3268 2322 3338 quod
2353 3267 2446 3320 ille
2490 3267 2830 3339 promiserat
2883 3265 3101 3341 indigni
3144 3280 3391 3329 eramus,
3442 3264 3564 3336 ipse
3613 3264 3754 3335 nobis

494 3369 759 3424 aspersus
790 3351 987 3407 fuisset
1013 3350 1109 3405 illo
1127 3350 1402 3421 sanguine
1425 3371 1436 3405 :
1456 3354 1632 3408 multo
1654 3355 1833 3425 magis
1862 3356 2090 3426 sanguis
2172 3360 2352 3410 morte
2372 3371 2473 3408 sua
2494 3354 2771 3409 mediator
2789 3353 2969 3408 factus
2998 3358 3102 3419 est,
3124 3357 3190 3407 ut
3218 3369 3319 3425 per
3346 3356 3590 3407 mortem
3611 3369 3753 3407 suam

486 3440 695 3508 Christi
708 3444 932 3512 poterat
949 3440 1222 3495 mundare
1240 3440 1488 3497 animam
1519 3447 1769 3497 nostram
1800 3449 1857 3499 et
1880 3443 2089 3514 plenis—
2172 3443 2480 3498 indebitam
2510 3443 2665 3499 illam
2696 3459 2819 3515 quae
2866 3441 3025 3496 nobis
3062 3440 3373 3496 debebatur
3408 3441 3672 3503 auferret.
3698 3441 3753 3497 Et

487 3529 633 3585 sime
645 3529 970 3600 justiﬁcare.
999 3528 1107 3584 Sed
1136 3545 1209 3583 ne
1240 3529 1366 3601 quis
1394 3536 1621 3601 putaret
1639 3532 1863 3602 plenam
1878 3532 2089 3603 justiﬁ-
2172 3533 2304 3605 quia
2323 3532 2575 3593 fortassis
2590 3537 2853 3604 poterant
2873 3530 3037 3585 multi
3057 3530 3244 3583 minus
3264 3528 3499 3600 perfecti
3515 3529 3750 3583 dubitare

490 3619 773 3684 (tationem
798 3623 856 3673 et
882 3617 1340 3675 emundationem
1370 3620 1665 3690 provenire
1683 3620 2005 3691 aspersione
2030 3622 2091 3676 il-
2170 3622 2241 3676 de
2269 3620 2733 3693 promissionibus
2749 3619 2994 3683 Domini,
3018 3617 3257 3672 maxime
3273 3634 3338 3671 ex
3360 3634 3427 3671 eo
3449 3618 3597 3688 quod
3621 3634 3751 3672 mor-

490 3708 603 3775 lius
636 3707 932 3778 sanguinis
976 3707 1191 3778 legalis,
1236 3707 1537 3763 subintulit
1569 3708 1871 3780 Apostolus
1906 3710 2091 3765 carnis
2171 3715 2303 3769 tuus
2349 3716 2437 3766 est
2478 3710 2637 3781 quasi
2684 3709 2964 3771 inﬁrmus,
3008 3706 3206 3765 beatus
3257 3705 3564 3778 Apostolus
3615 3705 3750 3778 ponit

489 3797 947 3863 amandationem
997 3796 1307 3855 secundum
1356 3797 1539 3867 legem
1591 3813 1693 3867 per
1725 3798 1884 3853 illum
1934 3798 2087 3866 dari;
2174 3800 2429 3870 exempla
2457 3814 2527 3855 ex
2547 3796 2830 3852 communi
2850 3795 3252 3850 consuetudine
3281 3795 3470 3866 legum
3497 3795 3750 3849 humana-

492 3886 656 3959 quasi
684 3885 860 3945 dicat:
885 3885 1281 3945 Sanctiﬁcatur
1299 3884 1524 3955 quidem
1551 3902 1681 3940 caro
1706 3892 1765 3941 et
1785 3886 2095 3943 mandatur.
2173 3904 2320 3953 rum,
2355 3887 2656 3941 ostendens
2709 3885 2843 3957 quia
2890 3900 3002 3938 non
3050 3883 3361 3939 viventibus
3390 3883 3745 3947 testatoribus,

486 3979 721 4047 propter
742 3973 885 4045 legis
911 3979 1272 4046 praeceptum,
1294 3974 1391 4043 sed
1424 3980 1614 4029 tamen
1638 3975 1830 4030 anima
1858 3992 1971 4031 non
1995 3993 2091 4031 ex-
2173 3977 2272 4039 sed
2292 3975 2661 4030 morientibus
2672 3976 2969 4028 ﬁrmantur
2988 3971 3746 4037 testamenta,fortitudinem-

491 4064 700 4136 piatur.
758 4062 990 4136 Addidit
1037 4078 1260 4133 quoque
1300 4062 1630 4143 differentiae
1684 4080 1932 4131 causam,
1993 4081 2093 4137 per
2177 4080 2286 4136 que
2315 4065 2614 4137 accipiunt.
2647 4063 2907 4128 Quandiu
2946 4062 3097 4117 enim
3133 4060 3270 4114 vivit
3296 4065 3555 4127 testator,
3589 4064 3749 4134 potest

489 4151 1082 4229 quamdemonstravit
1099 4150 1261 4207 illum
1278 4151 1608 4223 sanguinem
1631 4152 1963 4215 animalium
1984 4170 2095 4210 non
2176 4154 2481 4208 immutare
2524 4152 2862 4207 sententiam
2912 4166 3094 4215 suam,
3145 4154 3201 4204 et
3246 4149 3388 4205 alios
3424 4154 3592 4221 atque
3633 4148 3749 4202 alios

496 4257 620 4307 esse
637 4238 1086 4307 immaculatum,
1111 4238 1302 4293 dicens
1326 4238 1397 4293 de
1418 4238 1641 4293 Christo
1672 4259 1684 4294 :
1715 4241 1824 4303 Qui
1844 4258 1946 4315 per
1969 4242 2094 4314 Spi-
2174 4243 2427 4298 heredes
2445 4242 2721 4296 adducere
2736 4241 2794 4295 in
2812 4239 3194 4294 hereditatem
3224 4254 3407 4292 suam.
3424 4238 3750 4310 Quapropter

496 4328 970 4421 {itumfanctum
1015 4326 1379 4421 semetipsum
1422 4326 1626 4421 obtulit
1669 4328 2093 4387 immaculatum
2113 4332 2365 4421 Dvolens
2394 4330 2693 4402 Apostolus
2744 4330 2971 4382 ﬁrmum
3010 4343 3132 4381 esse
3172 4332 3599 4394 testamentum,
3624 4324 3749 4399 quod

494 4417 632 4484 Deo.
666 4414 911 4499 Spiritus
942 4420 1190 4480 sanctus,
1222 4414 1315 4485 qui
1337 4415 1573 4487 replevit
1607 4416 1765 4472 illum
1812 4419 2092 4480 hominem
2113 4414 2155 4421 ”
2178 4421 2434 4475 Christus
2454 4418 2610 4475 nobis
2630 4418 2862 4479 dimisit,
2884 4417 3106 4472 dicens:
3134 4414 3286 4479 Ideo,
3309 4415 3596 4487 inquiens,
3617 4415 3753 4471 Chri-

495 4504 559 4572 ἐπι
576 4508 739 4559 utero
757 4502 1032 4575 virginali,
1052 4502 1351 4558 custodivit
1370 4519 1499 4558 eum
1535 4509 1599 4558 ut
1618 4503 1829 4578 absque
1869 4512 2095 4579 peccato
2177 4514 2299 4563 stus
2318 4507 2818 4563 NoviTestamenti
2840 4506 3117 4567 mediator
3135 4512 3237 4569 est,
3254 4510 3321 4559 ut
3343 4513 3530 4577 morte
3558 4521 3654 4563 sua
3675 4504 3750 4558 iu-

501 4593 696 4663 abhec
708 4592 922 4659 mundo
938 4591 1226 4659 transiret,
1251 4598 1507 4665 essetque
1543 4592 1963 4653 immaculatum
2003 4610 2095 4648 sa—
2176 4597 2522 4655 terveniente
2548 4596 2607 4650 in
2636 4594 3077 4667 redemptionem
3108 4594 3333 4649 illarum
3363 4592 3749 4664 praevaricatio-

499 4683 774 4749 criﬁcium
794 4681 854 4746 in
874 4681 1105 4739 odorem
1129 4680 1419 4736 suavitatis
1455 4681 1572 4736 Deo
1606 4682 1782 4737 Patri.
1809 4683 2095 4738 Emunda—
2177 4701 2335 4747 num,
2366 4702 2488 4755 quae
2517 4701 2630 4738 non
2667 4688 2929 4756 poterant
2955 4682 3161 4738 auferri
3202 4688 3260 4737 et
3299 4682 3480 4742 deleri
3518 4683 3574 4739 in
3603 4678 3749 4753 priori

493 4772 579 4837 bit
590 4769 990 4837 conscientiam
1009 4770 1355 4836 nostram,id
1376 4776 1463 4824 est
1477 4777 1724 4826 mentem
1744 4777 1996 4829 nostram
2025 4771 2095 4833 ab
2175 4779 2512 4829 testamento
2544 4773 2741 4827 deleta;
2763 4776 2895 4827 sunt
2921 4776 3111 4826 autem
3150 4786 3249 4841 per
3278 4770 3400 4840 ejus
3435 4772 3748 4843 passionem.

495 4860 760 4933 operibus
789 4859 1046 4925 mortuis.
1081 4859 1266 4930 Opera
1293 4864 1516 4919 mortua
1535 4868 1669 4919 sunt
1697 4867 1941 4932 peccata,
1974 4879 2097 4934 qum
2179 4867 2242 4918 ut
2262 4860 2753 4934 repromissionem
2777 4867 2999 4914 aeternae
3025 4857 3372 4913 hereditatis
3392 4859 3660 4930 accipiant
3687 4854 3750 4909 illi

495 4951 747 5013 animiin;
788 4948 1070 5019 occidunt.
1111 4948 1270 5015 Sicut
1304 4948 1455 5004 enim
1484 4949 1677 5004 anima
1714 4949 1848 5007 vivit
1882 4951 2100 5009 virtuti.
2180 4950 2277 5022 qui
2292 4947 2472 5004 vocati
2494 4956 2629 5004 sunt
2645 4954 2857 5004 aeterna
2882 4946 3188 5002 vocatione.
3215 4948 3362 5003 Nam
3391 4963 3505 5009 non
3532 4946 3752 5019 loquitur

496 5037 628 5104 bus,
654 5053 778 5108 quin
809 5052 984 5106 opera
1014 5036 1138 5090 vitae
1162 5037 1538 5108 appellantur,
1572 5037 1653 5092 ita
1681 5038 1923 5097 moritur
1950 5039 2099 5094 vitiis
2181 5040 2273 5099 hic
2293 5039 2363 5094 de
2378 5038 2629 5109 generali
2642 5036 2928 5093 vocatione
2947 5036 3016 5091 de
3036 5052 3149 5108 qua
3175 5035 3453 5095 Dominus
3483 5037 3589 5111 ait:
3610 5035 3751 5090 Multi

497 5130 559 5190 ot
581 5123 1129 5197 peccatis,simulque
1141 5124 1382 5180 trahitur
1401 5125 1472 5180 ad
1489 5131 1727 5180 mortem
1738 5131 1960 5191 aeterna:
1978 5144 2102 5199 per-
2181 5134 2314 5183 sunt
2342 5130 2537 5192 vocati,
2560 5126 2658 5183 sed
2685 5129 2851 5195 pauci
2878 5129 3031 5180 electi
3062 5125 3279 5196 (Matth.
3312 5126 3430 5195 xx),
3462 5124 3559 5179 sed
3584 5124 3672 5178 illa
3695 5122 3752 5174 de

499 5213 752 5277 ditionis.
776 5212 849 5277 Et
872 5211 1015 5273 bene
1039 5213 1178 5267 dixit
1200 5215 1270 5267 ab
1300 5215 1552 5282 operibus
1593 5219 1829 5269 mortuis
1853 5234 1868 5268 :
1900 5215 1950 5270 si
1974 5216 2099 5288 quis
2182 5234 2295 5288 qua
2318 5217 2466 5271 idem
2496 5215 2754 5287 egregius
2795 5214 3127 5285 praedicator
3154 5214 3410 5283 loquens,
3442 5214 3523 5267 ait
3556 5213 3621 5266 de
3664 5211 3755 5267 ele-

495 5303 648 5365 anim
677 5302 738 5367 in
772 5301 896 5372 lege
932 5302 1201 5372 tangebat
1244 5308 1550 5367 mortuum,
1603 5304 1976 5375 polluebatur,
2009 5312 2099 5361 ta—
2180 5306 2285 5360 ctis
2322 5306 2422 5360 Dei
2468 5322 2608 5377 quos
2670 5302 2967 5374 praescivit,
3018 5302 3120 5355 hos
3167 5308 3224 5354 et
3269 5301 3679 5372 praedestinavit
3709 5303 3757 5352 et

492 5408 627 5456 men
642 5390 967 5462 sapersiono
988 5389 1277 5460 sanguinis
1298 5396 1494 5460 postea
1510 5391 1907 5449 mundabatur.
1931 5391 2094 5447 Simi-
2177 5412 2316 5467 quos
2344 5393 2778 5465 praedestinavit,
2806 5392 2908 5449 hos
2937 5397 2994 5445 et
3024 5390 3250 5453 vocavit,
3276 5395 3332 5444 et
3363 5407 3508 5467 quos
3545 5387 3753 5449 vocavit,

495 5480 627 5547 liter
644 5480 745 5551 qui
764 5479 1018 5543 imitatus
1045 5479 1215 5539 fuerit
1234 5495 1376 5548 opus
1397 5485 1631 5535 mortua:
1658 5482 1880 5549 animae,
1912 5482 2094 5553 inqui-
2175 5464 2301 5538 illos
2329 5464 2386 5537 et
2408 5481 2759 5554 justiﬁcavit,
2787 5485 2841 5535 et
2872 5496 3011 5551 quos
3035 5464 3393 5550 justiﬁcavit,
3411 5479 3537 5533 illos
3563 5486 3617 5533 et
3650 5492 3758 5530 ma-

486 5570 664 5626 batur
693 5587 705 5623 :
738 5575 929 5625 tamen
954 5584 1056 5640 per
1084 5567 1252 5621 ﬁdem
1281 5567 1583 5623 Dominicaa
1620 5569 1895 5639 passionis
1927 5585 2093 5625 mun-
2172 5571 2481 5642 gniﬁcavit.
2525 5570 2778 5627 Titulum
2832 5574 3024 5625 autem
3071 5572 3291 5623 aeternae
3329 5566 3666 5622 hereditatis
3702 5579 3758 5618 ex
