3884 6154
440 138 571 226 ss?

944 173 1320 229 ll.\Y.\lONlS
1352 176 1836 232 llALllERSTAT.
1874 176 2090 231 EPISC.
2123 175 2281 229 OPI’.
2319 174 2501 228 PARS
2534 174 2577 232 l.
2618 203 2680 212 —-
2713 172 3084 227 COMMENT.
3119 136 3288 229 BiBL.

3574 177 3654 232 888

470 294 652 367 Igitur
679 295 776 352 illa
803 296 1034 353 fuerunt
1058 300 1395 369 exemplaria
1428 307 1483 353 et
1531 299 1721 369 ﬁgura:
1774 316 2053 361 verorum,
2076 300 2373 359 Asccundo
2401 301 2519 351 sine
2545 303 2759 366 peccato
2799 296 3084 364 apparebit
3125 300 3522 366 exspectantibus
3546 317 3586 354 se
3611 306 3655 356 in

473 384 608 455 quia
626 384 733 439 ista
753 386 1114 441 veraSancta
1139 396 1459 442 sanctorum
1484 388 1919 458 psseﬁgurabant
1938 404 2061 458 quae

470 472 729 529 Christus
753 476 926 529 semel
954 475 1169 529 introiit
1229 477 1467 530 Introire
1492 483 1679 530 autem
1710 476 1952 530 dicimus
1976 477 2063 531 Je-

472 577 599 617 sum
628 564 932 617 secundum
959 564 1014 617 id
1045 564 1191 634 quod
1221 565 1389 618 homo
1436 570 1539 618 est.
1563 565 1706 619 Nam
1751 565 2060 620 secundum

470 650 530 707 id
560 652 707 722 quod
739 652 889 707 Deus
915 657 1020 715 est,
1054 651 1261 723 ubique
1287 659 1392 721 est,
1422 659 1482 708 et
1507 654 1696 708 omnia
1723 654 1939 726 implet,
1962 671 2065 710 nec

473 738 534 793 in
557 739 888 794 manufactis
917 739 1208 794 hominum
1235 741 1452 796 introiit
1488 743 1587 797 sed
1628 742 1687 797 in
1723 743 1905 815 ipsum
1951 759 2065 797 cas-

469 827 880 898 lum,jussione
898 828 1001 883 Dei
1034 834 1308 884 creatum.
1342 831 1459 885 Nec
1503 832 1647 886 hanc
1692 832 1868 887 solam
1908 831 2064 887 diffe-

471 914 713 971 rentiam
742 918 1006 984 ostendit,
1036 918 1133 974 sed
1174 918 1346 973 etiam
1386 920 1707 991 pontiﬁcem
1751 922 2069 992 proximum

474 1004 722 1075 primum
769 1005 1057 1070 factorem,
1092 1012 1157 1062 ut
1198 1014 1488 1080 appareat,
1514 1009 1700 1079 inquit
1738 1009 1913 1064 vultui
1969 1007 2071 1063 Dei

471 1109 574 1163 pro
603 1093 784 1162 nobis,
815 1094 925 1149 hoc
949 1101 1052 1162 est,
1087 1104 1153 1152 ut
1201 1098 1449 1169 seipsum
1506 1097 1766 1153 exhibeat
1803 1098 2065 1170 potentiae

472 1187 723 1252 paternae
769 1182 1043 1256 nobisque
1085 1186 1245 1241 illum
1289 1186 1596 1257 prapitium
1656 1186 1875 1242 reddat.
1906 1186 2066 1243 Unde

2141 389 2396 447 salutem,
2419 386 2533 439 tale
2554 390 2645 439 est
2670 402 2736 439 ac
2768 384 2816 438 si
2845 383 3088 438 diceret:
3115 384 3357 439 Primum
3385 386 3657 457 quidemille

2143 474 2404 545 apparuit
2428 491 2526 545 per
2547 475 2791 528 hostiam
2816 489 2997 538 suam,
3023 472 3124 527 hoc
3141 483 3227 527 est
3247 490 3342 544 per
3356 490 3534 545 corpus
3553 492 3659 529 mor-

2143 565 2274 625 tale,
2293 563 2441 633 quod
2465 562 2569 616 fuit
2596 562 2778 615 hostia
2795 577 2895 632 pro
2911 565 3153 632 peccato,
3174 566 3410 616 secundo
3420 570 3581 617 autem
3593 580 3660 634 ap-

2144 651 2365 724 parebit
2382 650 2502 705 sine
2514 650 2699 707 hostia
2712 665 2815 721 pro
2830 656 3076 719 peccato,
3089 649 3221 720 quia
3231 649 3346 720 jam
3360 666 3465 705 non
3478 651 3662 706 erithos-

2145 741 2229 795 tia
2243 756 2343 812 pro
2360 739 2755 811 peccato,sicut
2768 738 2922 809 prius
2932 737 3187 793 fuit.Non
3202 737 3348 793 enim
3367 740 3550 810 poterit
3557 740 3664 795 dein-

2148 845 2278 900 ceps
2307 828 2472 883 mori.
2506 827 2665 882 Sicut
2700 826 2849 881 enim
2892 825 3278 897 unusquisque
3316 832 3548 881 nostrum
3578 835 3666 899 post

2152 922 2389 972 mortem
2407 915 2608 987 recipit
2616 917 2784 986 juxta
2798 930 2970 986 opera
2986 931 3090 970 sua
3111 933 3124 968 :
3149 914 3231 970 ita
3249 915 3490 970 Christus
3506 916 3666 971 devicta

2152 1010 2355 1068 morte,
2373 1010 2431 1059 et
2457 1005 2660 1074 adepto
2685 1005 3116 1073 regno,secundo
3136 1006 3415 1073 apparebit
3430 1011 3669 1072 exspectati-

2149 1097 2294 1149 tibus
2312 1096 2430 1148 sein
2458 1095 2713 1151 salutem.
2750 1098 2811 1145 ut
2833 1093 2988 1161 juste
3013 1091 3256 1147 vindicet
3282 1107 3426 1158 suos,
3455 1091 3538 1163 qui
3554 1094 3666 1163 just:

2146 1199 2344 1255 passus
2358 1187 2446 1236 est
2461 1181 2532 1235 ab
2550 1181 2766 1236 alienis.
2779 1181 2968 1235 Melior
2980 1185 3068 1234 est
3088 1180 3204 1234 haec
3224 1180 3490 1251 apparitio
3505 1197 3671 1251 exspec-

476 1271 724 1326 Joannes
757 1271 893 1327 dicit
920 1292 934 1327 :
980 1273 1321 1329 Advocatum
1379 1276 1640 1329 habemus
1667 1277 1817 1344 apud
1849 1278 2065 1330 Patrem
2152 1270 2399 1325 tantibus
2418 1287 2478 1325 se
2498 1269 2556 1323 in
2575 1270 2837 1332 salutem,
2865 1285 3034 1340 quam
3065 1268 3377 1323 communis
3396 1267 3515 1323 visio
3528 1268 3671 1339 deque

474 1363 663 1417 Iesum
682 1364 927 1431 justum,
956 1367 1006 1415 et
1033 1365 1146 1430 ipse
1182 1368 1255 1417 est
1303 1366 1629 1432 propitiatio
1684 1380 1784 1433 pro
1834 1367 2068 1432 peccatis
2150 1359 2384 1414 dicitur:
2427 1360 2623 1414 Vibebit
2652 1375 2779 1412 eum
2806 1361 2990 1412 omnis
3008 1360 3274 1421 acutus,et
3302 1360 3398 1427 qui
3410 1373 3522 1411 eum
3544 1373 3673 1425 pupu-

476 1452 684 1505 nostris
699 1451 887 1520 (Joan.
924 1453 1003 1514 II).
1036 1452 1217 1519 Neque
1245 1451 1397 1506 enim
1429 1456 1491 1505 ut
1518 1468 1649 1521 sape
1675 1455 1863 1519 offerat
1884 1458 2068 1507 semet-
2150 1452 2352 1516 gerunt
2381 1447 2762 1517 (.tpoc.l).Hoc
2782 1452 2868 1501 est
2896 1462 3030 1516 ergo
3059 1445 3306 1500 secundo
3334 1460 3572 1516 apparere
3587 1444 3670 1499 sine

477 1540 1149 1607 ipmm,quemadmodum
1173 1542 1423 1609 ponti/ea;
1443 1543 1621 1595 intrat
1651 1544 1715 1595 in
1730 1539 2073 1596 Sanctasan-
2153 1542 2380 1608 peccato
2402 1538 2523 1607 jam
2553 1552 2665 1590 non
2681 1536 2858 1590 videri
2888 1535 2947 1590 in
2976 1534 3402 1590 similitudinem
3422 1534 3578 1589 carnis
3591 1550 3676 1605 pec-

478 1630 695 1681 ctorum
723 1642 821 1696 per
841 1629 1088 1695 singulos
1107 1644 1285 1682 annos
1301 1631 1366 1683 in
1392 1632 1669 1698 sanguine
1694 1632 1879 1684 alieno
1900 1633 2072 1693 ;atio-
2091 1647 2140 1708 B
2154 1625 2285 1693 cati,
2325 1625 2424 1680 sed
2453 1642 2556 1679 nec
2583 1625 2822 1680 aliorum
2844 1628 3072 1696 peccata
3090 1627 3410 1694 portantem
3435 1623 3489 1677 in
3504 1637 3677 1694 corpore

477 1716 618 1782 quin
638 1715 913 1783 oportebat
942 1732 1070 1769 eum
1097 1717 1418 1785 frequenter
1438 1721 1564 1786 pati
1591 1719 1659 1772 ab
1681 1722 1899 1787 origine
1914 1735 2078 1774 mun-
2156 1730 2258 1769 suo
2285 1730 2456 1785 super
2482 1714 2719 1784 lignum,
2742 1714 2887 1768 sicut
2912 1712 2972 1768 in
3000 1713 3186 1785 primo
3214 1712 3451 1767 adventu
3466 1711 3587 1777 fecit,
3607 1726 3677 1765 nec

478 1802 687 1857 di.Non
714 1808 801 1857 est
830 1803 1089 1859 Christus
1116 1805 1189 1859 ad
1216 1804 1322 1860 hoc
1348 1804 1637 1877 ingressus
1654 1807 1710 1861 in
1732 1807 1935 1863 Sancta
1952 1824 2077 1863 san-
2156 1803 2494 1858 intervenire
2516 1802 2759 1874 amplius
2777 1819 2879 1874 pro
2897 1801 3269 1874 pecmtis,scd
3288 1800 3559 1855 vindictam
3572 1814 3681 1853 exer-

480 1896 794 1957 ctorum,ut
815 1907 962 1964 saepe
988 1895 1352 1965 semetipsum
1381 1895 1583 1950 oﬁ‘erat
1600 1896 2075 1967 quemadmodum
2156 1908 2283 1947 cere
2313 1892 2370 1946 in
2401 1897 2713 1963 peccantes.

477 1980 727 2051 pontifex
747 1980 1071 2037 Iudaeorum
1099 1982 1521 2053 ingrediebatur
1548 1986 1609 2039 in
1637 1986 1841 2039 Sancta
1859 1990 2078 2040 sancto-

478 2086 606 2126 rum
637 2085 739 2141 per
760 2069 1010 2140 singulos
1025 2086 1412 2142 annos,neque
1425 2088 1553 2126 cum
1571 2074 1847 2145 sanguine
1865 2072 2072 2136 alieno,
2793 2034 3028 2090 CAPUT
3061 2035 3125 2089 x'

479 2158 579 2214 sed
606 2174 734 2213 cum
761 2174 885 2224 suo,
912 2159 1180 2229 quoniam
1209 2159 1328 2229 ipse
1356 2161 1453 2230 qui
1481 2162 1745 2216 sacerdos
1774 2167 1858 2217 est
1882 2166 1942 2216 et
1977 2177 2070 2215 sa-
2231 2162 2491 2216 Umbram
2518 2163 2669 2215 enim
2692 2160 2893 2214 habens
2905 2161 3333 2227 lemfuturorum
3355 2159 3587 2212 bonorum
3604 2171 3679 2209 non

478 2246 771 2313 oriﬁcium,
801 2247 976 2302 semel
1000 2237 1251 2318 seipsum
1278 2248 1481 2303 obtulit
1508 2249 1567 2303 in
1592 2266 1693 2304 ara
1732 2250 1913 2305 crucis
1937 2272 1947 2306 :
2001 2266 2068 2304 ac
2149 2253 2327 2321 ipsam
2346 2252 2648 2316 imaginem
2661 2264 2849 2302 rerum
2860 2250 3225 2317 persingulos
3251 2263 3423 2302 annos
3435 2246 3600 2300 eisdem
3622 2249 3680 2313 ip-

482 2350 613 2390 vero
641 2349 934 2403 resurgens
952 2351 987 2388 a
1007 2338 1381 2404 mortuisjam
1410 2353 1523 2391 non
1550 2341 1968 2404 moritur,mors
1988 2341 2082 2393 illi
2160 2341 2234 2393 sis
2262 2339 2452 2391 hostiis
2484 2353 2622 2406 quas
2657 2340 2897 2405 offerunt
2916 2337 3317 2402 indesinenter,
3342 2349 3597 2403 nunquam
3618 2348 3681 2402 po-

481 2426 640 2478 uttra
667 2438 781 2477 non
807 2424 1191 2479 dominabitur
1208 2426 1377 2489 (Rom.
1410 2428 1512 2492 v1):
1537 2443 1641 2482 nec
1666 2432 1754 2482 est
1771 2444 1997 2483 necesse
2017 2432 2081 2483 ut
2163 2431 2261 2481 test
2295 2426 2599 2480 accedentes
2630 2425 2893 2494 perfectos
2919 2423 3295 2493 facere.0rdo
3315 2422 3679 2479 verborumest:

481 2511 728 2583 amplius
764 2510 1059 2577 moriatur,
1091 2513 1358 2583 quoniam
1413 2515 1485 2569 ad
1529 2515 1771 2570 salutem
1823 2515 2077 2571 omnium
2162 2513 2387 2569 Habens
2407 2513 2494 2568 lex
2515 2512 2771 2568 umbram
2792 2513 3110 2567 futurorum
3138 2511 3413 2567 bonorum
3436 2526 3538 2565 non
3552 2510 3681 2581 ipsam

484 2600 831 2655 credentium
860 2600 999 2655 satis
1026 2601 1234 2656 sufﬁcit
1252 2618 1366 2656 una
1397 2602 1582 2674 passio
1609 2604 1753 2675 ejus.
2158 2602 2461 2674 imaginem
2490 2618 2700 2666 rerum,
2724 2617 3013 2671 nunquam
3034 2605 3225 2672 potest
3251 2599 3555 2656 accedentes
3575 2596 3683 2651 adse

552 2690 839 2757 Alioquin,
870 2689 974 2743 hoc
1002 2694 1090 2744 est
1110 2690 1159 2743 si
1189 2690 1356 2745 aliter
1383 2697 1549 2754 esset,
1575 2697 1640 2746 ut
1676 2692 1851 2759 semel
1879 2709 2076 2763 passus
2157 2692 2433 2763 perfectos
2451 2691 2631 2745 facere
2649 2690 2861 2745 eisdem
2880 2690 3017 2761 ipsis
3028 2689 3232 2744 hostiis
3257 2705 3393 2761 quas
3406 2688 3613 2742 otl'erunt
3624 2683 3684 2737 in-

481 2793 597 2832 non
623 2777 915 2849 prodesset
942 2778 1224 2846 omnibus,
1262 2780 1463 2850 saepius
1491 2786 1778 2851 oporteret
1795 2797 1925 2835 eum
1946 2798 2075 2836 cru-
2155 2779 2481 2835 desinenter
2498 2796 2599 2850 per
2625 2779 2875 2849 singulos
2905 2793 3102 2833 annos.
3126 2778 3347 2832 Futura
3374 2777 3506 2831 bona
3526 2770 3685 2828 duobus

481 2866 633 2938 ciﬁgi
657 2865 728 2921 ab
741 2866 958 2937 origine
986 2867 1201 2936 mundi,
1228 2868 1335 2923 hoc
1359 2873 1463 2935 est,
1496 2876 1632 2939 quot
1659 2869 1890 2924 fuerunt
1915 2870 2076 2925 electi
2157 2868 2339 2923 modis
2386 2867 2756 2938 intelligenda
2792 2871 2943 2932 sunt,
2975 2866 3240 2921 videlicet
3272 2866 3357 2920 vel
3405 2865 3684 2918 sacramenta

483 2959 543 3010 et
565 2959 705 3028 quot
728 2955 906 3011 futuri
932 2961 1069 3016 sunt
1094 2972 1196 3027 pro
1225 2957 1465 3028 singulis
1492 2958 1635 3012 mori
1660 2958 1820 3013 illum
1848 2967 2075 3030 oporte-
2094 2960 2137 3020 Ο
2161 2973 2284 3028 quae
2315 2957 2375 3011 in
2402 2957 2639 3011 veritate
2684 2956 2743 3010 in
2772 2955 2997 3011 Christo
3021 2961 3079 3009 et
3127 2955 3188 3009 in
3217 2954 3458 3010 Ecclesia
3472 2950 3685 3021 completa

481 3044 644 3108 ret,si
662 3060 760 3099 eos
778 3045 1057 3100 redimere
1079 3045 1242 3099 vellet
1267 3064 1280 3111 ;
1308 3046 1407 3100 sed
1426 3047 1608 3101 noluit
1622 3047 1733 3101 nisi
1757 3052 1977 3102 tantum
1995 3064 2078 3102 se-

483 3132 597 3187 mel
626 3133 929 3204 mori,quia
947 3149 1062 3188 una
1089 3139 1270 3188 morte
1288 3134 1441 3189 illius
1460 3135 1773 3207 redemptio
1796 3136 1944 3190 facta
1968 3142 2072 3191 est.

552 3220 716 3276 Nunc
750 3227 939 3275 autem
965 3225 1127 3275 semet
1151 3224 1215 3276 in
1251 3227 1739 3285 consummatione,
1773 3224 1878 3278 hoc
1905 3231 1991 3278 est
2018 3224 2077 3278 in

482 3309 597 3365 ﬁne
608 3311 937 3364 saeculorum
952 3308 1013 3363 in
1032 3308 1335 3364 novissima
1348 3313 1612 3373 aetate,ad
1637 3312 2077 3367 destructionem

475 3401 687 3467 peccati
702 3412 799 3466 per
813 3398 1049 3452 hostiam
1062 3413 1224 3451 suam
1242 3399 1639 3468 apparuit,hoc
1655 3405 1740 3455 est
1759 3417 1861 3472 per
1876 3417 2079 3472 corpus

482 3502 649 3542 suum
677 3486 824 3557 quod
855 3486 990 3541 fecit
1015 3486 1257 3541 hostiam
1277 3502 1378 3556 pro
1392 3488 1850 3557 peccato.Semel,
1866 3489 2069 3560 inquit,

482 3575 541 3630 in
578 3577 691 3631 ﬁne
722 3576 1052 3631 saeculorum
1078 3575 1150 3630 ad
1170 3576 1274 3630 hoc
1302 3576 1585 3648 apparuit,
1617 3581 1684 3632 ut
1711 3593 1813 3648 per
1832 3577 2075 3632 hostiam

483 3681 643 3721 suam
664 3665 984 3721 destrueret
1007 3671 1318 3736 peccatum.
1351 3666 1551 3720 Merito
1604 3672 1742 3722 tunc
1788 3668 2069 3739 apparuit,

482 3754 706 3825 quando
735 3754 916 3809 multa
939 3758 1103 3808 erant
1137 3759 1385 3825 peccata,
1419 3760 1484 3810 ut
1509 3756 1833 3811 ostenderet
1851 3755 2075 3810 divitias

481 3842 680 3912 gratim
708 3842 911 3913 sum.Si
929 3843 1081 3897 enim
1108 3842 1165 3897 in
1190 3842 1464 3915 principio
1493 3844 1932 3912 ﬁeret,fortassis
1952 3845 2078 3899 nul-

482 3930 574 3985 lus
610 3930 865 3986 crederet
891 3937 946 3986 et
976 3930 1082 3986 hoc
1106 3931 1280 3987 semel
1299 3932 1359 3987 in
1386 3933 1870 3988 consummatione
1900 3949 2076 3988 saecu-

482 4019 688 4088 lorum,
715 4036 817 4092 per
838 4020 1127 4093 proprium
1155 4022 1509 4093 sanguinem,
1538 4039 1651 4078 non
1672 4039 1773 4094 per
1790 4021 2065 4082 alienum.

554 4109 623 4163 Et
648 4110 1112 4178 quemadmodum
1139 4115 1410 4165 statutum
1444 4117 1520 4166 est
1567 4112 1885 4166 hominibus
1911 4112 2075 4166 semet

2159 3049 2309 3109 sunt,
2343 3061 2467 3116 quae
2493 3044 2683 3100 futura
2712 3049 2874 3099 erant
2892 3049 2954 3098 ut
2980 3043 3351 3111 venirent,vel
3372 3036 3685 3110 etiamgsudia

2160 3133 2354 3205 patriae
2373 3133 2634 3188 caelestis.
2669 3131 2937 3187 Umbram
2952 3138 3143 3186 autem
3157 3137 3323 3187 vocat
3341 3132 3553 3201 ﬁguram
3571 3131 3615 3180 et
3626 3125 3681 3179 si-

2159 3222 2562 3285 militudinem,
2585 3222 2886 3291 imaginem
2917 3225 3105 3275 autem
3150 3237 3258 3291 pro
3303 3220 3520 3273 veritate
3543 3214 3677 3286 ponit.

2157 3310 2515 3368 Multifariam
2545 3309 2722 3380 igitur
2748 3314 3102 3363 sacramenta
3132 3308 3346 3364 Christi
3397 3312 3451 3361 et
3490 3300 3684 3360 Ecclesia

2160 3416 2260 3470 per
2287 3399 2528 3470 ﬁguram
2555 3397 2905 3461 ostendebat,
2935 3399 3114 3452 donec
3144 3397 3365 3453 veniret
3391 3396 3502 3467 ipsa
3521 3391 3684 3446 Veritas

2155 3487 2533 3557 Christus,qui
2551 3486 2876 3541 interiorem
2892 3487 3143 3556 ejusdem
3160 3487 3360 3557 ﬁgura;
3381 3497 3578 3539 sensum
3590 3479 3684 3533 data

2153 3576 2338 3646 gratia
2369 3575 2610 3646 Spiritus
2639 3575 2819 3630 sancti
2845 3574 3102 3631 Ecclesia
3140 3592 3262 3632 sum
3290 3573 3605 3647 patefaceret,
3629 3566 3682 3620 si-

2157 3665 2387 3735 mulque
2416 3664 2705 3718 moriendo
2725 3664 2785 3718 in
2827 3680 3011 3731 cruce,
3033 3664 3229 3720 omnia
3259 3665 3358 3719 illa
3402 3660 3682 3717 sacramenta

2155 3753 2448 3808 revelaret.
2472 3754 2775 3823 Nunquam
2808 3758 3000 3808 autem
3029 3752 3215 3824 potuit
3243 3751 3545 3807 accedentes
3567 3744 3621 3799 sd
3641 3758 3681 3796 se

2156 3841 2398 3912 perfecte
2427 3841 2699 3896 mundare
2726 3841 2936 3896 eisdem
2964 3841 3105 3912 ipsis
3132 3842 3336 3896 hostiis
3365 3855 3493 3912 quas
3516 3846 3681 3903 semper

2156 3930 2466 3985 offerebant
2478 3930 2585 4002 ipsi
2596 3930 2913 3985 sacerdotes
2931 3947 3031 4002 per
3041 3930 3298 4001 singulos
3311 3921 3677 3985 annosEasdem

2156 4019 2305 4073 enim
2326 4018 2477 4090 ipsas
2501 4019 2714 4074 hostias
2728 4018 3145 4074 irrationabiles
3163 4018 3465 4075 offerebant
3479 4010 3677 4070 omnibus

2148 4107 2338 4172 annis,
2370 4109 2574 4163 arietes
2621 4107 2891 4170 videlicet,
2923 4108 3109 4175 boves,
3161 4108 3368 4173 hircos,
3392 4109 3620 4165 turtures,
3641 4101 3679 4150 εί

483 4198 769 4264 mori,post
790 4197 888 4250 hoc
913 4200 1100 4250 autem
1110 4198 1394 4266 judicium
1427 4218 1443 4252 :
1471 4202 1550 4252 sic
1572 4205 1623 4253 et
1646 4200 1900 4255 Christus
1912 4202 2073 4254 semel
2089 4231 2138 4291 Β
2155 4196 2459 4251 columbas.
2482 4196 2749 4268 Sequitur
2777 4213 2790 4251 :
2812 4198 3079 4266 Alioquin
3099 4201 3388 4252 cessassent
3405 4187 3676 4291 οπενήτίάεξ)

485 4284 699 4337 oblatus
726 4289 801 4336 est
827 4284 903 4337 ad
961 4286 1270 4339 multorum
1297 4287 1673 4341 exhaurienda
1695 4293 1916 4356 peccata
1942 4305 1959 4351 ;
1992 4305 2076 4342 se-
2092 4274 2137 4291 ’⁷
2157 4287 2300 4354 quod
2320 4287 2540 4339 nullam
2558 4286 2813 4339 haberent
2830 4289 2983 4340 ultra
2999 4288 3390 4341 conscientiam
3406 4274 3680 4353 peccatum-

486 4370 665 4425 cundo
691 4371 811 4423 sine
832 4375 1048 4439 peccato
1061 4373 1345 4440 apparebit
1365 4378 1795 4443 exspectantibus
1820 4394 1874 4432 se
1900 4380 1962 4431 in
1984 4393 2076 4431 sa-

491 4459 681 4513 lutem.
716 4458 873 4514 Sicut
898 4459 1222 4515 hominibus
1250 4465 1527 4517 statutum
1566 4468 1624 4517 et
1650 4464 1934 4519 decretum
1967 4469 2070 4529 est,

486 4550 553 4604 ut
574 4562 687 4602 non
717 4548 937 4620 possint
960 4549 1104 4603 mori
1130 4548 1238 4605 nisi
1262 4551 1455 4617 semel,
1484 4557 1680 4622 postea
1709 4558 1898 4608 autem
1929 4554 2077 4608 acci-

483 4637 645 4708 piant
658 4637 958 4708 judicium,
984 4637 1090 4692 hoc
1107 4644 1192 4693 est
1219 4645 1388 4709 prout
1414 4640 1802 4711 unusquisque
1828 4642 2006 4711 gessit
2022 4643 2081 4696 in

485 4743 720 4798 corpore
747 4727 863 4782 sive
898 4726 1130 4795 bonum,
1161 4726 1277 4782 sive
1329 4728 1577 4783 malum:
1608 4729 1688 4782 sic
1715 4735 1772 4783 et
1819 4729 2080 4785 Christus

485 4816 660 4871 semel
688 4816 909 4873 oblatus
937 4821 1025 4872 est
1045 4833 1082 4871 a
1112 4816 1415 4889 semetipso
1441 4817 1514 4872 ad
1541 4817 1847 4873 multorum
1875 4819 2078 4874 tollen-

485 4904 559 4959 da
582 4911 830 4976 peccata,
863 4923 966 4962 nec
993 4912 1179 4978 potest
1201 4907 1445 4979 amplius
1473 4907 1636 4971 mori,
1660 4906 1757 4962 sed
1785 4923 1889 4962 nec
1931 4907 2081 4963 indi-

484 5007 703 5063 gemus.
716 4994 1039 5051 Notandum
1065 5003 1255 5052 autem
1277 4996 1350 5051 ad
1364 4997 1671 5051 multorum
1689 4997 1940 5051 tollenda
1956 5012 2082 5068 pec-

488 5084 617 5134 cata
641 5079 802 5136 illum
837 5098 960 5138 esse
987 5083 1256 5151 oblatum,
1288 5090 1347 5139 et
1372 5100 1480 5139 non
1506 5083 1780 5147 omnium,
1807 5085 1939 5155 quia
1967 5101 2078 5139 non

486 5183 683 5222 omnes
708 5169 974 5224 credituri
1004 5178 1155 5226 sunt.
1187 5174 1321 5227 Tale
1366 5178 1455 5228 est
1480 5173 1629 5245 quod
1656 5173 1777 5244 ipse
1807 5173 2080 5228 Dominus

482 5257 753 5329 apostolis
780 5257 895 5313 ait:
923 5261 1027 5315 Hic
1052 5266 1127 5314 est
1155 5266 1384 5329 sanguis
1411 5279 1563 5318 meus
1587 5266 1717 5318 novi
1746 5266 2075 5329 testamenti,

480 5349 583 5416 qui
610 5362 713 5418 pro
739 5344 893 5401 vobis
915 5353 974 5401 et
993 5362 1099 5415 pro
1121 5353 1317 5404 multis
1354 5353 1667 5417 e/l'undetur
1694 5354 1759 5406 in
1800 5353 2078 5405 remissio-

481 5451 608 5491 nem
631 5439 982 5505 peccatorum
1004 5433 1558 5506 (Matth.xxvr).Quod
1581 5446 1773 5497 autem
1795 5439 2068 5511 sequitur:

2161 4379 2298 4428 tores
2320 4376 2479 4427 illius
2492 4376 2655 4428 semel
2673 4375 2956 4438 mandati;
2980 4375 3072 4429 sed
3083 4377 3144 4429 in
3164 4377 3301 4442 ipsis
3311 4363 3679 4428 commemoratio

2154 4468 2501 4532 peccatorum
2516 4477 2618 4530 per
2636 4464 2884 4529 singulos
2903 4478 3082 4517 annos
3109 4465 3190 4530 ﬁt.
3218 4459 3491 4532 Alioquin,
3518 4455 3601 4509 hoc
3617 4456 3679 4503 est

2158 4550 2206 4604 si
2230 4549 2301 4604 ab
2330 4549 2590 4604 omnibus
2636 4555 2827 4604 essent
2877 4548 3099 4604 liberati
3144 4550 3406 4620 peccatis,
3435 4540 3681 4601 cessassent

2163 4638 2352 4694 oﬁ‘erri
2372 4638 2479 4693 illae
2509 4638 2704 4692 hostiae
2733 4653 2799 4691 eo
2830 4637 2980 4709 quod
3013 4638 3228 4693 nullam
3280 4637 3532 4692 haberent
3573 4628 3681 4683 ultra

2160 4727 2580 4792 conscientiam,
2612 4726 2671 4780 id
2717 4732 2801 4781 est
2833 4726 3163 4781 memoriam
3204 4732 3263 4782 et
3308 4720 3678 4782 recordationem

2160 4820 2516 4888 peccatorum
2544 4815 2768 4869 illorum
2794 4833 2828 4869 ιι
2857 4815 3061 4886 quibus
3088 4814 3331 4871 cultores
3383 4812 3518 4867 illius
3551 4799 3679 4861 semel

2161 4904 2417 4960 mundati
2447 4909 2653 4959 essent.
2681 4903 2791 4957 Sed
2813 4903 2948 4975 quia
2981 4904 3088 4959 hoc
3127 4920 3241 4959 non
3285 4901 3455 4975 potuit
3504 4894 3618 4952 ﬁeri.
3640 4894 3679 4943 et

2161 5009 2451 5065 nunquam
2483 4998 2790 5064 potuerunt
2819 4994 3039 5064 majora
3081 4998 3136 5047 et
3169 4990 3471 5047 criminalia
3508 4984 3679 5057 peccata

2162 5082 2273 5137 illis
2301 5080 2590 5136 sacriﬁciis
2610 5080 2870 5135 mundari
2894 5099 2908 5147 ;
2931 5082 2997 5136 ﬁt
3015 5098 3116 5152 per
3135 5081 3382 5152 singulos
3398 5091 3552 5133 annos
3562 5083 3678 5125 com-

2162 5170 2496 5225 memoratio
2522 5173 2880 5240 peccatorum
2900 5170 2959 5223 in
2972 5169 3109 5240 ipsis
3127 5169 3326 5225 hostiis
3347 5188 3361 5236 ;
3382 5155 3673 5232 verbigratia:

2160 5260 2221 5316 Si
2237 5259 2533 5314 obtulisset
2553 5256 2680 5327 quis
2703 5258 2965 5328 praesenti
3002 5274 3150 5313 anno
3170 5258 3377 5313 hostias
3392 5270 3485 5327 pro
3502 5250 3675 5322 peccato

2158 5347 2551 5413 adulterii,aut
2562 5345 2863 5416 sacrilegii,
2891 5352 2992 5401 aut
3006 5346 3308 5418 parricidii,
3339 5356 3539 5400 necesse
3568 5338 3672 5390 erat»

2155 5444 2223 5494 ut
2231 5435 2494 5492 omnibus
2503 5433 2672 5489 annis
2679 5433 2738 5489 id
2752 5436 3236 5509 agereuquoniam
3253 5451 3361 5491 non
3380 5430 3571 5505 poterat
3584 5434 3673 5495 per-
