3992 6166
245 249 350 306 889
910 260 1285 323 EXPOSITIO
1326 261 1400 317 IN
1445 263 1595 317 EPP.
1641 266 1696 316 S.
1742 261 1976 315 PAULI.
2024 291 2081 302 --
2128 263 2201 316 ΙΝ
2245 261 2462 315 EPIST.
2507 261 2602 323 AD
2647 259 2852 313 llEBlt.
3412 260 3518 315 890

240 376 380 430 facte
408 380 617 448 expiari
648 382 719 436 ab
748 384 843 438 illo
876 387 1111 457 piaculo.
1139 387 1381 444 Proinde
1405 386 1687 441 accusatio
1712 402 1833 457 pec-
1851 389 1896 445 A
1917 385 2234 456 fectamque
2266 383 2779 446 mundationem,et
2807 383 2985 439 forma
3014 387 3194 456 magis
3212 385 3516 445 fuissemec

242 471 493 520 catorum
518 469 780 540 fuitquod
803 474 991 537 ﬁebat,
1015 494 1125 532 non
1147 478 1371 542 solutio;
1393 476 1674 529 accusatio
1692 475 1845 529 inﬁr—
1925 489 2046 527 esse
2068 473 2436 543 acceptabiles
2458 473 2862 543 Deo,quoniam
2886 474 2955 527 ab
2982 474 3141 528 initio
3163 491 3273 528 non
3291 475 3517 545 placue-

242 554 591 620 mitatis,non
617 559 837 614 virtutis
858 565 1197 620 ostensio.ln
1216 565 1440 620 eoenim
1456 564 1603 635 quod
1619 580 1843 633 semper
1925 569 2056 615 runt
2084 562 2153 615 ei.
2206 564 2330 617 Non
2357 568 2441 615 est
2469 563 2781 632 putandum
2811 562 2959 632 quod
2990 563 3344 633 omnipotens
3370 563 3517 617 Deus

241 642 638 707 offerebantur,
668 648 993 720 redargutio
1013 664 1367 724 peccatorum
1394 658 1516 707 erat
1540 670 1553 706 :
1578 653 1635 706 in
1657 668 1721 706 eo
1744 668 1842 705 au-
1923 650 2118 704 nidore
2130 650 2383 703 carnium
2397 648 3253 709 etconcremationeanimalium
3268 665 3519 719 unquam

239 736 352 784 tem
374 734 521 803 quod
550 751 774 806 semper
794 743 1461 813 necessaria.redargutio
1493 742 1839 797 inﬁrmitatis
1922 738 2233 793 delectatus
2262 738 2449 804 fuerit,
2474 737 2603 792 licet
2624 740 2846 807 legatur
2871 738 3137 793 odoratus
3154 754 3274 793 esse
3288 738 3519 792 odorem

240 820 491 890 ejusdem
542 825 817 881 sacriﬁcii.
852 829 1090 901 Propter
1117 832 1244 895 hoc,
1274 832 1475 902 inquit,
1519 831 1842 902 impetravit

237 925 462 981 semper
487 911 673 967 oﬁ'erri
696 921 925 986 propter
953 918 1360 986 inﬁrmitatem,
1382 920 1516 991 quia
1540 937 1651 974 non
1678 925 1837 990 pote-

237 1001 327 1052 rat
354 999 598 1069 perfecte
622 1005 914 1072 mundare,
955 1012 1012 1062 et
1041 1012 1107 1063 ut
1132 1009 1403 1064 memoria
1430 1015 1489 1064 et
1514 1009 1837 1080 redargutio

237 1092 595 1155 peccatorum
625 1091 803 1147 ﬁeret.
839 1092 986 1160 Quid
1015 1113 1149 1167 ergo
1180 1098 1480 1153 dicendum
1502 1103 1591 1152 est
1609 1099 1635 1152 ’ἶ
1677 1098 1836 1153 Nun-

236 1175 372 1243 quid
415 1181 473 1230 ct
501 1180 817 1236 sacerdotes
846 1184 1023 1238 nostri
1054 1186 1304 1256 quotidie
1333 1187 1481 1241 idem
1512 1204 1624 1241 non
1662 1191 1840 1257 agunt

235 1262 370 1317 dum
395 1264 638 1322 offerunt
663 1270 888 1326 assidue
909 1274 1291 1329 sacriﬁcium?
1313 1276 1569 1331 Olferunt
1587 1276 1833 1348 quidem,

233 1350 332 1404 sed
361 1352 433 1406 ad
462 1357 906 1414 recordationem
934 1361 1200 1418 facientes
1229 1365 1427 1419 mortis
1453 1366 1592 1435 ejus.
1610 1366 1677 1420 Et
1706 1364 1839 1436 quia

235 1456 340 1494 nos
370 1443 625 1512 quotidie
646 1463 963 1517 peccamus,
988 1451 1236 1522 quotidie
1264 1453 1585 1524 indigemus
1605 1454 1839 1509 munda-

232 1528 301 1582 ri.
335 1530 408 1584 Et
435 1532 568 1602 quia
591 1533 684 1589 ille
716 1553 827 1591 non
848 1545 1034 1610 potest
1049 1542 1166 1611 jam
1192 1542 1526 1606 mori,dedit
1542 1542 1704 1597 nobis
1732 1543 1839 1597 hoc

232 1626 652 1677 sacramentum
674 1627 922 1696 corporis
944 1635 1001 1683 et
1022 1631 1313 1701 sanguinis
1333 1631 1440 1698 sui,
1460 1637 1526 1686 ut
1542 1632 1689 1687 sicut
1710 1649 1839 1704 pas-

1921 827 2231 893 suavitatis,
2249 828 2345 881 sed
2366 827 2476 881 ﬁde
2499 832 2556 881 et
2575 826 2854 881 desiderio
2866 827 3326 893 oﬁerentis,unde
3346 831 3405 881 et
3419 842 3520 898 per

1923 916 2265 970 Hieremiam
2298 916 2435 970 dicit
2465 932 2477 966 :
2508 917 2983 971 Holocaustomata
3021 920 3200 970 vestra
3247 931 3359 969 non
3386 918 3519 970 sunt

1920 1003 2058 1057 mihi
2085 1009 2383 1073 accepta,et
2404 1007 2641 1079 victimae
2664 1010 2850 1060 vestra
2875 1021 2988 1059 non
3011 1007 3347 1074 placuerunt
3373 1002 3521 1056 mihi

1918 1091 2094 1157 (llier.
2131 1096 2226 1156 γι),
2259 1097 2317 1147 et
2341 1108 2439 1162 per
2457 1091 2667 1146 Isaiam
2700 1109 2712 1145 :
2748 1093 2827 1146 Ne
2850 1090 3338 1162 olferatis'ﬁnquit)
3363 1093 3519 1145 ultra

1918 1182 2261 1245 sacri/icium
2301 1180 2458 1245 mihi,
2515 1182 2803 1234 incensum
2830 1182 3171 1234 abominatio
3217 1183 3291 1232 est
3339 1179 3511 1236 mihi.

1920 1270 2027 1335 Qui
2068 1274 2269 1331 mactat
2300 1267 2688 1337 bovem,quasi
2715 1272 2815 1336 qui
2843 1270 3141 1322 excerebret
3167 1283 3358 1321 canem
3376 1265 3512 1337 ([sa.

1920 1373 1967 1423 1;
2005 1356 2169 1425 vai).
2210 1357 2319 1412 Sed
2349 1357 2582 1428 quaestio
2603 1357 2735 1410 hinc
2765 1361 2949 1426 potest
2967 1355 3103 1409 oriri
3132 1370 3243 1409 non
3277 1354 3514 1413 modica,

1919 1462 2095 1516 quare
2124 1444 2487 1517 imperaverit
2514 1450 2577 1501 ut
2606 1444 2792 1499 otl‘erri
2839 1444 3184 1509 debuissent,
3213 1443 3260 1497 si
3286 1441 3367 1496 illi
3406 1457 3520 1496 non

1919 1534 2267 1605 placuerunt,
2310 1550 2413 1588 nec
2439 1533 2742 1588 voluntatis
2772 1533 2925 1588 illius
2952 1533 3061 1587 fuit
3081 1532 3105 1586 ’ἶ
3134 1532 3267 1597 Quae
3291 1529 3519 1601 gemina

1919 1622 2196 1677 solutione
2209 1628 2393 1694 potest
2413 1623 2569 1677 solvi.
2589 1623 2964 1677 Considerans
2987 1622 3133 1677 Deus
3161 1619 3520 1690 omnipotens

230 1705 321 1761 sio
350 1707 503 1763 illius
529 1711 843 1784 redemptio
871 1721 928 1770 et
952 1717 1163 1774 ablutio
1186 1718 1295 1773 fuit
1323 1719 1538 1784 mundi,
1562 1719 1642 1774 ita
1667 1719 1838 1774 etiam

1920 1711 2139 1766 animos
2156 1712 2705 1783 Judazorumpronos
2724 1712 2795 1767 ad
2820 1712 2975 1765 idola
2995 1711 3249 1775 colenda,
3270 1713 3328 1764 et
3345 1708 3518 1763 ritum

233 1794 348 1850 ista
375 1796 603 1866 oblatio,
634 1802 948 1876 redemptio
977 1811 1034 1861 et
1066 1807 1358 1863 mundatio
1387 1809 1463 1863 sit
1489 1809 1753 1863 omnibus
1779 1809 1837 1863 in
1919 1800 2172 1871 gentium
2204 1801 2561 1868 imitandum,
2595 1800 2890 1871 imperavit
2925 1800 3007 1855 eis
3038 1799 3216 1854 multa
3244 1802 3302 1852 et
3324 1795 3519 1868 gravia

233 1890 425 1940 vestra
454 1887 566 1942 ﬁde
593 1889 977 1956 oﬁ’erentibus,
1006 1894 1325 1968 bonamque
1345 1897 1717 1952 intentionem
1743 1897 1841 1952 ha-

234 1971 519 2028 bentibus.
541 1976 605 2030 In
633 1978 739 2032 hoc
766 1981 915 2035 enim
945 1983 1134 2038 differt
1160 1984 1231 2038 ab
1253 1984 1350 2039 illo
1372 1985 1546 2040 veteri
1566 1984 1839 2040 sacriﬁcio

231 2060 443 2132 saepius
463 2065 701 2135 repetito
721 2067 869 2124 istud
884 2076 1138 2127 nostrum
1159 2073 1306 2144 quod
1334 2073 1593 2128 similiter
1629 2074 1839 2146 repeti-

231 2154 350 2215 tur,
383 2151 522 2220 quia
548 2152 700 2209 istud
734 2162 821 2212 est
839 2159 1063 2223 veritas,
1098 2161 1238 2216 illud
1270 2162 1473 2233 ﬁgura,
1491 2162 1631 2217 illud
1655 2161 1840 2236 perfe-

232 2242 391 2291 ctum
422 2240 609 2296 reddit
643 2244 951 2316 hominem,
983 2248 1125 2304 illud
1166 2250 1420 2317 minime,
1453 2256 1511 2305 et
1537 2250 1689 2306 istud
1726 2267 1839 2306 non

232 2342 410 2382 causa
438 2328 784 2390 inﬁrmitatis
809 2353 924 2392 suae
954 2339 1230 2410 repetitur
1260 2356 1272 2392 :
1327 2340 1476 2412 quod
1504 2356 1618 2394 non
1663 2341 1842 2411 possit

230 2416 547 2487 perfectam
574 2424 827 2479 conferre
851 2427 1112 2493 salutem,
1135 2428 1234 2482 sed
1261 2428 1321 2482 in
1349 2429 1840 2483 commemoratio-

231 2520 369 2560 nem
397 2509 676 2578 passionis
704 2511 932 2580 Christi,
965 2516 1111 2571 sicut
1138 2516 1258 2587 ipse
1289 2517 1430 2571 dixit
1461 2535 1472 2570 :
1509 2519 1618 2573 Hoc
1655 2518 1839 2585 facite,

230 2591 519 2664 inquiens,
551 2600 613 2652 in
644 2616 822 2654 meam
855 2607 1427 2659 commemorationem
1457 2607 1604 2674 (Luc.
1634 2610 1784 2672 xxiv)
1823 2623 1835 2658 :

230 2686 291 2735 et
317 2699 435 2737 una
464 2692 552 2740 est
598 2688 714 2743 haec
737 2690 920 2747 hostia
948 2709 1061 2747 non
1091 2694 1284 2748 multa:
1314 2695 1461 2749 sicut
1504 2694 1614 2749 illae
1652 2700 1834 2750 erant.

231 2770 534 2834 Quomodo
561 2793 677 2831 una
704 2784 790 2833 est
808 2785 866 2834 et
884 2797 997 2836 non
1028 2782 1235 2849 multae,
1264 2799 1388 2837 cum
1420 2787 1476 2837 et
1501 2800 1536 2837 a
1556 2783 1752 2837 multis
1780 2789 1839 2838 et

230 2859 475 2917 diversis
512 2864 572 2918 in
600 2865 737 2921 locis
761 2868 1105 2941 diversisque
1132 2870 1479 2942 temporibus
1517 2872 1786 2926 offeratur
1812 2872 1837 2925 7

1921 1888 2194 1943 sacriﬁcia
2223 1890 2442 1955 offerre,
2477 1906 2548 1945 ne
2578 1889 2744 1944 otiosi
2772 1889 2892 1944 sine
2919 1888 3204 1944 sacriﬁciis
3233 1886 3514 1951 sedentes,

1920 1978 1978 2032 in
2008 1978 2223 2033 cultum
2252 1979 2488 2033 deorum
2519 1978 2854 2045 alienorum,
2902 1994 3029 2032 cum
3070 1976 3343 2031 vidissent
3378 1972 3518 2028 alios

1921 2068 2145 2133 offerre,
2161 2068 2493 2133 inciderent,
2510 2068 2821 2140 maluimue
2841 2067 2948 2122 sibi
2964 2066 3151 2122 oﬁerri
3172 2083 3206 2120 a
3227 2081 3288 2119 se
3306 2066 3515 2130 creata,

1923 2173 2093 2229 quam
2124 2157 2309 2223 idolis,
2340 2157 2861 2229 demoniorumque
2890 2155 3189 2228 portentis,
3229 2151 3522 2225 imposuit-

1921 2263 2030 2318 que
2055 2245 2167 2299 illis
2196 2245 2254 2300 in
2277 2246 2624 2311 servitutem,
2661 2262 2775 2300 non
2804 2245 2863 2299 in
2886 2242 3365 2315 justiﬁcationem,
3389 2239 3523 2311 quia

1921 2349 2035 2387 non
2063 2339 2149 2387 est
2175 2334 2299 2405 ejus
2316 2334 2574 2388 voluntas
2591 2333 2729 2387 talia
2741 2332 2927 2387 offerri
2946 2350 2957 2384 :
2978 2331 3079 2386 tali
3099 2329 3264 2384 modo
3282 2333 3341 2383 et
3359 2341 3521 2397 egre-

1918 2422 2046 2493 gius
2062 2422 2412 2493 praedicator,
2430 2428 2495 2476 ut
2507 2427 2637 2494 pote
2660 2426 2921 2476 creatura
2932 2420 3257 2475 Creatorem
3280 2431 3521 2487 sequens

1927 2509 2045 2564 suis
2074 2509 2132 2564 in
2161 2510 2325 2565 dictis
2353 2511 2590 2582 peregit,
2621 2510 2814 2564 dicens
2846 2527 2857 2561 :
2917 2510 3032 2562 Volo
3061 2523 3244 2565 omnes
3276 2506 3522 2559 homines

1925 2614 2029 2652 esse
2047 2602 2188 2652 sicut
2217 2603 2487 2667 meipsum
2516 2601 2567 2664 (Ι
2583 2600 2706 2654 Cor.
2730 2598 2848 2665 vn),
2876 2596 2928 2650 id
2949 2602 3035 2650 est
3053 2600 3236 2649 castos
3252 2598 3307 2647 et
3339 2590 3521 2646 conti-

1918 2693 2148 2753 nentes;
2172 2693 2228 2742 et
2255 2689 2459 2741 iterum
2495 2704 2506 2739 :
2553 2689 2669 2741 Volo
2701 2686 2921 2756 (inquit)
2943 2688 3172 2753 juvenes
3204 2682 3422 2743 nubere,
3450 2681 3521 2746 ft-

1918 2778 2019 2828 lios
2044 2791 2335 2844 procreare
2379 2778 2427 2845 (Ι
2457 2776 2596 2830 Tim.
2638 2775 2712 2845 v),
2742 2779 2972 2846 propter
2999 2770 3422 2826 fornicationem
3461 2773 3521 2822 et

1917 2863 2282 2918 adulterium.
2308 2864 2447 2918 Ecce
2471 2865 2612 2919 duas
2639 2864 2954 2918 voluntates
2982 2859 3292 2923 constituit,
3314 2857 3411 2912 sed
3427 2861 3518 2910 ta-

228 2950 627 3019 Attentissime
656 2971 789 3027 ergo
836 2958 1396 3014 animadvertendum
1428 2965 1514 3014 est
1544 2960 1678 3031 quia
1702 2960 1836 3015 divi-
1864 2967 2049 3031 nmen
2067 2968 2179 3006 non
2200 2954 2465 3022 suntejus
2483 2952 2939 3008 ambaePrimum
2954 2948 3312 3005 dicens:\’olo
3323 2957 3519 3001 omnes

229 3037 388 3092 nitas
408 3040 579 3095 Verbi
598 3042 719 3109 Dei,
745 3060 868 3116 quae
893 3063 1007 3101 una
1026 3052 1112 3101 est
1129 3053 1187 3102 et
1205 3048 1397 3102 omnia
1419 3010 1615 3120 replet,
1640 3054 1698 3103 et
1719 3053 1838 3103 tota
1863 3010 2171 3095 chomines
2211 3057 2334 3096 esse
2362 3042 2419 3095 in
2446 3041 2793 3096 continentia
2820 3039 2965 3095 sicut
2990 3039 3291 3110 meipsum,
3321 3035 3518 3090 volun-

228 3125 451 3198 ubique
478 3134 583 3197 est,
640 3132 764 3203 ipsa
791 3134 925 3188 facit
953 3140 1016 3189 ut
1043 3152 1156 3190 non
1186 3137 1301 3191 sint
1329 3138 1493 3208 plura
1542 3137 1834 3203 sacriﬁcia,

229 3214 334 3269 sed
364 3232 543 3271 unum
573 3221 933 3290 sacriﬁcium,
952 3224 1078 3279 licet
1108 3242 1143 3278 a
1163 3226 1354 3280 multis
1374 3227 1659 3291 oﬁ‘eratur,
1686 3233 1749 3281 ut
1765 3227 1841 3280 sit

229 3319 415 3358 unum
439 3322 642 3379 corpus
655 3310 865 3365 Christi
884 3329 1011 3367 cum
1034 3314 1131 3368 illo
1147 3315 1295 3384 quod
1325 3315 1571 3386 suscepit
1590 3315 1648 3368 in
1678 3320 1839 3369 utero

228 3392 520 3464 virginali,
573 3414 686 3452 non
738 3401 919 3455 multa
967 3418 1221 3473 corpora.
1266 3403 1395 3458 Hinc
1431 3420 1582 3458 nunc
1612 3405 1839 3475 quidem

228 3480 392 3535 aliud
429 3488 881 3554 magnum,aliud
907 3489 1112 3556 minus,
1138 3491 1290 3546 aliud
1322 3491 1507 3558 hodie,
1529 3491 1684 3546 aliud
1714 3509 1840 3547 cras

227 3569 529 3626 offerimus
553 3590 780 3647 semper
809 3595 821 3630 :
857 3578 955 3633 sed
984 3578 1229 3650 idipsum
1258 3596 1473 3652 aequam
1502 3580 1838 3651 magnitudi-

228 3674 366 3712 nem
426 3658 658 3716 habens.
710 3664 952 3720 Proinde
1001 3682 1177 3722 unum
1216 3673 1304 3722 est
1345 3668 1453 3722 hoc
1498 3669 1837 3724 sacriﬁcium

228 3748 474 3815 Christi,
513 3768 626 3807 non
654 3753 892 3821 diversa,
925 3756 1070 3810 sicut
1104 3755 1331 3811 illorum
1379 3761 1558 3810 erant.
1601 3759 1747 3812 Nam
1788 3758 1837 3812 si

225 3835 405 3890 aliter
431 3841 870 3912 esset,quoniam
899 3843 956 3897 in
989 3843 1182 3899 multis
1212 3844 1348 3898 locis
1375 3842 1630 3908 offertur,
1675 3844 1837 3900 multi

227 3931 431 3979 essent
443 3927 650 3983 Christi
669 3948 681 3984 :
703 3946 851 3985 unus
870 3948 1003 4002 ergo
1031 3932 1288 3987 Christus
1316 3931 1525 4004 ubique
1546 3938 1650 3998 est,
1672 3937 1730 3987 et
1748 3932 1839 3987 hic

227 4013 441 4083 plenus
471 4015 733 4085 existens,
752 4025 809 4073 et
836 4019 953 4074 illic
972 4020 1189 4090 plenus,
1208 4036 1385 4075 unum
1407 4037 1609 4092 corpus
1630 4020 1837 4092 ubique

1918 3135 2093 3186 tatem
2116 3147 2277 3185 suam
2310 3132 2608 3203 expressit.
2650 3131 2905 3187 Secundo
2943 3146 3093 3195 vero,
3122 3129 3261 3182 Volo
3282 3128 3519 3198 juvenes

1919 3218 2131 3272 nubere
2152 3237 2165 3286 ;
2197 3218 2521 3289 indigentiae
2548 3235 2719 3273 causa
2735 3218 2926 3273 taliter
2948 3218 3167 3273 locutus
3187 3221 3273 3270 est
3288 3217 3521 3289 propter

1920 3307 2285 3377 fragilitatem
2313 3308 2518 3362 carnis.
2553 3308 2829 3362 Similiter
2846 3323 2959 3361 non
2984 3311 3107 3360 erat
3127 3304 3384 3358 voluntas
3402 3316 3521 3355 om-

1920 3395 2227 3466 nipotentis
2277 3396 2379 3450 Dei
2414 3397 2554 3450 talia
2602 3395 2879 3451 sacriﬁcia
2904 3394 3113 3459 offerri,
3145 3392 3244 3449 sed
3288 3395 3520 3463 propter

1920 3483 2300 3539 humilitatem
2323 3485 2547 3540 illorum
2577 3485 2859 3557 praecepit.
2888 3483 3047 3539 Unde
3078 3481 3336 3553 superius
3354 3479 3513 3546 dixit,

1920 3572 2054 3643 quia
2097 3589 2211 3628 non
2262 3574 2443 3628 solum
2486 3590 2602 3628 non
2645 3574 2837 3639 voluit,
2868 3572 2965 3627 sed
3015 3588 3120 3626 nec
3156 3567 3512 3624 desideravit.

1919 3662 2113 3715 Potest
2139 3667 2197 3716 et
2241 3663 2321 3715 ita
2349 3661 2569 3728 resolvi,
2601 3667 2666 3716 ut
2694 3661 2828 3732 quia
2871 3661 3126 3715 futurum
3170 3665 3293 3713 erat
3320 3672 3515 3710 verum

1920 3749 2257 3804 sacriﬁcium
2277 3758 2412 3821 'per
2447 3750 2733 3805 Christum
2773 3749 2831 3803 in
2879 3747 3145 3814 Ecclesia,
3186 3743 3516 3819 praeceperit

1918 3839 2107 3911 typica
2142 3844 2200 3893 et
2227 3838 2526 3909 ﬁgurativa
2555 3838 2849 3902 sacriﬁcia,
2873 3837 3208 3909 precedere.
3228 3836 3298 3890 Et
3321 3849 3516 3889 revera

1919 3927 2002 3982 ita
2038 3942 2267 3981 necesse
2294 3932 2417 3981 erat
2445 3931 2526 3993 ut,
2540 3926 2685 3980 sicut
2709 3925 2891 3980 verbis
2915 3923 3417 3998 praenuntiabatur,
3434 3923 3517 3977 ita

1919 4014 2091 4069 etiam
2119 4019 2176 4069 et
2196 4014 2480 4084 mysteriis
2508 4014 3248 4085 prtesignaretur,quatenus
3276 4029 3311 4066 a
3334 4013 3518 4082 ﬁgura

224 4101 456 4157 habens
485 4122 499 4157 :
531 4110 588 4159 et
608 4106 756 4161 sicut
784 4109 881 4179 qui
924 4108 1133 4181 ubique
1176 4109 1409 4164 oﬁertur
1431 4126 1609 4165 unum
1636 4126 1838 4181 corpus
1920 4102 2085 4157 citius
2112 4102 2423 4157 transirent
2449 4102 2522 4156 ad
2541 4101 2853 4157 veritatem.
2877 4101 2985 4157 Sed
3002 4101 3133 4172 quia
3160 4100 3244 4155 illi
3263 4114 3375 4153 non
3394 4098 3515 4169 pla-

227 4197 322 4246 cat
346 4207 466 4246 non
496 4195 675 4250 multa
702 4212 939 4268 corpora
972 4214 984 4250 ε
1019 4198 1101 4252 ita
1128 4198 1299 4252 etiam
1327 4204 1386 4252 et
1425 4215 1603 4253 unum
1634 4198 1839 4253 sacrm-
1919 4196 2162 4246 cuerunt
2204 4191 2301 4245 illa
2331 4191 2604 4246 sacriﬁcia
2640 4191 2866 4247 advenit
2892 4190 3203 4258 iterum,de
3231 4204 3342 4261 quo
3364 4189 3515 4259 Apo-

228 4279 412 4334 cinm.
434 4281 717 4352 Sequitur:
742 4287 1076 4354 Impossibile
1093 4289 1246 4339 enim
1264 4290 1339 4339 εει
1360 4288 1632 4355 sanguine
1655 4292 1841 4340 tauro-
1921 4280 2099 4335 stolus
2127 4280 2211 4334 ait
2237 4299 2249 4335 :
2290 4280 2442 4346 Ideo,
2476 4280 2679 4352 inquit,
2713 4280 2847 4352 quia
2868 4279 3211 4353 impossibile
3240 4282 3364 4334 erat
3384 4292 3517 4331 san-

231 4383 375 4421 rum
404 4375 456 4422 et
477 4370 763 4426 hircorum
785 4375 1008 4441 auferri
1020 4379 1260 4443 peccata.
1285 4374 1419 4439 Qum
1435 4373 1579 4428 ratio
1599 4390 1723 4428 esse
1736 4370 1837 4445 ροέ
1855 4360 2091 4440 Dguine
2110 4368 2397 4424 hircorum
2419 4370 2629 4424 auferri
2658 4375 2906 4442 peccata,
2937 4376 2994 4425 et
3021 4369 3155 4441 quia
3183 4385 3297 4423 non
3325 4367 3516 4439 place-

229 4460 392 4511 terat
419 4463 486 4512 ut
511 4460 862 4516 rationabilis
905 4462 1072 4516 homo
1108 4462 1383 4532 sanguine
1434 4462 1837 4517 irrationabilis
1920 4457 2057 4511 bant
2102 4458 2217 4512 Deo
2246 4458 2384 4512 talia
2413 4458 2704 4527 sacriﬁcia,
2736 4459 3061 4530 ingrediens
3090 4458 3363 4512 mundum
3402 4470 3517 4510 non

231 4546 507 4600 animalis
521 4549 930 4606 mandaretur?
951 4551 1306 4623 Quapropter
1334 4551 1441 4606 etsi
1471 4552 1682 4606 leviora
1705 4568 1836 4623 pec-
1919 4545 2152 4600 dubium
2175 4551 2261 4600 est
2278 4546 2413 4617 quin
2429 4547 2687 4603 Christus
2706 4548 2873 4603 dicat:
2897 4547 3179 4619 Ingressio
3198 4550 3386 4600 autem
3408 4544 3519 4597 ista

231 4641 370 4689 cata
387 4651 491 4706 per
515 4636 611 4691 illa
631 4638 903 4693 sacriﬁcia
920 4639 1328 4710 purgabantur,
1350 4656 1664 4711 corpusque
1683 4656 1841 4694 mun-

229 4722 503 4789 dabatur,
530 4731 804 4796 quantum
823 4727 895 4781 ad
922 4728 1103 4798 legem
1129 4728 1391 4799 pertinet,
1415 4734 1608 4783 tamen
1638 4727 1842 4800 impos-

227 4810 403 4866 sibile
419 4820 562 4878 erat,
586 4816 903 4870 criminalia
930 4822 989 4871 et
1012 4817 1274 4887 graviora
1297 4823 1523 4888 peccata
1541 4817 1653 4872 illis
1674 4817 1842 4873 sacri-

229 4901 383 4956 ﬁciis
403 4904 685 4959 mundari.
710 4904 868 4960 Unde
887 4906 1167 4961 neminem
1189 4906 1260 4960 ad
1281 4906 1591 4978 perfectum
1612 4906 1844 4962 adduxit

228 4991 344 5047 lex.

308 5082 435 5134 Ideo
464 5083 781 5150 ingrediens
811 5084 1087 5138 mundum
1126 5086 1261 5138 dicit
1292 5103 1308 5137 :
1341 5085 1585 5139 Hostiam
1617 5090 1665 5139 et
1694 5087 1840 5141 obla-

232 5162 447 5223 tionem
486 5173 737 5236 noluisti,
780 5188 976 5241 corpus
1008 5176 1197 5225 autem
1245 5174 1452 5241 aptasti
1478 5174 1640 5226 mihi.
1673 5173 1839 5227 Holo-

229 5263 582 5337 caustomata
592 5275 699 5328 pro
702 5266 918 5329 peccato
938 5277 1052 5315 non
1075 5262 1807 5328 libiplacuerunt,tuncdi.ri
1821 5276 1837 5310 :

229 5332 568 5401 Eccevenio.
594 5350 661 5403 In
688 5351 862 5418 capite
882 5351 1019 5403 libri
1044 5352 1315 5419 scriptum
1340 5353 1414 5402 est
1438 5349 1501 5401 de
1526 5364 1626 5413 me,
1659 5353 1721 5401 ut
1748 5349 1841 5415 fa-

228 5439 405 5501 ciam,
467 5438 631 5504 Deus,
681 5439 1021 5492 voluntatem
1066 5442 1242 5491 tuam.
1291 5436 1616 5491 Anteriores
1643 5436 1839 5491 hostiae

229 5525 618 5581 ostenduntur
630 5525 717 5581 his
738 5525 921 5582 verbis
940 5525 1171 5582 inutiles
1192 5543 1314 5581 esse
1333 5525 1405 5580 ad
1426 5524 1702 5597 integram
1716 5542 1840 5598 per-

1922 4634 2063 4688 nihil
2079 4641 2165 4689 est
2182 4635 2336 4689 aliud
2354 4636 2464 4689 nisi
2493 4636 2684 4691 missio
2721 4637 2861 4706 ejus,
2894 4653 2960 4691 ac
2987 4635 3344 4708 participatio
3372 4634 3516 4702 ejus,

1922 4724 2181 4779 videlicet
2193 4725 2584 4780 humanitatis.
2603 4727 2838 4790 Quando
2858 4725 3008 4779 enim
3027 4725 3123 4796 qui
3144 4723 3353 4794 ubique
3374 4736 3514 4791 prae-

1922 4829 2052 4869 sens
2080 4822 2222 4881 erat,
2239 4814 2337 4869 sed
2363 4820 2556 4869 tamen
2586 4814 2899 4879 invisibilis,
2922 4814 3101 4867 factus
3122 4817 3319 4885 postea
3349 4810 3515 4863 homo

1922 4902 2174 4970 visibilis,
2235 4904 2445 4958 mundo
2498 4904 2777 4975 apparuit,
2810 4900 3222 4974 quodammodo
3260 4898 3358 4953 ubi
3395 4902 3519 4952 erat

1924 4993 2057 5047 illuc
2073 4992 2360 5063 ingressus
2379 4993 2560 5048 est.Et
2575 4992 2707 5064 quid
2727 4991 2864 5045 dicit
2884 4992 2999 5045 Deo
3020 4988 3177 5045 Patri
3201 5011 3212 5042 :
3243 4990 3513 5052 Hostiam,

1918 5081 2123 5153 inquit,
2154 5087 2204 5135 et
2232 5083 2558 5136 oblationem
2589 5083 2838 5148 noluisti,
2878 5095 3072 5149 corpus
3101 5083 3287 5133 autem
3315 5078 3520 5145 aptasti

1922 5170 2036 5224 sive
2066 5168 2348 5240 perfecisti
2375 5172 2519 5223 mihi
2553 5188 2568 5225 :
2602 5170 2741 5224 illud
2789 5169 2888 5224 tibi
2921 5170 3152 5224 oﬁ'eram
3182 5165 3517 5223 sacriﬁcium

1922 5263 2233 5330 acceptum.
2260 5259 2735 5312 llulocaustomata
2757 5274 2859 5327 pro
2884 5262 3098 5328 peccato
3128 5273 3240 5311 non
3270 5257 3372 5310 tibi
3390 5256 3519 5323 pla-

1923 5352 2180 5411 cuerunt,
2209 5352 2341 5400 tunc
2361 5348 2484 5400 dixi
2504 5365 2519 5400 :
2541 5348 2669 5401 Ecce
2692 5350 2846 5401 venio
2863 5364 2964 5419 per
2977 5344 3382 5401 incarnationis
3404 5357 3520 5411 my-

1921 5436 2178 5502 sterium,
2224 5441 2288 5490 ut
2326 5452 2453 5491 meo
2480 5436 2754 5491 sacriﬁcio
2782 5436 3056 5491 redimam
3097 5452 3279 5506 genus
3314 5436 3519 5488 huma-

1920 5543 2076 5582 num.
2104 5526 2506 5581 Holocaustum
2526 5525 2819 5581 dicebatur
2833 5541 2900 5581 eo
2920 5525 3070 5597 quod
3097 5530 3278 5580 totum
3306 5538 3516 5579 crema-
