3992 6166
512 230 614 305 891

909 246 1288 303 HAYMONIS
1325 247 1814 305 HALBERSTAT.
1856 250 2083 306 EPISC.
2126 249 2284 305 OPP.
2327 250 2511 305 PARS
2549 249 2594 304 Ι.
2640 279 2702 289 -
2740 248 3114 305 COMMENT.
3156 251 3339 306 BIBL.

3676 248 3764 306 892

496 374 655 424 retur
681 371 739 425 in
774 369 940 423 altari
980 370 1141 441 quasi
1171 375 1353 423 totum
1387 369 1703 426 incensum.
1757 376 1898 427 Nam
1931 375 2093 427 holon
2110 376 2159 433 Α
2177 373 2332 444 gitur
2360 373 2650 427 humilitas
2676 373 2885 427 Christi
2924 392 2933 426 :
2960 381 3019 427 at
3042 391 3171 428 vero
3201 374 3413 437 sedere,
3439 374 3668 443 signum
3696 380 3766 428 est

499 457 706 512 dicitur
733 464 935 526 totum,
965 465 1217 513 causlum
1254 476 1398 525 vero,
1434 461 1744 513 incensum.
1781 462 1887 515 Sed
1915 461 1959 512 si
1993 461 2095 512 ho-

497 546 906 601 IOcaustomata
940 566 1037 618 pro
1078 554 1299 618 peccato
1341 548 1388 601 ei
1438 565 1546 601 non
1580 550 1888 620 placebant,
1928 548 2098 619 quaeri

499 641 685 729 potest
712 622 991 723 quomodo
1022 637 1458 690 mundabantur.
1478 638 1558 691 Ad
1576 626 1723 709 quod
1758 639 2099 715 responden-

502 716 636 777 tium
668 716 754 778 est
785 742 796 777 :
835 725 967 795 quia
1005 725 1113 778 {ide
1137 728 1193 779 et
1218 724 1549 795 paenitentia
1569 726 1737 796 digna
1756 725 2100 780 mundaban-

501 815 615 880 tur,
646 812 793 867 sicut
837 800 1139 879 mund-atus
1182 802 1270 867 est
1318 814 1490 885 David
1521 832 1553 869 a
1583 822 1808 889 peccato
1836 814 2099 868 adulterii

500 898 671 971 atque
688 889 990 975 homicidii.
1019 903 1269 957 Pertecta
1289 890 1487 958 autem
1510 904 1800 958 mundatio
1817 904 1872 957 in
1889 903 2098 961 Christi

500 974 744 1043 adi/entu
770 990 902 1044 data
926 996 1030 1044 est.
1064 993 1129 1045 In
1150 995 1323 1059 capite
1355 994 1490 1045 libri
1516 995 1785 1060 scriptum
1807 992 1959 1045 estde
1980 1008 2095 1046 me:

502 1082 565 1141 ut
585 1079 813 1150 faciam,
863 1080 1023 1142 Deus,
1057 1083 1397 1134 voluntatem
1428 1086 1603 1143 luam.
1637 1082 1717 1135 De
1757 1081 1924 1150 hujus
1972 1080 2099 1134 libri

500 1167 684 1239 capite
732 1167 948 1222 diverse
999 1185 1033 1221 a
1081 1168 1401 1223 doctoribus
1456 1169 1796 1239 disputatur.
1864 1170 2102 1232 Quidam

502 1256 652 1310 enim
703 1256 1022 1327 intelligunt
1068 1257 1158 1310 hic
1204 1258 1425 1315 initium
1461 1257 1694 1311 Genesis
1737 1264 1870 1325 (cap.
1914 1272 1973 1323 1),
2009 1257 2104 1310 ubi

505 1343 775 1414 scriptum
810 1350 912 1406 est,
935 1345 1083 1414 quod
1108 1345 1165 1398 in
1200 1346 1491 1418 principio,
1514 1346 1570 1406 id
1593 1352 1678 1399 est
1705 1346 1762 1399 in
1794 1346 1933 1400 Filio
1963 1346 2104 1398 fece-

502 1432 577 1505 rit
608 1431 756 1485 Deus
781 1432 982 1501 caelum
1023 1437 1080 1486 et
1121 1438 1330 1497 terram
1358 1454 1369 1502 ;
1404 1434 1630 1506 quidam
1662 1435 1908 1506 primum
1954 1434 2101 1505 psal-

2182 463 2491 531 judicantis
2531 467 2587 516 et
2617 462 2978 522 dominantis,
3013 467 3069 517 et
3098 470 3161 516 ut
3189 463 3238 515 ei
3270 462 3647 533 ministretur,
3685 480 3768 535 per

2188 552 2332 621 quod
2358 551 2675 605 ostenditur
2696 551 2962 604 exultatio
2986 559 3041 605 et
3063 551 3243 621 gloria
3263 552 3388 605 Filii
3412 553 3531 616 Dei,
3558 551 3656 622 qui
3681 551 3765 613 hu-

2182 640 2329 692 milis
2351 641 2574 710 quidem
2607 640 2890 710 apparuit,
2923 656 3068 693 nunc
3092 646 3282 694 autem
3319 641 3601 703 exaltatus
3622 656 3769 709 super

2181 745 2405 793 omnem
2429 736 2768 793 creaturam,
2801 728 3019 797 habitat
3056 728 3112 781 in
3147 728 3499 799 plenitudine
3539 734 3768 801 paterna

2182 818 2511 887 majestatis,
2548 822 2802 889 exspecta
2811 834 2874 871 us
2888 824 2945 871 et
2966 817 3327 871 considerans
3340 822 3568 890 tempus
3580 816 3651 870 de
3666 817 3769 870 reli-

2182 907 2544 978 quo,quando
2559 906 2772 976 judicet
2795 906 2987 960 orbem
3015 910 3198 959 terra).
3230 906 3295 960 Et
3319 906 3481 975 cuius
3512 892 3771 979 rei‘caus'a

2181 994 2280 1049 ﬁat
2298 985 2572 1067 subjectio
2604 994 2848 1073 exponit,
2891 994 3082 1053 dicens
3108 1012 3118 1046 :
3155 994 3230 1049 Ut
3252 999 3550 1063 ponantur
3570 996 3772 1048 inimici

2181 1087 2300 1152 ejus
2322 1085 2617 1137 scabellum
2639 1084 2838 1150 pedum
2863 1085 2999 1150 ejus,
3026 1082 3242 1136 Inimici
3271 1082 3395 1152 ejus
3419 1087 3556 1151 sunt
3589 1081 3768 1145 Judaei,

2183 1170 2431 1226 hazretici
2461 1176 2518 1224 et
2544 1170 2669 1225 falsi
2695 1170 3008 1236 christiani,
3029 1187 3222 1233 omnes
3253 1171 3510 1224 infideles
3537 1170 3637 1241 qui
3661 1169 3772 1223 sub-

2179 1260 2412 1330 jiciendi
2428 1266 2560 1314 sunt
2582 1260 2843 1330 potestati
2864 1260 3015 1324 illius
3048 1278 3059 1311 :
3090 1259 3181 1313 hic
3211 1260 3359 1313 enim
3386 1265 3443 1312 et
3472 1257 3774 1323 necessaria

2186 1355 2369 1419 potest
2389 1349 2661 1419 subjectio
2677 1348 3066 1419 intelligi,quaa
3090 1347 3333 1418 pertinet
3350 1348 3420 1401 ad
3437 1346 3774 1427 reprobos,in

2186 1436 2436 1507 nequitia
2465 1444 2878 1507 permanentes,
2926 1426 2984 1489 et
3012 1436 3346 1501 voluntaria,
3382 1426 3517 1509 quae"
3552 1435 3777 1508 pertinet

504 1524 682 1599 mum,
733 1536 900 1591 quem
956 1521 1183 1591 quidam
1218 1523 1468 1585 referunt
1519 1524 1590 1576 ad
1630 1508 1934 1586 Christum,
1977 1521 2102 1594 qui-
2185 1525 2253 1579 ad
2281 1525 2509 1596 electos,
2542 1526 2635 1595 qui
2669 1524 2991 1578 deserentes
3018 1524 3159 1577 viam
3190 1518 3479 1598 nequitiae,
3506 1529 3703 1599 sponte
3728 1540 3775 1576 se

503 1606 632 1705 dam,
663 1607 732 1661 ad
764 1609 1071 1695 quemlibet
1091 1611 1350 1679 electum,
1386 1611 1443 1664 in
1473 1629 1582 1682 quo
1607 1611 1812 1673 dicitur
1846 1630 1856 1664 :
1889 1614 1955 1666 In
1997 1615 2103 1678 lege
2129 1646 2169 1705 Β
2187 1613 2434 1667 subdunt
2448 1613 2655 1681 Christi
2673 1630 2774 1684 per
2794 1612 3073 1680 ﬁdemllli
3101 1614 3420 1689 sacerdotes
3438 1610 3773 1677 Judmorum,

505 1695 736 1775 Domini
764 1700 1020 1750 voluntas
1041 1701 1157 1766 ejus
1182 1700 1354 1770 (Psal.
1389 1701 1448 1769 Ι).
1468 1700 1575 1754 Sed
1607 1700 1741 1771 quia
1766 1702 1823 1763 in
1854 1699 1941 1753 his
1963 1698 2103 1753 nihil
2130 1695 2168 1705 ν
2188 1703 2395 1755 multas
2428 1701 2678 1773 quotidie
2712 1702 2994 1755 offerendo
3024 1701 3378 1769 hostias,non
3400 1705 3662 1773 poterant
3685 1718 3774 1771 au-

503 1783 572 1836 de
603 1790 783 1838 morte
832 1785 1035 1849 Christi
1073 1789 1485 1858 praeﬁguratur,
1536 1788 1603 1842 de
1634 1776 1762 1859 qua
1803 1788 2104 1859 Apostolus

502 1884 819 1926 sermonem
852 1890 952 1945 per
976 1878 1156 1929 totum
1184 1877 1334 1931 hunc
1358 1878 1543 1941 locum
1576 1877 1762 1943 habet,
1796 1876 1998 1930 melius
2026 1875 2104 1928 vi-

503 1958 669 2014 detnr
694 1960 932 2032 intelligi
973 1963 1051 2033 de
1088 1963 1323 2020 Levitici
1369 1965 1498 2020 libri
1545 1965 1705 2020 initio
1744 1965 1977 2030 dictum,
2010 1965 2105 2036 qui

502 2046 645 2103 liber
671 2052 809 2114 curn-
830 2040 983 2115 totus
1010 2052 1078 2107 de
1110 2054 1399 2109 sacrificiis
1429 2062 1485 2109 et
1506 2055 1705 2119 hostiis
1727 2055 2103 2119 contineatur,

504 2137 752 2215 primum
789 2140 1122 2204 sacrificium
1155 2142 1224 2197 de
1264 2143 1434 2198 vitulo
1473 2144 1738 2215 praecepit
1769 2142 1975 2206 oli‘erri,
2020 2142 2106 2196 di-

506 2212 637 2280 cens
670 2245 680 2280 :
718 2227 776 2282 Si
806 2229 931 2299 quis
961 2246 1027 2283 ex
1055 2231 1211 2287 vobis
1264 2212 1505 2287 hostiam
1564 2212 1728 2286 olfei‘t
1765 2231 2001 2286 Domino
2039 2230 2109 2284 de

504 2314 818 2386 pecoribus,
837 2319 1148 2393 masculum
1178 2319 1253 2372 im
1264 2312 1615 2374 maculatum"
1637 2320 1859 2389 offerat,
1874 2319 1975 2373 ho‘c
2000 2324 2104 2383 est,

503 2403 741 2469 vitulum
767 2405 836 2459 de
857 2404 1052 2471 bobus,
1082 2409 1196 2461 sive
1235 2407 1303 2461 de
1331 2414 1610 2469 armento.
1644 2406 1866 2461 Vitulus
1894 2407 2000 2460 iste
2038 2407 2107 2460 de

505 2491 684 2547 bobus
755 2502 1096 2566 assumptus,
1161 2502 1331 2574 atque
1378 2496 1437 2550 in
1485 2496 1821 2551 sacrificium
1863 2495 2103 2561 oblatus,

509 2581 766 2665 Christus
792 2589 878 2638 est
906 2584 975 2638 de
1002 2601 1209 2656 genere
1236 2585 1684 2661 patriarcharum
1717 2591 1893 2649 ortus,
1920 2601 1983 2637 ac
2005 2601 2105 2655 pro

508 2671 688 2725 salute
708 2671 930 2741 generis
956 2673 1187 2727 humani
1214 2674 1561 2728 immolatus.
1598 2674 1747 2728 Dicit
1778 2688 1910 2743 ergo
1950 2670 2108 2727 Chri-

509 2766 631 2815 stus
647 2761 715 2814 ad
741 2761 964 2815 Patrem
991 2781 1001 2816 :
1027 2762 1171 2827 Quia
1194 2763 1468 2817 sacrificia
1494 2761 1961 2825 irrationabilium
1993 2762 2109 2815 ani-

510 2847 864 2923 malium'tibi
884 2863 993 2903 non
1018 2850 1262 2923 placent,
1291 2866 1355 2903 eo
1381 2850 1528 2921 quod
1560 2849 1801 2920 perfecte
1826 2849 2109 2902 hominem

512 2914 789 2990 mundare
838 2953 949 2991 non
997 2914 1250 3009 possunt,
1283 2954 1407 2993 ecce
1438 2938 1597 2992 venio
1625 2938 1685 2991 in
1713 2937 1987 2992 mundum
2014 2948 2115 3007 per

2184 1788 2331 1843 ferre
2377 1794 2608 1860 peccata
2642 1807 2653 1841 :
2707 1789 2962 1843 Christus
2993 1794 3183 1842 autem
3223 1790 3394 1842 semel
3422 1789 3775 1865 semetipsum

2187 1878 2443 1940 offerens,
2478 1876 2711 1931 abstulit
2739 1882 2968 1948 peccata
2996 1876 3211 1943 mundi,
3246 1882 3303 1930 et
3351 1878 3513 1941 sedet
3550 1886 3695 1933 nunc
3729 1876 3776 1951 ip

2185 1966 2368 2037 gloria
2390 1965 2493 2020 Dei
2521 1965 2724 2037 Patris.

2265 2054 2379 2107 Una
2411 2032 2560 2129 enim
2582 2056 2854 2108 oblatione
2884 2056 3288 2120 consummavit
3310 2057 3371 2123 in
3392 2057 3775 2133 sempiternum

2187 2145 2571 2210 sanctiﬁcatos,
2605 2142 2660 2196 id
2684 2149 2771 2197 est
2796 2144 2971 2216 semel
3000 2158 3059 2198 se
3091 2143 3331 2198 offerens
3358 2143 3640 2214 perfectos
3666 2141 3777 2197 fecit

2191 2230 2567 2306 sanctificatos
2597 2231 2655 2284 in
2684 2232 3111 2302 sempiternum.
3438 2238 3439 2241 “

2261 2320 2613 2374 Contestatur
2650 2326 2836 2388 autem
2870 2337 2966 2374 nos
3006 2325 3055 2373 ct
3087 2319 3335 2389 Spiritus
3364 2324 3614 2373 sanctus.
3654 2320 3779 2395 Post-

2190 2423 2358 2476 quam
2381 2425 2445 2461 cn
2456 2410 2529 2461 im
2551 2410 2695 2461 dixit
2718 2425 2734 2459 :
2755 2410 2865 2462 [Ioc
2876 2414 3063 2462 autem
3087 2412 3469 2462 testamentum
3486 2409 3635 2476 quod
3648 2412 3778 2481 testa-

2194 2497 2287 2549 bor
2308 2498 2380 2549 ad
2410 2499 2533 2549 illos
2562 2503 2678 2565 post
2705 2499 2818 2571 dies
2850 2499 2995 2562 illos,
3027 2498 3163 2550 dicit
3192 2498 3481 2558 Dominus,
3503 2486 3646 2553 dabo
3666 2497 3777 2566 leges

2190 2600 2338 2638 meas
2352 2588 2413 2638 in
2432 2586 2683 2639 cordibus
2698 2600 2910 2649 eorum,
2939 2591 2989 2638 et
3011 2589 3071 2639 in
3092 2587 3366 2639 mentibus
3397 2598 3595 2653 eorum
3618 2600 3777 2653 super-

2188 2675 2427 2727 scribam
2445 2689 2552 2738 eas,
2574 2680 2623 2727 et
2640 2678 2988 2742 peccatorum
3005 2680 3054 2727 et
3072 2676 3446 2742 iniquitatum
3471 2689 3664 2741 eorum
3673 2676 3776 2751 jam

2194 2778 2312 2816 non
2341 2758 2668 2831 recordabar
2713 2767 2975 2831 amplius.
3010 2763 3395 2824 Contestatur,
3429 2762 3638 2832 inquit,
3676 2776 3775 2823 nos,

2194 2857 2251 2904 et
2282 2851 2523 2922 Spiritus
2544 2857 2790 2915 sanctus,
2826 2851 2880 2905 id
2907 2857 2992 2905 est
3010 2851 3334 2905 testimonio
3365 2867 3468 2904 suo
3506 2848 3673 2904 verba
3696 2856 3778 2922 no-

2195 2945 2314 2994 stra
2332 2940 2777 3005 conﬁrmatmon
2798 2940 2978 3013 solum
3000 2954 3098 3010 per
3118 2938 3615 3017 Psalmistamﬁed‘
3632 2936 3778 3011 etiam

511 3020 916 3113 incarnationis
944 3014 1297 3096 mysterium.
1327 3027 1393 3080 In
1425 3029 1597 3094 capite
1619 3024 1827 3080 etenim
1850 3026 1985 3078 libri
2012 3020 2112 3077 Le-
2130 3032 2170 3091 C
2193 3045 2293 3101 per
2316 3029 2668 3103 prophetam,
2696 3027 2831 3111 quia
2858 3028 2966 3082 illae
2996 3028 3191 3113 hostia:
3218 3028 3339 3098 jam
3367 3014 3482 3105 non
3510 3030 3641 3101 sunt
3663 3025 3779 3080 olfe-

509 3109 662 3163 vitici
683 3114 949 3179 scriptum
971 3119 1045 3167 est
1066 3116 1127 3166 de
1150 3130 1252 3177 me,
1274 3117 1335 3165 ut
1348 3115 1555 3180 faciam
1577 3116 1912 3166 voluntatem
1935 3117 2109 3175 tuam,

513 3196 620 3251 hoc
649 3204 751 3263 est,
776 3205 839 3267 ut
869 3200 1078 3254 moriar
1106 3218 1207 3271 pro
1238 3202 1419 3255 salute
1456 3201 1679 3271 generis
1714 3201 1966 3255 humani.
2000 3200 2113 3254 Vo-

513 3285 702 3339 luntas
727 3287 875 3340 enim
908 3289 1007 3342 Dei
1038 3288 1221 3357 Patris
1259 3290 1381 3356 fuit,
1415 3296 1480 3345 ut
1509 3290 1682 3363 Filius
1723 3304 1827 3343 sua
1856 3289 2112 3361 passione

2198 3100 2404 3187 rendus.
2429 3118 2494 3173 In
2520 3100 2883 3188 sequentibus
2913 3100 3092 3184 verbis
3120 3117 3372 3171 defectus
3396 3100 3684 3177 sententiae
3706 3118 3777 3167 est

2197 3204 2333 3260 satis
2352 3207 2719 3271 necessarius,
2754 3212 3094 3277 quapropter
3111 3205 3332 3259 dicatur
3350 3204 3431 3258 ita
3462 3222 3474 3258 :
3510 3207 3776 3271 Postquam

2196 3297 2348 3371 enim
2377 3296 2521 3348 dixit
2551 3294 2906 3366 omnipotens
2958 3295 3121 3348 Deus‘
3150 3311 3251 3375 per
3288 3293 3621 3365 prophetam
3647 3292 3775 3349 lere

513 3384 692 3456 genus
719 3375 1029 3430 humanum
1060 3379 1376 3433 redimeret.
1397 3379 1558 3433 Unde
1580 3377 1699 3449 ipse
1720 3378 1896 3432 Filius
1915 3388 2113 3448 appro-

2194 3382 2368 3436 miam
2391 3400 2402 3434 :
2431 3384 2539 3459 [loc
2556 3387 2746 3455 autem
2769 3388 3165 3437 testamentum’
3179 3384 3323 3452 quod
3338 3384 3573 3435 testabOr
3592 3382 3660 3434 ad
3671 3383 3775 3434 illo:

515 3463 794 3547 pinquans
831 3480 946 3520 suae
992 3467 1239 3538 passioni
1268 3467 1426 3522 dixit.
1474 3470 1651 3537 (Joan.
1707 3472 1862 3535 xxv):
1911 3458 2013 3532 Sed
2052 3470 2113 3518 ut

2192 3476 2311 3545 post
2336 3472 2452 3523 dies
2484 3473 2625 3536 illos,
2660 3472 2795 3524 dicit
2837 3470 3105 3541 Dominus
3138 3489 3153 3533 ,'
3190 3472 3331 3525 ‘dabo
3394 3471 3531 3537 leges
3570 3484 3700 3523 mea:
3724 3468 3777 3518 in

515 3559 794 3621 cognoscat
821 3557 1065 3610 mundus
1094 3563 1227 3627 quia
1241 3559 1413 3625 diligo
1438 3559 1658 3625 Patrem
1680 3573 1695 3606 .’
1719 3561 1767 3609 et
1787 3548 1928 3608 sicut
1948 3565 2113 3607 nian-
2197 3556 2452 3634 cordibus
2476 3573 2669 3629 eorum
2700 3560 2835 3612 etin
2872 3560 3146 3612 mentibus
3173 3574 3361 3625 eorum
3394 3557 3774 3627 superscribam

515 3642 710 3696 datum
738 3645 882 3697 dedit
928 3647 1073 3699 mihi
1103 3648 1282 3710 Pater,
1331 3649 1408 3699 sic
1449 3647 1613 3713 facio.
1652 3645 1901 3712 Surgite,
1926 3659 2117 3697 eamus
2198 3663 2305 3714 eas,
2339 3646 2531 3701 statim
2584 3647 2917 3701 subintulit:
2954 3649 3021 3701 Et
3056 3654 3409 3715 peccatorum
3456 3662 3638 3700 eorum
3682 3659 3775 3696 non

518 3731 648 3785 hinc
677 3732 748 3786 ad
779 3733 1115 3803 passionem.
1149 3735 1417 3803 Superius
1447 3736 1633 3787 (licens
1664 3751 1679 3786 :
1711 3736 1850 3800 Quia
1890 3733 2115 3796 hostias,
2201 3738 2548 3809 memorabor
2585 3739 2849 3811 amplius,
2884 3736 3184 3790 ostendens
3208 3737 3327 3806 jam
3360 3752 3473 3809 non
3503 3736 3619 3788 fore
3646 3731 3777 3786 dein-

518 3822 568 3873 et
588 3822 900 3885 oblationes,
922 3827 969 3875 et
999 3824 1464 3876 holocaustom‘ala
1488 3838 1589 3890 pro
1616 3827 1832 3889 peccato
1863 3821 2117 3885 noluisti,
2200 3840 2332 3897 ceps
2376 3824 2719 3878 necessarias
2776 3824 2988 3878 hostias
3039 3816 3382 3894 ﬁgurativas,
3437 3822 3583 3895 quod
3629 3819 3774 3873 etiam

518 3910 848 3980 nec‘ptacita
868 3915 997 3964 sunt
1016 3912 1260 3979 tibi,qua:
1278 3911 1581 3977 secundum
1605 3911 1771 3977 legem
1784 3911 2116 3975 o/I‘eruntur,
2205 3912 2504 3983 Apostolus
2532 3911 2874 3977 manifestat,
2930 3904 3085 3985 dum.
3108 3911 3297 3966 subdit
3335 3930 3347 3965 :
3382 3900 3481 3965 Ubi
3505 3916 3674 3964 autem
3698 3907 3777 3961 ho-

520 4000 652 4050 tunc
681 3998 805 4052 ἀίτί
825 4016 843 4052 :
868 3999 996 4053 Ecce
1023 4002 1179 4068 venio
1208 4003 1268 4051 ut
1298 4000 1529 4071 faciam,
1572 3998 1732 4061 Deus,
1782 3999 2122 4051 roluntatem
2207 4014 2338 4053 rum
2365 4006 2713 4068 peccatorum
2746 4003 2996 4073 remissio
3022 4004 3168 4070 jam‘
3194 4017 3304 4054 non
3354 4005 3433 4066 est
3489 3994 3771 4073 necessaria

523 4087 704 4140 tuam:
726 4091 1208 4156 aufert‘primum,
1228 4086 1496 4140 subaudis
1523 4090 1927 4138 testamentum
1957 4084 2122 4137 :dum
2206 4090 2407 4143 oblatio
2434 4105 2537 4157 pro
2575 4070 2810 4157 peccato.
2858 4088 2999 4142 Nam
3032 4094 3328 4159 postquam
3360 4089 3471 4142 hoc
3500 4070 3773 4143 testamen-

521 4176 641 4245 ejus
694 4174 1003 4229 oblationes
1060 4175 1296 4245 respuit,
1344 4180 1403 4227 ut
1446 4189 1673 4245 sequens
1716 4177 2121 4245 testamentum
2204 4184 2323 4232 tum
2350 4176 2720 4248 adimpletum
2746 4181 2832 4231 est
2852 4178 3001 4249 quod
3032 4178 3180 4247 Deus
3201 4186 3301 4248 per
3320 4178 3641 4249 prophetam
3670 4189 3774 4249 pro-

520 4254 748 4333 statuat,
779 4263 835 4316 id
866 4270 951 4316 est
980 4268 1128 4316 stare
1160 4268 1217 4316 et
1247 4277 1579 4332 permanere
1610 4261 1796 4315 faciat.
2139 4265 2486 4335 nmittebat,
2504 4264 2697 4319 statim
2734 4266 2840 4320 illa:
2873 4265 3065 4319 hostiae
3087 4258 3256 4319 finem
3290 4255 3640 4335 acceperunt,
3665 4260 3775 4333 quia

594 4352 657 4403 In
687 4342 796 4419 qua
817 4354 1096 4404 voluntate
1125 4346 1225 4404 Dei
1250 4346 1434 4421 Patris
1451 4366 1619 4420 quam
1652 4349 1825 4403 Filius
1850 4350 2123 4421 adimple—
2141 4338 2189 4367 Η
2207 4356 2464 4408 veniente
2488 4354 2719 4408 veritate
2739 4354 2941 4409 umbra
2961 4353 3236 4409 discessit.
3255 4354 3580 4408 Notandum
3596 4338 3772 4423 autem.

520 4438 618 4511 vit,
654 4442 984 4507 sanctiﬁcati
1011 4434 1285 4513 sumus
1313 4434 1651 4509 baptismate
1670 4455 1768 4507 per
1797 4442 2124 4494 oblationem
2208 4444 2340 4515 quia
2388 4442 2483 4497 ubi
2531 4443 2841 4497 recordatio
2873 4448 3226 4514 peccatorum
3272 4458 3387 4496 non
3435 4449 3540 4507 est,
3574 4455 3683 4511 quae
3725 4435 3774 4490 in

521 4531 764 4597 corporis
799 4530 924 4582 Jesu
958 4527 1162 4582 Christi
1196 4530 1381 4584 semel.
1423 4527 1580 4591 Quod
1604 4527 1767 4595 dicit,
1799 4532 1978 4593 semel,
2010 4529 2123 4582 tale
2206 4531 2542 4603 baptismate
2564 4549 2665 4602 per
2690 4533 2855 4586 ﬁdem
2880 4530 3187 4586 Domi'nicae
3223 4531 3499 4602 passionis
3524 4526 3777 4585 dimittam

523 4620 607 4670 est
632 4632 696 4669 ac
727 4616 775 4669 si
811 4615 1024 4670 diceret
1054 4633 1066 4668 :
1101 4615 1445 4670 Sa'nctiticati
1476 4628 1675 4668 sumus
1705 4615 1764 4668 in
1795 4614 2130 4693 baptismate
2211 4626 2326 4684 tur,
2356 4621 2471 4691 jam
2496 4632 2624 4675 ‘non
2656 4627 2742 4674 est
2770 4621 3084 4675 necessaria
3117 4620 3327 4691 oblatio
3357 4620 3500 4690 legis
3544 4635 3640 4690 pm
3674 4630 3776 4688 pec-

522 4718 623 4775 per
652 4704 989 4777 passionem,
1022 4720 1190 4776 quam
1217 4704 1475 4758 Christus
1517 4703 1825 4758 celebravit
1846 4704 2037 4758 semel.
2080 4700 2081 4703 “
2212 4702 2369 4764 cato;
2464 4720 2469 4725 -
2813 4770 2819 4775 _
3162 4718 3165 4721 ί
3720 4710 3725 4715 ’

594 4793 663 4848 Et
704 4798 883 4848 omnis
911 4792 1146 4862 quidem
1172 4794 1421 4847 sacerdos
1449 4792 1597 4863 legis
1622 4797 1820 4861 praesto
1862 4798 1936 4847 est
1964 4792 2132 4846 altari
2288 4800 2552 4854 Habentes
2610 4803 2816 4873 itaque,
2873 4798 3099 4867 fratres,
3161 4798 3427 4869 ﬁduciam
3468 4799 3532 4850 in
3582 4794 3780 4855 introitu

525 4884 765 4953 quotidie
794 4886 1129 4959 ministram
1156 4888 1205 4936 οι
1237 4883 1449 4936 easdem
1480 4898 1613 4950 διξερε
1637 4884 1865 4949 οπϐνϐηδ
1895 4883 2120 4949 hostium
2205 4893 2548 4953 sanctorum,
2582 4890 2644 4941 in
2663 4890 2937 4954 sanguine
2960 4880 3187 4949 Christi,
3211 4892 3381 4954 quam
3402 4888 3646 4939 initiavit
3660 4881 3781 4935 nobis

525 4987 643 5039 qua:
664 4987 952 5040 nunquam
962 4977 1195 5040 possunt
1216 4973 1441 5047 auferre
1462 4976 1702 5038 peccata,
1723 4969 1992 5024 subaudis
2011 4970 2123 5043 cri-
2207 4981 2353 5031 viam
2369 4992 2587 5039 novam,
2610 4981 2659 5029 et
2684 4978 2949 5029 viventem
2971 4990 3070 5044 per
3090 4977 3361 5049 velamen,
3380 4974 3440 5027 id
3466 4979 3562 5043 est,
3592 4983 3782 5027 cautem

526 5057 758 5129 minalia
786 5067 955 5131 atque
985 5060 1267 5130 capitalia.
2080 5066 2085 5079 ’
2216 5081 2398 5135 suam,
2447 5070 2497 5117 et
2533 5065 2865 5118 sacerdotem
2923 5078 3185 5131 magnum
3234 5054 3401 5130 super
3445 5064 3661 5116 domum
3689 5058 3777 5111 Dei.

593 5150 695 5203 Hic
721 5155 909 5202 autem
939 5148 1091 5202 haud
1116 5147 1347 5202 dubium
1372 5149 1509 5218 quin
1546 5147 1802 5202 Christus
1835 5163 2011 5202 unam
2030 5164 2135 5217 pro
2218 5154 2503 5208 Hactenus
2538 5151 2787 5207 ostendit
2826 5150 3105 5225 pontificis
3121 5156 3179 5204 et
3199 5149 3536 5215 hostiarum,
3569 5147 3786 5203 tabem-

519 5241 754 5307 peccatis
782 5240 1009 5304 offerens
1054 5238 1290 5290 hostiam
1343 5240 1405 5289 in
1452 5240 1849 5304 sempiternum
1878 5239 2019 5292 sedet
2066 5242 2137 5292 in
2220 5242 2331 5296 culi
2363 5257 2584 5312 quoque
2616 5247 2673 5293 ct
2691 5240 3019 5294 testamenti
3053 5244 3110 5294 et
3131 5240 3583 5313 repromissionis
3609 5236 3786 5305 distan-

527 5328 751 5380 iieztera
768 5326 883 5387 Dei,
907 5325 970 5377 dc
993 5330 1180 5378 extero
1199 5329 1515 5397 exspectans
1538 5327 1704 5379 donec
1722 5331 2012 5393 ponantur
2030 5329 2141 5380 ini-
2220 5330 2381 5397 tiam;
2405 5331 2755 5403 multamque
2776 5329 3150 5384 differentiam
3175 5344 3187 5378 :
3216 5343 3367 5401 nunc
3398 5325 3672 5401 imitando
3684 5323 3786 5376 hor-

534 5417 672 5470 mici
700 5418 815 5483 ejus
841 5415 1137 5468 scabellum
1169 5415 1373 5481 pedum
1404 5417 1538 5484 ejus.
1571 5416 1885 5493 Ministrare
1922 5417 2035 5471 sive
2061 5419 2145 5471 of-
2226 5424 2383 5474 tatur
2411 5420 2675 5474 acéedere
2713 5419 2784 5472 ad
2816 5435 2884 5472 ea
2905 5435 3027 5491 qua:
3058 5434 3158 5490 per
3187 5417 3473 5471 Christum
3506 5417 3562 5470 in
3591 5413 3786 5468 veritate

551 5504 719 5567 ferre,
740 5503 975 5572 “signum
1016 5507 1102 5557 est
1127 5502 1578 5571 ministrationis,
1614 5521 1718 5577 per
1752 5507 1904 5577 quod
1936 5506 2148 5562 intelli-
2228 5507 2389 5564 nobis
2403 5502 3335 5573 advenerunt,dansauctoritatem
3364 5506 3433 5559 de
3458 5518 3654 5575 magno
3678 5514 3785 5572 pons
