  <div class='ocr_page' id='page_1' title='image "/cluster/home/n/w/nwhite01/storage/ocr_20150623/117/hvd.32044054759816/452.png"; bbox 0 0 3884 6154; ppageno 0'>
   <div class='ocr_carea' id='block_1_1' title="bbox 155 230 1729 294">
    <p class='ocr_par' dir='ltr' id='par_1_1' title="bbox 155 232 1729 294">
     <span class='ocr_line' id='line_1_1' title="bbox 155 232 1729 294; baseline -0.001 0"><span class='ocrx_word' id='word_1_1' title='bbox 155 236 250 294; x_wconf 79' lang='lat'>893</span> <span class='ocrx_word' id='word_1_2' title='bbox 744 232 1130 291; x_wconf 84' lang='lat' dir='ltr'>EXPOSITIO</span> <span class='ocrx_word' id='word_1_3' title='bbox 1170 234 1248 289; x_wconf 80' lang='grc' dir='ltr'>ΙΝ</span> <span class='ocrx_word' id='word_1_4' title='bbox 1286 233 1440 292; x_wconf 87' lang='grc' dir='ltr'>ΕΡΡ.</span> <span class='ocrx_word' id='word_1_5' title='bbox 1483 234 1541 289; x_wconf 91' lang='lat' dir='ltr'>S.</span> <span class='ocrx_word' id='word_1_6' title='bbox 1589 236 1729 293; x_wconf 71' lang='grc' dir='ltr'>ΡΑῙΣ</span> 
     </span>
    </p>
   </div>
   <div class='ocr_carea' id='block_1_2' title="bbox 1812 230 3409 294">
    <p class='ocr_par' dir='ltr' id='par_1_2' title="bbox 1812 230 3409 294">
     <span class='ocr_line' id='line_1_2' title="bbox 1812 230 3409 294; baseline -0.001 -3"><span class='ocrx_word' id='word_1_7' title='bbox 1812 239 1836 292; x_wconf 76' lang='grc' dir='ltr'>ἶ.</span> <span class='ocrx_word' id='word_1_8' title='bbox 1877 269 1948 280; x_wconf 90' lang='grc'><strong>-</strong></span> <span class='ocrx_word' id='word_1_9' title='bbox 1986 239 2062 294; x_wconf 89' lang='grc' dir='ltr'>ΙΝ</span> <span class='ocrx_word' id='word_1_10' title='bbox 2102 237 2325 294; x_wconf 85' lang='lat' dir='ltr'>EPIST.</span> <span class='ocrx_word' id='word_1_11' title='bbox 2366 236 2463 292; x_wconf 86' lang='lat' dir='ltr'><strong>AD</strong></span> <span class='ocrx_word' id='word_1_12' title='bbox 2500 233 2716 292; x_wconf 86' lang='lat' dir='ltr'>HEBR.</span> <span class='ocrx_word' id='word_1_13' title='bbox 3302 230 3409 292; x_wconf 73' lang='grc'>894</span> 
     </span>
    </p>
   </div>
   <div class='ocr_carea' id='block_1_3' title="bbox 152 354 3412 433">
    <p class='ocr_par' dir='ltr' id='par_1_3' title="bbox 152 354 3412 433">
     <span class='ocr_line' id='line_1_3' title="bbox 152 354 3412 433; baseline -0.001 -17"><span class='ocrx_word' id='word_1_14' title='bbox 152 362 308 427; x_wconf 88' lang='lat' dir='ltr'>tiﬁce,</span> <span class='ocrx_word' id='word_1_15' title='bbox 339 359 549 414; x_wconf 88' lang='lat' dir='ltr'>dicens:</span> <span class='ocrx_word' id='word_1_16' title='bbox 574 357 877 429; x_wconf 81' lang='lat' dir='ltr'>Propterea</span> <span class='ocrx_word' id='word_1_17' title='bbox 897 354 1119 428; x_wconf 80' lang='lat' dir='ltr'>(inquit)</span> <span class='ocrx_word' id='word_1_18' title='bbox 1140 357 1265 428; x_wconf 85' lang='lat' dir='ltr'>plus</span> <span class='ocrx_word' id='word_1_19' title='bbox 1284 357 1556 413; x_wconf 82' lang='lat' dir='ltr'>habemus</span> <span class='ocrx_word' id='word_1_20' title='bbox 1582 361 1720 414; x_wconf 89' lang='lat' dir='ltr'>ﬁdu-</span> <span class='ocrx_word' id='word_1_21' title='bbox 1742 360 1794 420; x_wconf 90' lang='lat' dir='ltr'><strong>A</strong></span> <span class='ocrx_word' id='word_1_22' title='bbox 1811 362 1981 416; x_wconf 87' lang='lat' dir='ltr'>corda</span> <span class='ocrx_word' id='word_1_23' title='bbox 2007 361 2280 417; x_wconf 80' lang='lat' dir='ltr'>habentes</span> <span class='ocrx_word' id='word_1_24' title='bbox 2301 379 2333 429; x_wconf 84' lang='lat' dir='ltr'>a</span> <span class='ocrx_word' id='word_1_25' title='bbox 2359 361 2600 433; x_wconf 90' lang='lat' dir='ltr'>peccatis</span> <span class='ocrx_word' id='word_1_26' title='bbox 2628 366 2685 414; x_wconf 89' lang='lat' dir='ltr'>et</span> <span class='ocrx_word' id='word_1_27' title='bbox 2707 359 2997 414; x_wconf 74' lang='lat' dir='ltr'>voluntate</span> <span class='ocrx_word' id='word_1_28' title='bbox 3027 358 3196 426; x_wconf 86' lang='lat' dir='ltr'>mala,</span> <span class='ocrx_word' id='word_1_29' title='bbox 3216 358 3412 413; x_wconf 89' lang='lat' dir='ltr'>simul-</span> 
     </span>
    </p>
   </div>
   <div class='ocr_carea' id='block_1_4' title="bbox 153 446 3401 525">
    <p class='ocr_par' dir='ltr' id='par_1_4' title="bbox 153 446 3401 525">
     <span class='ocr_line' id='line_1_4' title="bbox 153 446 3401 525; baseline -0.001 -22"><span class='ocrx_word' id='word_1_30' title='bbox 153 448 280 503; x_wconf 87' lang='lat' dir='ltr'>ciam</span> <span class='ocrx_word' id='word_1_31' title='bbox 310 465 406 525; x_wconf 89' lang='lat' dir='ltr'>per</span> <span class='ocrx_word' id='word_1_32' title='bbox 433 447 756 519; x_wconf 89' lang='lat' dir='ltr'>sanguinem</span> <span class='ocrx_word' id='word_1_33' title='bbox 779 446 985 502; x_wconf 86' lang='lat' dir='ltr'>Christi</span> <span class='ocrx_word' id='word_1_34' title='bbox 1009 446 1287 512; x_wconf 87' lang='lat' dir='ltr'>mundari,</span> <span class='ocrx_word' id='word_1_35' title='bbox 1318 463 1486 517; x_wconf 89' lang='lat' dir='ltr'>quam</span> <span class='ocrx_word' id='word_1_36' title='bbox 1515 448 1594 502; x_wconf 82' lang='lat' dir='ltr'>illi</span> <span class='ocrx_word' id='word_1_37' title='bbox 1626 466 1721 520; x_wconf 76' lang='lat' dir='ltr'>qui</span> <span class='ocrx_word' id='word_1_38' title='bbox 1807 467 1914 520; x_wconf 90' lang='lat' dir='ltr'>que</span> <span class='ocrx_word' id='word_1_39' title='bbox 1944 450 2185 505; x_wconf 81' lang='lat' dir='ltr'>ostendit</span> <span class='ocrx_word' id='word_1_40' title='bbox 2216 451 2346 521; x_wconf 85' lang='lat' dir='ltr'>quia</span> <span class='ocrx_word' id='word_1_41' title='bbox 2371 467 2483 503; x_wconf 87' lang='lat' dir='ltr'>non</span> <span class='ocrx_word' id='word_1_42' title='bbox 2509 448 2620 503; x_wconf 86' lang='lat' dir='ltr'>ﬁde</span> <span class='ocrx_word' id='word_1_43' title='bbox 2648 449 2787 509; x_wconf 84' lang='lat' dir='ltr'>sola,</span> <span class='ocrx_word' id='word_1_44' title='bbox 2816 447 2913 502; x_wconf 87' lang='lat' dir='ltr'>sed</span> <span class='ocrx_word' id='word_1_45' title='bbox 2943 448 3114 501; x_wconf 83' lang='lat' dir='ltr'>etiam</span> <span class='ocrx_word' id='word_1_46' title='bbox 3137 447 3250 501; x_wconf 85' lang='lat' dir='ltr'>vita</span> <span class='ocrx_word' id='word_1_47' title='bbox 3273 452 3401 501; x_wconf 85' lang='lat' dir='ltr'>cum</span> 
     </span>
    </p>
   </div>
   <div class='ocr_carea' id='block_1_5' title="bbox 151 535 3407 612">
    <p class='ocr_par' dir='ltr' id='par_1_5' title="bbox 151 535 3407 612">
     <span class='ocr_line' id='line_1_5' title="bbox 151 535 3407 612; baseline -0.001 -20"><span class='ocrx_word' id='word_1_48' title='bbox 151 536 432 592; x_wconf 87' lang='lat' dir='ltr'>carnaliter</span> <span class='ocrx_word' id='word_1_49' title='bbox 485 536 695 590; x_wconf 83' lang='lat' dir='ltr'>hostias</span> <span class='ocrx_word' id='word_1_50' title='bbox 752 535 1076 595; x_wconf 77' lang='lat' dir='ltr'>offerebant,</span> <span class='ocrx_word' id='word_1_51' title='bbox 1130 535 1261 606; x_wconf 92' lang='lat' dir='ltr'>quia</span> <span class='ocrx_word' id='word_1_52' title='bbox 1309 535 1493 590; x_wconf 83' lang='lat' dir='ltr'>hostia</span> <span class='ocrx_word' id='word_1_53' title='bbox 1530 545 1723 592; x_wconf 89' lang='lat' dir='ltr'>nostra</span> <span class='ocrx_word' id='word_1_54' title='bbox 1807 539 2105 594; x_wconf 78' lang='lat' dir='ltr'>virtutibus</span> <span class='ocrx_word' id='word_1_55' title='bbox 2127 539 2412 612; x_wconf 68' lang='lat' dir='ltr'>quaeritur,</span> <span class='ocrx_word' id='word_1_56' title='bbox 2431 541 2699 605; x_wconf 86' lang='lat' dir='ltr'>quoniam</span> <span class='ocrx_word' id='word_1_57' title='bbox 2714 535 3243 604; x_wconf 79' lang='lat' dir='ltr'>ﬁdessineoperibus</span> <span class='ocrx_word' id='word_1_58' title='bbox 3259 548 3407 590; x_wconf 75' lang='lat' dir='ltr'>mor-</span> 
     </span>
    </p>
   </div>
   <div class='ocr_carea' id='block_1_6' title="bbox 149 622 3409 696">
    <p class='ocr_par' dir='ltr' id='par_1_6' title="bbox 149 622 3409 696">
     <span class='ocr_line' id='line_1_6' title="bbox 149 622 3409 696; baseline -0.001 -15"><span class='ocrx_word' id='word_1_59' title='bbox 149 645 267 683; x_wconf 87' lang='lat' dir='ltr'>vera</span> <span class='ocrx_word' id='word_1_60' title='bbox 296 633 349 682; x_wconf 92' lang='lat' dir='ltr'>et</span> <span class='ocrx_word' id='word_1_61' title='bbox 386 625 730 687; x_wconf 85' lang='lat' dir='ltr'>rationabilis</span> <span class='ocrx_word' id='word_1_62' title='bbox 763 633 865 683; x_wconf 84' lang='lat' dir='ltr'>est.</span> <span class='ocrx_word' id='word_1_63' title='bbox 910 626 975 680; x_wconf 90' lang='lat' dir='ltr'>In</span> <span class='ocrx_word' id='word_1_64' title='bbox 1018 630 1242 679; x_wconf 88' lang='lat' dir='ltr'>tantum</span> <span class='ocrx_word' id='word_1_65' title='bbox 1274 625 1421 679; x_wconf 91' lang='lat' dir='ltr'>enim</span> <span class='ocrx_word' id='word_1_66' title='bbox 1452 628 1722 696; x_wconf 80' lang='lat' dir='ltr'>majorem</span> <span class='ocrx_word' id='word_1_67' title='bbox 1808 635 1904 681; x_wconf 80' lang='lat' dir='ltr'>tua</span> <span class='ocrx_word' id='word_1_68' title='bbox 1927 633 1999 682; x_wconf 84' lang='lat' dir='ltr'>est</span> <span class='ocrx_word' id='word_1_69' title='bbox 2025 631 2161 694; x_wconf 86' lang='lat' dir='ltr'>(Jac.</span> <span class='ocrx_word' id='word_1_70' title='bbox 2191 630 2273 689; x_wconf 80' lang='lat' dir='ltr'>II).</span> <span class='ocrx_word' id='word_1_71' title='bbox 2296 626 2472 682; x_wconf 76' lang='lat' dir='ltr'>Judaei</span> <span class='ocrx_word' id='word_1_72' title='bbox 2494 642 2729 694; x_wconf 89' lang='lat' dir='ltr'>corpora</span> <span class='ocrx_word' id='word_1_73' title='bbox 2751 622 3120 690; x_wconf 86' lang='lat' dir='ltr'>mundabant,</span> <span class='ocrx_word' id='word_1_74' title='bbox 3144 639 3247 695; x_wconf 86' lang='lat' dir='ltr'>nos</span> <span class='ocrx_word' id='word_1_75' title='bbox 3272 638 3409 679; x_wconf 89' lang='lat' dir='ltr'>con-</span> 
     </span>
    </p>
   </div>
   <div class='ocr_carea' id='block_1_7' title="bbox 149 711 3409 787">
    <p class='ocr_par' dir='ltr' id='par_1_7' title="bbox 149 711 3409 787">
     <span class='ocr_line' id='line_1_7' title="bbox 149 711 3409 787; baseline -0.002 -15"><span class='ocrx_word' id='word_1_76' title='bbox 149 717 393 773; x_wconf 86' lang='lat' dir='ltr'>ﬁduciam</span> <span class='ocrx_word' id='word_1_77' title='bbox 414 715 684 769; x_wconf 86' lang='lat' dir='ltr'>habemus</span> <span class='ocrx_word' id='word_1_78' title='bbox 718 714 777 768; x_wconf 90' lang='lat' dir='ltr'>in</span> <span class='ocrx_word' id='word_1_79' title='bbox 811 715 1069 785; x_wconf 89' lang='lat' dir='ltr'>ingressu</span> <span class='ocrx_word' id='word_1_80' title='bbox 1090 715 1358 768; x_wconf 81' lang='lat' dir='ltr'>ccelorum</span> <span class='ocrx_word' id='word_1_81' title='bbox 1384 732 1484 785; x_wconf 92' lang='lat' dir='ltr'>per</span> <span class='ocrx_word' id='word_1_82' title='bbox 1502 716 1723 787; x_wconf 90' lang='lat' dir='ltr'>sangui-</span> <span class='ocrx_word' id='word_1_83' title='bbox 1807 716 2122 771; x_wconf 86' lang='lat' dir='ltr'>scientiam.</span> <span class='ocrx_word' id='word_1_84' title='bbox 2157 715 2231 770; x_wconf 87' lang='lat' dir='ltr'>Et</span> <span class='ocrx_word' id='word_1_85' title='bbox 2261 715 2456 779; x_wconf 88' lang='lat' dir='ltr'>abluti,</span> <span class='ocrx_word' id='word_1_86' title='bbox 2481 715 2683 785; x_wconf 86' lang='lat' dir='ltr'>inquit,</span> <span class='ocrx_word' id='word_1_87' title='bbox 2712 728 2934 784; x_wconf 89' lang='lat' dir='ltr'>corpus,</span> <span class='ocrx_word' id='word_1_88' title='bbox 2959 712 3017 766; x_wconf 87' lang='lat' dir='ltr'>id</span> <span class='ocrx_word' id='word_1_89' title='bbox 3047 716 3135 783; x_wconf 88' lang='lat' dir='ltr'>est</span> <span class='ocrx_word' id='word_1_90' title='bbox 3153 711 3409 767; x_wconf 89' lang='lat' dir='ltr'>ablutum</span> 
     </span>
    </p>
   </div>
   <div class='ocr_carea' id='block_1_8' title="bbox 150 796 3410 876">
    <p class='ocr_par' dir='ltr' id='par_1_8' title="bbox 150 796 3410 876">
     <span class='ocr_line' id='line_1_8' title="bbox 150 796 3410 876; baseline -0.001 -16"><span class='ocrx_word' id='word_1_91' title='bbox 150 823 265 861; x_wconf 86' lang='lat' dir='ltr'>nem</span> <span class='ocrx_word' id='word_1_92' title='bbox 287 803 504 867; x_wconf 85' lang='lat' dir='ltr'>Christi,</span> <span class='ocrx_word' id='word_1_93' title='bbox 526 804 581 857; x_wconf 93' lang='lat' dir='ltr'>in</span> <span class='ocrx_word' id='word_1_94' title='bbox 601 806 873 876; x_wconf 80' lang='lat' dir='ltr'>quantum</span> <span class='ocrx_word' id='word_1_95' title='bbox 902 802 1083 872; x_wconf 89' lang='lat' dir='ltr'>magis</span> <span class='ocrx_word' id='word_1_96' title='bbox 1103 804 1417 856; x_wconf 70' lang='lat' dir='ltr'>cohazredes</span> <span class='ocrx_word' id='word_1_97' title='bbox 1438 804 1615 858; x_wconf 78' lang='lat' dir='ltr'>effecti</span> <span class='ocrx_word' id='word_1_98' title='bbox 1637 822 1726 859; x_wconf 86' lang='lat' dir='ltr'>su-</span> <span class='ocrx_word' id='word_1_99' title='bbox 1808 810 2010 876; x_wconf 74' lang='lat' dir='ltr'>Carpus</span> <span class='ocrx_word' id='word_1_100' title='bbox 2035 804 2305 859; x_wconf 84' lang='lat' dir='ltr'>habentes</span> <span class='ocrx_word' id='word_1_101' title='bbox 2334 819 2481 875; x_wconf 83' lang='lat' dir='ltr'>aqua</span> <span class='ocrx_word' id='word_1_102' title='bbox 2509 802 2740 872; x_wconf 86' lang='lat' dir='ltr'>munda,</span> <span class='ocrx_word' id='word_1_103' title='bbox 2771 803 2876 856; x_wconf 90' lang='lat' dir='ltr'>hoc</span> <span class='ocrx_word' id='word_1_104' title='bbox 2908 808 2996 855; x_wconf 89' lang='lat' dir='ltr'>est</span> <span class='ocrx_word' id='word_1_105' title='bbox 3022 810 3169 872; x_wconf 85' lang='lat' dir='ltr'>aqua</span> <span class='ocrx_word' id='word_1_106' title='bbox 3198 796 3410 872; x_wconf 71' lang='lat' dir='ltr'>baptis-</span> 
     </span>
    </p>
   </div>
   <div class='ocr_carea' id='block_1_9' title="bbox 147 883 3409 962">
    <p class='ocr_par' dir='ltr' id='par_1_9' title="bbox 147 883 3409 962">
     <span class='ocr_line' id='line_1_9' title="bbox 147 883 3409 962; baseline -0.002 -14"><span class='ocrx_word' id='word_1_107' title='bbox 147 910 278 948; x_wconf 89' lang='lat' dir='ltr'>mus.</span> <span class='ocrx_word' id='word_1_108' title='bbox 300 891 499 946; x_wconf 89' lang='lat' dir='ltr'>Nullus</span> <span class='ocrx_word' id='word_1_109' title='bbox 518 896 706 949; x_wconf 86' lang='lat' dir='ltr'>autem</span> <span class='ocrx_word' id='word_1_110' title='bbox 729 890 799 945; x_wconf 88' lang='lat' dir='ltr'>ad</span> <span class='ocrx_word' id='word_1_111' title='bbox 821 890 965 944; x_wconf 90' lang='lat' dir='ltr'>dona</span> <span class='ocrx_word' id='word_1_112' title='bbox 982 889 1225 960; x_wconf 87' lang='lat' dir='ltr'>Spiritus</span> <span class='ocrx_word' id='word_1_113' title='bbox 1239 891 1722 962; x_wconf 86' lang='lat' dir='ltr'>sanctipervenire</span> <span class='ocrx_word' id='word_1_114' title='bbox 1808 883 1994 947; x_wconf 85' lang='lat' dir='ltr'>matis.</span> <span class='ocrx_word' id='word_1_115' title='bbox 2030 893 2241 959; x_wconf 80' lang='lat' dir='ltr'>Idcirco</span> <span class='ocrx_word' id='word_1_116' title='bbox 2271 896 2459 946; x_wconf 89' lang='lat' dir='ltr'>autem</span> <span class='ocrx_word' id='word_1_117' title='bbox 2487 889 2620 945; x_wconf 87' lang='lat' dir='ltr'>dicit</span> <span class='ocrx_word' id='word_1_118' title='bbox 2649 906 2851 960; x_wconf 88' lang='lat' dir='ltr'>corpus</span> <span class='ocrx_word' id='word_1_119' title='bbox 2877 905 3023 961; x_wconf 85' lang='lat' dir='ltr'>aqua</span> <span class='ocrx_word' id='word_1_120' title='bbox 3051 886 3409 961; x_wconf 75' lang='lat' dir='ltr'>baptismatis</span> 
     </span>
    </p>
   </div>
   <div class='ocr_carea' id='block_1_10' title="bbox 147 974 3408 1055">
    <p class='ocr_par' dir='ltr' id='par_1_10' title="bbox 147 974 3408 1055">
     <span class='ocr_line' id='line_1_10' title="bbox 147 974 3408 1055; baseline -0.001 -20"><span class='ocrx_word' id='word_1_121' title='bbox 147 981 334 1037; x_wconf 75' lang='lat' dir='ltr'>valebit</span> <span class='ocrx_word' id='word_1_122' title='bbox 357 981 465 1035; x_wconf 82' lang='lat' dir='ltr'>nisi</span> <span class='ocrx_word' id='word_1_123' title='bbox 493 986 607 1051; x_wconf 82' lang='lat' dir='ltr'>per</span> <span class='ocrx_word' id='word_1_124' title='bbox 622 979 789 1038; x_wconf 88' lang='lat' dir='ltr'>ﬁdem</span> <span class='ocrx_word' id='word_1_125' title='bbox 812 978 925 1034; x_wconf 86' lang='lat' dir='ltr'>sive</span> <span class='ocrx_word' id='word_1_126' title='bbox 946 979 1230 1041; x_wconf 85' lang='lat' dir='ltr'>ﬁduciam.</span> <span class='ocrx_word' id='word_1_127' title='bbox 1255 979 1311 1033; x_wconf 90' lang='lat' dir='ltr'>id</span> <span class='ocrx_word' id='word_1_128' title='bbox 1342 986 1429 1034; x_wconf 89' lang='lat' dir='ltr'>est</span> <span class='ocrx_word' id='word_1_129' title='bbox 1454 997 1556 1055; x_wconf 90' lang='lat' dir='ltr'>per</span> <span class='ocrx_word' id='word_1_130' title='bbox 1578 982 1723 1036; x_wconf 86' lang='lat' dir='ltr'>viam</span> <span class='ocrx_word' id='word_1_131' title='bbox 1805 980 2167 1051; x_wconf 83' lang='lat' dir='ltr'>abluendum,</span> <span class='ocrx_word' id='word_1_132' title='bbox 2191 981 2321 1055; x_wconf 88' lang='lat' dir='ltr'>quia</span> <span class='ocrx_word' id='word_1_133' title='bbox 2348 980 2483 1034; x_wconf 89' lang='lat' dir='ltr'>dum</span> <span class='ocrx_word' id='word_1_134' title='bbox 2511 996 2713 1050; x_wconf 91' lang='lat' dir='ltr'>corpus</span> <span class='ocrx_word' id='word_1_135' title='bbox 2734 974 3003 1044; x_wconf 85' lang='lat' dir='ltr'>abluitur,</span> <span class='ocrx_word' id='word_1_136' title='bbox 3024 990 3174 1050; x_wconf 86' lang='lat' dir='ltr'>aqua</span> <span class='ocrx_word' id='word_1_137' title='bbox 3193 976 3408 1051; x_wconf 81' lang='lat' dir='ltr'>Spiritu</span> 
     </span>
    </p>
   </div>
   <div class='ocr_carea' id='block_1_11' title="bbox 148 1067 3361 1141">
    <p class='ocr_par' dir='ltr' id='par_1_11' title="bbox 148 1067 3361 1141">
     <span class='ocr_line' id='line_1_11' title="bbox 148 1067 3361 1141; baseline -0.001 -16"><span class='ocrx_word' id='word_1_138' title='bbox 148 1086 329 1125; x_wconf 89' lang='lat' dir='ltr'>novam</span> <span class='ocrx_word' id='word_1_139' title='bbox 369 1073 425 1122; x_wconf 91' lang='lat' dir='ltr'>et</span> <span class='ocrx_word' id='word_1_140' title='bbox 453 1068 725 1122; x_wconf 86' lang='lat' dir='ltr'>viventem</span> <span class='ocrx_word' id='word_1_141' title='bbox 759 1083 927 1141; x_wconf 89' lang='lat' dir='ltr'>quam</span> <span class='ocrx_word' id='word_1_142' title='bbox 971 1067 1216 1121; x_wconf 87' lang='lat' dir='ltr'>initiavit</span> <span class='ocrx_word' id='word_1_143' title='bbox 1258 1067 1419 1122; x_wconf 88' lang='lat' dir='ltr'>nobis</span> <span class='ocrx_word' id='word_1_144' title='bbox 1445 1068 1719 1132; x_wconf 85' lang='lat' dir='ltr'>Christus,</span> <span class='ocrx_word' id='word_1_145' title='bbox 1806 1076 2000 1124; x_wconf 83' lang='lat' dir='ltr'>sancto</span> <span class='ocrx_word' id='word_1_146' title='bbox 2030 1070 2415 1124; x_wconf 84' lang='lat' dir='ltr'>sanctiﬁcatur</span> <span class='ocrx_word' id='word_1_147' title='bbox 2443 1069 2651 1122; x_wconf 89' lang='lat' dir='ltr'>anima.</span> <span class='ocrx_word' id='word_1_148' title='bbox 3356 1076 3361 1085; x_wconf 96' lang='lat'>&#39;</span> 
     </span>
    </p>
   </div>
   <div class='ocr_carea' id='block_1_12' title="bbox 148 1154 3402 1227">
    <p class='ocr_par' dir='ltr' id='par_1_12' title="bbox 148 1154 3402 1227">
     <span class='ocr_line' id='line_1_12' title="bbox 148 1154 3402 1227; baseline -0.001 -14"><span class='ocrx_word' id='word_1_149' title='bbox 148 1158 240 1213; x_wconf 90' lang='lat' dir='ltr'>hoc</span> <span class='ocrx_word' id='word_1_150' title='bbox 258 1156 577 1219; x_wconf 83' lang='lat' dir='ltr'>estinitium</span> <span class='ocrx_word' id='word_1_151' title='bbox 598 1156 793 1212; x_wconf 86' lang='lat' dir='ltr'>utendi</span> <span class='ocrx_word' id='word_1_152' title='bbox 813 1155 967 1210; x_wconf 87' lang='lat' dir='ltr'>dedit</span> <span class='ocrx_word' id='word_1_153' title='bbox 990 1174 1001 1209; x_wconf 94' lang='lat'>:</span> <span class='ocrx_word' id='word_1_154' title='bbox 1039 1155 1186 1209; x_wconf 88' lang='lat' dir='ltr'>viam</span> <span class='ocrx_word' id='word_1_155' title='bbox 1208 1172 1335 1209; x_wconf 82' lang='lat' dir='ltr'>vero</span> <span class='ocrx_word' id='word_1_156' title='bbox 1360 1172 1556 1211; x_wconf 87' lang='lat' dir='ltr'>novam</span> <span class='ocrx_word' id='word_1_157' title='bbox 1589 1158 1723 1211; x_wconf 89' lang='lat' dir='ltr'>dicit</span> <span class='ocrx_word' id='word_1_158' title='bbox 1883 1160 2182 1212; x_wconf 85' lang='lat' dir='ltr'>Teneamus</span> <span class='ocrx_word' id='word_1_159' title='bbox 2195 1162 2309 1227; x_wconf 88' lang='lat' dir='ltr'>spei</span> <span class='ocrx_word' id='word_1_160' title='bbox 2326 1162 2520 1211; x_wconf 60' lang='lat' dir='ltr'>nostra</span> <span class='ocrx_word' id='word_1_161' title='bbox 2537 1158 2921 1223; x_wconf 79' lang='lat' dir='ltr'>confessionem</span> <span class='ocrx_word' id='word_1_162' title='bbox 2934 1154 3402 1211; x_wconf 73' lang='lat' dir='ltr'>indeclinabilem.</span> 
     </span>
    </p>
   </div>
   <div class='ocr_carea' id='block_1_13' title="bbox 148 1240 3405 1317">
    <p class='ocr_par' dir='ltr' id='par_1_13' title="bbox 148 1240 3405 1317">
     <span class='ocr_line' id='line_1_13' title="bbox 148 1240 3405 1317; baseline -0.001 -16"><span class='ocrx_word' id='word_1_163' title='bbox 148 1247 297 1302; x_wconf 88' lang='lat' dir='ltr'>ﬁdem</span> <span class='ocrx_word' id='word_1_164' title='bbox 319 1247 540 1310; x_wconf 85' lang='lat' dir='ltr'>novam,</span> <span class='ocrx_word' id='word_1_165' title='bbox 569 1262 693 1317; x_wconf 67' lang='lat' dir='ltr'>quae</span> <span class='ocrx_word' id='word_1_166' title='bbox 713 1244 1110 1317; x_wconf 87' lang='lat' dir='ltr'>perChristum</span> <span class='ocrx_word' id='word_1_167' title='bbox 1133 1244 1265 1298; x_wconf 86' lang='lat' dir='ltr'>data</span> <span class='ocrx_word' id='word_1_168' title='bbox 1282 1250 1385 1308; x_wconf 89' lang='lat' dir='ltr'>est,</span> <span class='ocrx_word' id='word_1_169' title='bbox 1414 1246 1528 1299; x_wconf 88' lang='lat' dir='ltr'>sive</span> <span class='ocrx_word' id='word_1_170' title='bbox 1546 1262 1726 1300; x_wconf 85' lang='lat' dir='ltr'>exem-</span> <span class='ocrx_word' id='word_1_171' title='bbox 1806 1248 2005 1301; x_wconf 75' lang='lat' dir='ltr'>Fidelis</span> <span class='ocrx_word' id='word_1_172' title='bbox 2042 1249 2192 1301; x_wconf 88' lang='lat' dir='ltr'>enim</span> <span class='ocrx_word' id='word_1_173' title='bbox 2225 1252 2303 1299; x_wconf 74' lang='lat' dir='ltr'>est</span> <span class='ocrx_word' id='word_1_174' title='bbox 2333 1248 2432 1313; x_wconf 88' lang='lat' dir='ltr'>qui</span> <span class='ocrx_word' id='word_1_175' title='bbox 2461 1240 2796 1313; x_wconf 73' lang='lat' dir='ltr'>repromisit.</span> <span class='ocrx_word' id='word_1_176' title='bbox 2833 1244 3249 1298; x_wconf 82' lang='lat' dir='ltr'>Contessionem</span> <span class='ocrx_word' id='word_1_177' title='bbox 3285 1244 3405 1315; x_wconf 90' lang='lat' dir='ltr'>spei</span> 
     </span>
    </p>
   </div>
   <div class='ocr_carea' id='block_1_14' title="bbox 146 1332 3412 1413">
    <p class='ocr_par' dir='ltr' id='par_1_14' title="bbox 146 1332 3412 1413">
     <span class='ocr_line' id='line_1_14' title="bbox 146 1332 3412 1413; baseline -0.001 -23"><span class='ocrx_word' id='word_1_178' title='bbox 146 1336 285 1413; x_wconf 85' lang='lat' dir='ltr'>plum</span> <span class='ocrx_word' id='word_1_179' title='bbox 314 1333 668 1395; x_wconf 82' lang='lat' dir='ltr'>humilitatis,</span> <span class='ocrx_word' id='word_1_180' title='bbox 690 1350 789 1404; x_wconf 86' lang='lat' dir='ltr'>per</span> <span class='ocrx_word' id='word_1_181' title='bbox 818 1333 967 1404; x_wconf 87' lang='lat' dir='ltr'>quod</span> <span class='ocrx_word' id='word_1_182' title='bbox 999 1333 1119 1404; x_wconf 87' lang='lat' dir='ltr'>ipse</span> <span class='ocrx_word' id='word_1_183' title='bbox 1143 1334 1402 1403; x_wconf 84' lang='lat' dir='ltr'>perrexit,</span> <span class='ocrx_word' id='word_1_184' title='bbox 1422 1333 1494 1387; x_wconf 90' lang='lat' dir='ltr'>hu</span> <span class='ocrx_word' id='word_1_185' title='bbox 1507 1335 1723 1388; x_wconf 86' lang='lat' dir='ltr'>milians</span> <span class='ocrx_word' id='word_1_186' title='bbox 1806 1335 2282 1399; x_wconf 87' lang='lat' dir='ltr'>indeclinabiliter</span> <span class='ocrx_word' id='word_1_187' title='bbox 2313 1340 2590 1399; x_wconf 88' lang='lat' dir='ltr'>tenemus,</span> <span class='ocrx_word' id='word_1_188' title='bbox 2618 1333 2663 1387; x_wconf 90' lang='lat' dir='ltr'>si</span> <span class='ocrx_word' id='word_1_189' title='bbox 2696 1350 2809 1386; x_wconf 89' lang='lat' dir='ltr'>non</span> <span class='ocrx_word' id='word_1_190' title='bbox 2838 1332 3199 1403; x_wconf 87' lang='lat' dir='ltr'>desperamus</span> <span class='ocrx_word' id='word_1_191' title='bbox 3223 1332 3292 1387; x_wconf 90' lang='lat' dir='ltr'>de</span> <span class='ocrx_word' id='word_1_192' title='bbox 3317 1348 3412 1403; x_wconf 87' lang='lat' dir='ltr'>pa-</span> 
     </span>
    </p>
   </div>
   <div class='ocr_carea' id='block_1_15' title="bbox 148 1420 3410 1495">
    <p class='ocr_par' dir='ltr' id='par_1_15' title="bbox 148 1420 3410 1495">
     <span class='ocr_line' id='line_1_15' title="bbox 148 1420 3410 1495; baseline -0.001 -17"><span class='ocrx_word' id='word_1_193' title='bbox 148 1423 488 1495; x_wconf 57' lang='lat' dir='ltr'>semeti‘psum</span> <span class='ocrx_word' id='word_1_194' title='bbox 512 1438 690 1495; x_wconf 91' lang='lat' dir='ltr'>usque</span> <span class='ocrx_word' id='word_1_195' title='bbox 720 1422 789 1479; x_wconf 86' lang='lat' dir='ltr'>ad</span> <span class='ocrx_word' id='word_1_196' title='bbox 813 1428 1072 1475; x_wconf 90' lang='lat' dir='ltr'>mortem.</span> <span class='ocrx_word' id='word_1_197' title='bbox 1093 1421 1418 1487; x_wconf 87' lang='lat' dir='ltr'>Possumus,</span> <span class='ocrx_word' id='word_1_198' title='bbox 1443 1428 1499 1476; x_wconf 92' lang='lat' dir='ltr'>et</span> <span class='ocrx_word' id='word_1_199' title='bbox 1526 1439 1722 1477; x_wconf 88' lang='lat' dir='ltr'>novam</span> <span class='ocrx_word' id='word_1_200' title='bbox 1805 1425 1915 1477; x_wconf 92' lang='lat' dir='ltr'>tria</span> <span class='ocrx_word' id='word_1_201' title='bbox 1935 1423 2166 1489; x_wconf 73' lang='lat' dir='ltr'>omlesti,</span> <span class='ocrx_word' id='word_1_202' title='bbox 2182 1429 2239 1477; x_wconf 91' lang='lat' dir='ltr'>et</span> <span class='ocrx_word' id='word_1_203' title='bbox 2257 1423 2326 1477; x_wconf 85' lang='lat' dir='ltr'>de.</span> <span class='ocrx_word' id='word_1_204' title='bbox 2347 1422 2606 1477; x_wconf 90' lang='lat' dir='ltr'>omnibus</span> <span class='ocrx_word' id='word_1_205' title='bbox 2627 1438 2749 1493; x_wconf 68' lang='lat' dir='ltr'>quae</span> <span class='ocrx_word' id='word_1_206' title='bbox 2766 1420 2925 1475; x_wconf 86' lang='lat' dir='ltr'>nobis</span> <span class='ocrx_word' id='word_1_207' title='bbox 2946 1420 3205 1491; x_wconf 88' lang='lat' dir='ltr'>promisit</span> <span class='ocrx_word' id='word_1_208' title='bbox 3222 1420 3410 1475; x_wconf 89' lang='lat' dir='ltr'>Domi-</span> 
     </span>
    </p>
   </div>
   <div class='ocr_carea' id='block_1_16' title="bbox 146 1508 3411 1586">
    <p class='ocr_par' dir='ltr' id='par_1_16' title="bbox 146 1508 3411 1586">
     <span class='ocr_line' id='line_1_16' title="bbox 146 1508 3411 1586; baseline -0 -22"><span class='ocrx_word' id='word_1_209' title='bbox 146 1512 274 1567; x_wconf 89' lang='lat' dir='ltr'>viam</span> <span class='ocrx_word' id='word_1_210' title='bbox 319 1512 570 1582; x_wconf 86' lang='lat' dir='ltr'>accipere</span> <span class='ocrx_word' id='word_1_211' title='bbox 610 1511 825 1567; x_wconf 88' lang='lat' dir='ltr'>aditum</span> <span class='ocrx_word' id='word_1_212' title='bbox 873 1510 1067 1586; x_wconf 66' lang='lat' dir='ltr'>patriae</span> <span class='ocrx_word' id='word_1_213' title='bbox 1115 1511 1355 1564; x_wconf 78' lang='lat' dir='ltr'>caelestis</span> <span class='ocrx_word' id='word_1_214' title='bbox 1414 1511 1573 1565; x_wconf 89' lang='lat' dir='ltr'>nobis</span> <span class='ocrx_word' id='word_1_215' title='bbox 1625 1529 1727 1583; x_wconf 91' lang='lat' dir='ltr'>per</span> <span class='ocrx_word' id='word_1_216' title='bbox 1807 1524 1932 1579; x_wconf 89' lang='lat' dir='ltr'>nus,</span> <span class='ocrx_word' id='word_1_217' title='bbox 1957 1513 2041 1577; x_wconf 86' lang='lat' dir='ltr'>vel</span> <span class='ocrx_word' id='word_1_218' title='bbox 2072 1512 2117 1577; x_wconf 85' lang='lat' dir='ltr'>si</span> <span class='ocrx_word' id='word_1_219' title='bbox 2152 1512 2391 1565; x_wconf 91' lang='lat' dir='ltr'>ﬁrmiter</span> <span class='ocrx_word' id='word_1_220' title='bbox 2418 1528 2486 1565; x_wconf 89' lang='lat' dir='ltr'>ea</span> <span class='ocrx_word' id='word_1_221' title='bbox 2515 1511 2877 1565; x_wconf 88' lang='lat' dir='ltr'>observamus</span> <span class='ocrx_word' id='word_1_222' title='bbox 2906 1526 3029 1580; x_wconf 63' lang='lat' dir='ltr'>qua)</span> <span class='ocrx_word' id='word_1_223' title='bbox 3055 1508 3289 1579; x_wconf 83' lang='lat' dir='ltr'>professi</span> <span class='ocrx_word' id='word_1_224' title='bbox 3321 1508 3411 1563; x_wconf 72' lang='lat' dir='ltr'>su-</span> 
     </span>
    </p>
   </div>
   <div class='ocr_carea' id='block_1_17' title="bbox 146 1597 3411 1671">
    <p class='ocr_par' dir='ltr' id='par_1_17' title="bbox 146 1597 3411 1671">
     <span class='ocr_line' id='line_1_17' title="bbox 146 1597 3411 1671; baseline -0.001 -17"><span class='ocrx_word' id='word_1_225' title='bbox 146 1600 410 1654; x_wconf 88' lang='lat' dir='ltr'>Christum</span> <span class='ocrx_word' id='word_1_226' title='bbox 442 1604 778 1665; x_wconf 87' lang='lat' dir='ltr'>reseratum,</span> <span class='ocrx_word' id='word_1_227' title='bbox 809 1599 907 1669; x_wconf 90' lang='lat' dir='ltr'>qui</span> <span class='ocrx_word' id='word_1_228' title='bbox 938 1599 1144 1652; x_wconf 87' lang='lat' dir='ltr'>idcirco</span> <span class='ocrx_word' id='word_1_229' title='bbox 1176 1614 1317 1664; x_wconf 86' lang='lat' dir='ltr'>nova</span> <span class='ocrx_word' id='word_1_230' title='bbox 1355 1600 1443 1654; x_wconf 85' lang='lat' dir='ltr'>via</span> <span class='ocrx_word' id='word_1_231' title='bbox 1472 1601 1724 1671; x_wconf 89' lang='lat' dir='ltr'>appella-</span> <span class='ocrx_word' id='word_1_232' title='bbox 1808 1616 1933 1654; x_wconf 89' lang='lat' dir='ltr'>mus</span> <span class='ocrx_word' id='word_1_233' title='bbox 1952 1601 2012 1654; x_wconf 92' lang='lat' dir='ltr'>in</span> <span class='ocrx_word' id='word_1_234' title='bbox 2032 1599 2389 1671; x_wconf 80' lang='lat' dir='ltr'>baptismate.</span> <span class='ocrx_word' id='word_1_235' title='bbox 2415 1599 2572 1653; x_wconf 89' lang='lat' dir='ltr'>Sicut</span> <span class='ocrx_word' id='word_1_236' title='bbox 2590 1598 2737 1651; x_wconf 89' lang='lat' dir='ltr'>enim</span> <span class='ocrx_word' id='word_1_237' title='bbox 2758 1597 2938 1650; x_wconf 85' lang='lat' dir='ltr'>fidelis</span> <span class='ocrx_word' id='word_1_238' title='bbox 2962 1602 3020 1650; x_wconf 91' lang='lat' dir='ltr'>et</span> <span class='ocrx_word' id='word_1_239' title='bbox 3038 1613 3204 1650; x_wconf 90' lang='lat' dir='ltr'>verus</span> <span class='ocrx_word' id='word_1_240' title='bbox 3225 1612 3411 1651; x_wconf 85' lang='lat' dir='ltr'>remu-</span> 
     </span>
    </p>
   </div>
   <div class='ocr_carea' id='block_1_18' title="bbox 147 1683 3412 1772">
    <p class='ocr_par' dir='ltr' id='par_1_18' title="bbox 147 1683 3412 1772">
     <span class='ocr_line' id='line_1_18' title="bbox 147 1683 3412 1772; baseline -0.002 -31"><span class='ocrx_word' id='word_1_241' title='bbox 147 1693 243 1754; x_wconf 91' lang='lat' dir='ltr'>tur,</span> <span class='ocrx_word' id='word_1_242' title='bbox 272 1687 533 1758; x_wconf 87' lang='lat' dir='ltr'>quoniam</span> <span class='ocrx_word' id='word_1_243' title='bbox 581 1688 723 1743; x_wconf 91' lang='lat' dir='ltr'>nulli</span> <span class='ocrx_word' id='word_1_244' title='bbox 770 1693 938 1741; x_wconf 83' lang='lat' dir='ltr'>antea</span> <span class='ocrx_word' id='word_1_245' title='bbox 978 1685 1291 1756; x_wconf 88' lang='lat' dir='ltr'>gressibilis</span> <span class='ocrx_word' id='word_1_246' title='bbox 1321 1688 1443 1757; x_wconf 80' lang='lat' dir='ltr'>luit.</span> <span class='ocrx_word' id='word_1_247' title='bbox 1481 1688 1724 1745; x_wconf 91' lang='lat' dir='ltr'>Dicendo</span> <span class='ocrx_word' id='word_1_248' title='bbox 1741 1713 1787 1772; x_wconf 80' lang='grc' dir='ltr'><strong>Β</strong></span> <span class='ocrx_word' id='word_1_249' title='bbox 1807 1694 2037 1753; x_wconf 82' lang='lat' dir='ltr'>nerator</span> <span class='ocrx_word' id='word_1_250' title='bbox 2058 1694 2145 1742; x_wconf 91' lang='lat' dir='ltr'>est</span> <span class='ocrx_word' id='word_1_251' title='bbox 2168 1687 2426 1742; x_wconf 88' lang='lat' dir='ltr'>Christus</span> <span class='ocrx_word' id='word_1_252' title='bbox 2449 1687 2506 1739; x_wconf 91' lang='lat' dir='ltr'>in</span> <span class='ocrx_word' id='word_1_253' title='bbox 2531 1683 2995 1757; x_wconf 90' lang='lat' dir='ltr'>promissionibus</span> <span class='ocrx_word' id='word_1_254' title='bbox 3016 1683 3152 1747; x_wconf 88' lang='lat' dir='ltr'>suis,</span> <span class='ocrx_word' id='word_1_255' title='bbox 3176 1683 3412 1772; x_wconf 79' lang='lat' dir='ltr'>italide-</span> 
     </span>
    </p>
   </div>
   <div class='ocr_carea' id='block_1_19' title="bbox 146 1771 3410 1847">
    <p class='ocr_par' dir='ltr' id='par_1_19' title="bbox 146 1771 3410 1847">
     <span class='ocr_line' id='line_1_19' title="bbox 146 1771 3410 1847; baseline -0.002 -16"><span class='ocrx_word' id='word_1_256' title='bbox 146 1782 313 1831; x_wconf 86' lang='lat' dir='ltr'>autem</span> <span class='ocrx_word' id='word_1_257' title='bbox 349 1786 580 1841; x_wconf 87' lang='lat' dir='ltr'>novam,</span> <span class='ocrx_word' id='word_1_258' title='bbox 636 1782 875 1829; x_wconf 90' lang='lat' dir='ltr'>conatur</span> <span class='ocrx_word' id='word_1_259' title='bbox 926 1774 1224 1829; x_wconf 89' lang='lat' dir='ltr'>ostendere</span> <span class='ocrx_word' id='word_1_260' title='bbox 1262 1781 1464 1830; x_wconf 88' lang='lat' dir='ltr'>cuncta</span> <span class='ocrx_word' id='word_1_261' title='bbox 1507 1771 1748 1847; x_wconf 6' lang='lat' dir='ltr'>majora,</span> <span class='ocrx_word' id='word_1_262' title='bbox 1805 1777 1888 1831; x_wconf 89' lang='lat' dir='ltr'>les</span> <span class='ocrx_word' id='word_1_263' title='bbox 1919 1793 2020 1831; x_wconf 89' lang='lat' dir='ltr'>nos</span> <span class='ocrx_word' id='word_1_264' title='bbox 2052 1794 2174 1831; x_wconf 90' lang='lat' dir='ltr'>esse</span> <span class='ocrx_word' id='word_1_265' title='bbox 2202 1776 2322 1830; x_wconf 88' lang='lat' dir='ltr'>vult</span> <span class='ocrx_word' id='word_1_266' title='bbox 2350 1776 2408 1829; x_wconf 91' lang='lat' dir='ltr'>in</span> <span class='ocrx_word' id='word_1_267' title='bbox 2446 1774 2734 1845; x_wconf 87' lang='lat' dir='ltr'>promissis</span> <span class='ocrx_word' id='word_1_268' title='bbox 2760 1772 2967 1826; x_wconf 90' lang='lat' dir='ltr'>nostris</span> <span class='ocrx_word' id='word_1_269' title='bbox 2997 1782 3119 1844; x_wconf 58' lang='lat' dir='ltr'>qna!</span> <span class='ocrx_word' id='word_1_270' title='bbox 3161 1771 3410 1843; x_wconf 83' lang='lat' dir='ltr'>vovimus</span> 
     </span>
    </p>
   </div>
   <div class='ocr_carea' id='block_1_20' title="bbox 146 1858 3410 1936">
    <p class='ocr_par' dir='ltr' id='par_1_20' title="bbox 146 1858 3410 1936">
     <span class='ocr_line' id='line_1_20' title="bbox 146 1858 3410 1936; baseline -0.002 -17"><span class='ocrx_word' id='word_1_271' title='bbox 146 1882 269 1919; x_wconf 86' lang='lat' dir='ltr'>nova</span> <span class='ocrx_word' id='word_1_272' title='bbox 295 1882 393 1920; x_wconf 90' lang='lat' dir='ltr'>nos</span> <span class='ocrx_word' id='word_1_273' title='bbox 429 1864 660 1918; x_wconf 89' lang='lat' dir='ltr'>habere.</span> <span class='ocrx_word' id='word_1_274' title='bbox 703 1864 992 1935; x_wconf 86' lang='lat' dir='ltr'>Siquidem</span> <span class='ocrx_word' id='word_1_275' title='bbox 1048 1879 1196 1917; x_wconf 89' lang='lat' dir='ltr'>nunc</span> <span class='ocrx_word' id='word_1_276' title='bbox 1225 1870 1421 1936; x_wconf 89' lang='lat' dir='ltr'>aperta</span> <span class='ocrx_word' id='word_1_277' title='bbox 1450 1870 1536 1918; x_wconf 90' lang='lat' dir='ltr'>est</span> <span class='ocrx_word' id='word_1_278' title='bbox 1562 1865 1723 1921; x_wconf 90' lang='lat' dir='ltr'>nobis</span> <span class='ocrx_word' id='word_1_279' title='bbox 1804 1871 2061 1936; x_wconf 88' lang='lat' dir='ltr'>tempore</span> <span class='ocrx_word' id='word_1_280' title='bbox 2090 1864 2462 1936; x_wconf 87' lang='lat' dir='ltr'>baptismatis,</span> <span class='ocrx_word' id='word_1_281' title='bbox 2488 1862 2708 1917; x_wconf 85' lang='lat' dir='ltr'>diabolo</span> <span class='ocrx_word' id='word_1_282' title='bbox 2737 1860 2997 1932; x_wconf 83' lang='lat' dir='ltr'>videlicet</span> <span class='ocrx_word' id='word_1_283' title='bbox 3024 1858 3410 1914; x_wconf 76' lang='lat' dir='ltr'>contradicere</span> 
     </span>
    </p>
   </div>
   <div class='ocr_carea' id='block_1_21' title="bbox 147 1943 3069 2026">
    <p class='ocr_par' dir='ltr' id='par_1_21' title="bbox 147 1943 3069 2026">
     <span class='ocr_line' id='line_1_21' title="bbox 147 1943 3069 2026; baseline -0 -19"><span class='ocrx_word' id='word_1_284' title='bbox 147 1954 222 2007; x_wconf 88' lang='lat' dir='ltr'>via</span> <span class='ocrx_word' id='word_1_285' title='bbox 244 1953 385 2019; x_wconf 85' lang='lat' dir='ltr'>ﬁdei,</span> <span class='ocrx_word' id='word_1_286' title='bbox 408 1970 511 2025; x_wconf 90' lang='lat' dir='ltr'>per</span> <span class='ocrx_word' id='word_1_287' title='bbox 533 1969 701 2026; x_wconf 88' lang='lat' dir='ltr'>quam</span> <span class='ocrx_word' id='word_1_288' title='bbox 729 1952 1109 2025; x_wconf 87' lang='lat' dir='ltr'>plenissimam</span> <span class='ocrx_word' id='word_1_289' title='bbox 1138 1951 1598 2022; x_wconf 85' lang='lat' dir='ltr'>justiﬁcationem</span> <span class='ocrx_word' id='word_1_290' title='bbox 1629 1970 1723 2008; x_wconf 87' lang='lat' dir='ltr'>ac-</span> <span class='ocrx_word' id='word_1_291' title='bbox 1807 1943 2143 2024; x_wconf 83' lang='lat' dir='ltr'>Christoque</span> <span class='ocrx_word' id='word_1_292' title='bbox 2173 1955 2399 2007; x_wconf 86' lang='lat' dir='ltr'>servire.</span> <span class='ocrx_word' id='word_1_293' title='bbox 3064 1960 3069 1967; x_wconf 89' lang='lat'><em>‘</em></span> 
     </span>
    </p>
   </div>
   <div class='ocr_carea' id='block_1_22' title="bbox 152 2038 3409 2114">
    <p class='ocr_par' dir='ltr' id='par_1_22' title="bbox 152 2038 3409 2114">
     <span class='ocr_line' id='line_1_22' title="bbox 152 2038 3409 2114; baseline -0.002 -19"><span class='ocrx_word' id='word_1_294' title='bbox 152 2042 384 2114; x_wconf 85' lang='lat' dir='ltr'>cipimus,</span> <span class='ocrx_word' id='word_1_295' title='bbox 421 2048 478 2096; x_wconf 89' lang='lat' dir='ltr'>et</span> <span class='ocrx_word' id='word_1_296' title='bbox 508 2046 718 2114; x_wconf 79' lang='lat' dir='ltr'>apertae</span> <span class='ocrx_word' id='word_1_297' title='bbox 744 2047 875 2095; x_wconf 90' lang='lat' dir='ltr'>sunt</span> <span class='ocrx_word' id='word_1_298' title='bbox 895 2040 1055 2094; x_wconf 91' lang='lat' dir='ltr'>nobis</span> <span class='ocrx_word' id='word_1_299' title='bbox 1082 2045 1255 2111; x_wconf 66' lang='lat' dir='ltr'>portae</span> <span class='ocrx_word' id='word_1_300' title='bbox 1287 2041 1433 2106; x_wconf 71' lang='lat' dir='ltr'>coeli,</span> <span class='ocrx_word' id='word_1_301' title='bbox 1455 2041 1601 2112; x_wconf 92' lang='lat' dir='ltr'>quod</span> <span class='ocrx_word' id='word_1_302' title='bbox 1626 2061 1729 2097; x_wconf 90' lang='lat' dir='ltr'>ne-</span> <span class='ocrx_word' id='word_1_303' title='bbox 1884 2043 2293 2097; x_wconf 82' lang='lat' dir='ltr'>Consideremus</span> <span class='ocrx_word' id='word_1_304' title='bbox 2316 2045 2548 2096; x_wconf 78' lang='lat' dir='ltr'>invicem</span> <span class='ocrx_word' id='word_1_305' title='bbox 2569 2045 2631 2095; x_wconf 88' lang='lat' dir='ltr'>in</span> <span class='ocrx_word' id='word_1_306' title='bbox 2648 2042 3089 2110; x_wconf 79' lang='lat' dir='ltr'>provocationem</span> <span class='ocrx_word' id='word_1_307' title='bbox 3115 2038 3409 2091; x_wconf 86' lang='lat' dir='ltr'>charitatis</span> 
     </span>
    </p>
   </div>
   <div class='ocr_carea' id='block_1_23' title="bbox 152 2124 3412 2203">
    <p class='ocr_par' dir='ltr' id='par_1_23' title="bbox 152 2124 3412 2203">
     <span class='ocr_line' id='line_1_23' title="bbox 152 2124 3412 2203; baseline -0.001 -21"><span class='ocrx_word' id='word_1_308' title='bbox 152 2130 271 2183; x_wconf 90' lang='lat' dir='ltr'>mini</span> <span class='ocrx_word' id='word_1_309' title='bbox 303 2134 467 2183; x_wconf 85' lang='lat' dir='ltr'>antea</span> <span class='ocrx_word' id='word_1_310' title='bbox 498 2129 929 2193; x_wconf 80' lang='lat' dir='ltr'>Concedebatur.</span> <span class='ocrx_word' id='word_1_311' title='bbox 952 2129 1244 2183; x_wconf 83' lang='lat' dir='ltr'>Viventem</span> <span class='ocrx_word' id='word_1_312' title='bbox 1284 2146 1505 2201; x_wconf 90' lang='lat' dir='ltr'>quoque</span> <span class='ocrx_word' id='word_1_313' title='bbox 1535 2133 1729 2203; x_wconf 85' lang='lat' dir='ltr'>appel-</span> <span class='ocrx_word' id='word_1_314' title='bbox 1811 2135 1860 2184; x_wconf 88' lang='lat' dir='ltr'>et</span> <span class='ocrx_word' id='word_1_315' title='bbox 1884 2132 2151 2185; x_wconf 84' lang='lat' dir='ltr'>bonorum</span> <span class='ocrx_word' id='word_1_316' title='bbox 2178 2140 2425 2198; x_wconf 79' lang='lat' dir='ltr'>operum,</span> <span class='ocrx_word' id='word_1_317' title='bbox 2450 2130 2555 2183; x_wconf 80' lang='lat' dir='ltr'>hoc</span> <span class='ocrx_word' id='word_1_318' title='bbox 2577 2134 2662 2182; x_wconf 88' lang='lat' dir='ltr'>est</span> <span class='ocrx_word' id='word_1_319' title='bbox 2678 2126 3095 2197; x_wconf 82' lang='lat' dir='ltr'>consideremus</span> <span class='ocrx_word' id='word_1_320' title='bbox 3111 2124 3412 2195; x_wconf 77' lang='lat' dir='ltr'>diligenter</span> 
     </span>
    </p>
   </div>
   <div class='ocr_carea' id='block_1_24' title="bbox 150 2210 3415 2290">
    <p class='ocr_par' dir='ltr' id='par_1_24' title="bbox 150 2210 3415 2290">
     <span class='ocr_line' id='line_1_24' title="bbox 150 2210 3415 2290; baseline -0.001 -21"><span class='ocrx_word' id='word_1_321' title='bbox 150 2215 267 2270; x_wconf 86' lang='lat' dir='ltr'>lavit</span> <span class='ocrx_word' id='word_1_322' title='bbox 305 2230 447 2281; x_wconf 82' lang='lat' dir='ltr'>eam,</span> <span class='ocrx_word' id='word_1_323' title='bbox 499 2218 609 2271; x_wconf 91' lang='lat' dir='ltr'>hoc</span> <span class='ocrx_word' id='word_1_324' title='bbox 640 2222 725 2270; x_wconf 89' lang='lat' dir='ltr'>est</span> <span class='ocrx_word' id='word_1_325' title='bbox 771 2230 993 2287; x_wconf 81' lang='lat' dir='ltr'>semper</span> <span class='ocrx_word' id='word_1_326' title='bbox 1025 2220 1345 2279; x_wconf 87' lang='lat' dir='ltr'>manentem</span> <span class='ocrx_word' id='word_1_327' title='bbox 1377 2233 1474 2271; x_wconf 89' lang='lat' dir='ltr'>seu</span> <span class='ocrx_word' id='word_1_328' title='bbox 1509 2235 1731 2290; x_wconf 89' lang='lat' dir='ltr'>semper</span> <span class='ocrx_word' id='word_1_329' title='bbox 1812 2218 1963 2272; x_wconf 84' lang='lat' dir='ltr'>inter</span> <span class='ocrx_word' id='word_1_330' title='bbox 1979 2234 2101 2279; x_wconf 89' lang='lat' dir='ltr'>nos,</span> <span class='ocrx_word' id='word_1_331' title='bbox 2126 2224 2183 2271; x_wconf 91' lang='lat' dir='ltr'>et</span> <span class='ocrx_word' id='word_1_332' title='bbox 2204 2226 2597 2288; x_wconf 85' lang='lat' dir='ltr'>quemcunque</span> <span class='ocrx_word' id='word_1_333' title='bbox 2617 2215 2923 2269; x_wconf 87' lang='lat' dir='ltr'>viderimus</span> <span class='ocrx_word' id='word_1_334' title='bbox 2942 2213 3215 2283; x_wconf 86' lang='lat' dir='ltr'>majorem</span> <span class='ocrx_word' id='word_1_335' title='bbox 3236 2210 3415 2283; x_wconf 82' lang='lat' dir='ltr'>chari-</span> 
     </span>
    </p>
   </div>
   <div class='ocr_carea' id='block_1_25' title="bbox 155 2294 3413 2379">
    <p class='ocr_par' dir='ltr' id='par_1_25' title="bbox 155 2294 3413 2379">
     <span class='ocr_line' id='line_1_25' title="bbox 155 2294 3413 2379; baseline 0.001 -23"><span class='ocrx_word' id='word_1_336' title='bbox 155 2308 436 2377; x_wconf 84' lang='lat' dir='ltr'>patentem,</span> <span class='ocrx_word' id='word_1_337' title='bbox 460 2305 732 2374; x_wconf 88' lang='lat' dir='ltr'>quoniam</span> <span class='ocrx_word' id='word_1_338' title='bbox 755 2310 813 2358; x_wconf 90' lang='lat' dir='ltr'>et</span> <span class='ocrx_word' id='word_1_339' title='bbox 840 2294 979 2357; x_wconf 83' lang='lat' dir='ltr'>ﬁdes</span> <span class='ocrx_word' id='word_1_340' title='bbox 1001 2308 1154 2357; x_wconf 91' lang='lat' dir='ltr'>recta</span> <span class='ocrx_word' id='word_1_341' title='bbox 1174 2305 1515 2359; x_wconf 67' lang='lat' dir='ltr'>mternaliter</span> <span class='ocrx_word' id='word_1_342' title='bbox 1537 2320 1731 2360; x_wconf 86' lang='lat' dir='ltr'>mane-</span> <span class='ocrx_word' id='word_1_343' title='bbox 1811 2316 1987 2365; x_wconf 87' lang='lat' dir='ltr'>tatem</span> <span class='ocrx_word' id='word_1_344' title='bbox 2005 2308 2230 2371; x_wconf 88' lang='lat' dir='ltr'>habere,</span> <span class='ocrx_word' id='word_1_345' title='bbox 2255 2314 2313 2363; x_wconf 89' lang='lat' dir='ltr'>et</span> <span class='ocrx_word' id='word_1_346' title='bbox 2332 2307 2595 2379; x_wconf 88' lang='lat' dir='ltr'>operibus</span> <span class='ocrx_word' id='word_1_347' title='bbox 2616 2305 2941 2361; x_wconf 82' lang='lat' dir='ltr'>melioribus</span> <span class='ocrx_word' id='word_1_348' title='bbox 2960 2304 3263 2372; x_wconf 83' lang='lat' dir='ltr'>intentum,</span> <span class='ocrx_word' id='word_1_349' title='bbox 3287 2312 3413 2374; x_wconf 88' lang='lat' dir='ltr'>pro-</span> 
     </span>
    </p>
   </div>
   <div class='ocr_carea' id='block_1_26' title="bbox 154 2388 3412 2467">
    <p class='ocr_par' dir='ltr' id='par_1_26' title="bbox 154 2388 3412 2467">
     <span class='ocr_line' id='line_1_26' title="bbox 154 2388 3412 2467; baseline -0.001 -20"><span class='ocrx_word' id='word_1_350' title='bbox 154 2388 224 2451; x_wconf 81' lang='lat' dir='ltr'>bit</span> <span class='ocrx_word' id='word_1_351' title='bbox 268 2397 320 2445; x_wconf 89' lang='lat' dir='ltr'>et</span> <span class='ocrx_word' id='word_1_352' title='bbox 358 2396 525 2463; x_wconf 86' lang='lat' dir='ltr'>porta</span> <span class='ocrx_word' id='word_1_353' title='bbox 570 2391 692 2446; x_wconf 65' lang='lat' dir='ltr'>caeli</span> <span class='ocrx_word' id='word_1_354' title='bbox 732 2409 955 2463; x_wconf 89' lang='lat' dir='ltr'>semper</span> <span class='ocrx_word' id='word_1_355' title='bbox 988 2392 1216 2463; x_wconf 89' lang='lat' dir='ltr'>patebit.</span> <span class='ocrx_word' id='word_1_356' title='bbox 1240 2393 1506 2448; x_wconf 72' lang='lat' dir='ltr'>initiavit</span> <span class='ocrx_word' id='word_1_357' title='bbox 1540 2401 1729 2450; x_wconf 87' lang='lat' dir='ltr'>autem</span> <span class='ocrx_word' id='word_1_358' title='bbox 1813 2413 2071 2451; x_wconf 84' lang='lat' dir='ltr'>vocemur</span> <span class='ocrx_word' id='word_1_359' title='bbox 2099 2396 2249 2451; x_wconf 87' lang='lat' dir='ltr'>illius</span> <span class='ocrx_word' id='word_1_360' title='bbox 2278 2396 2549 2467; x_wconf 83' lang='lat' dir='ltr'>exemplo,</span> <span class='ocrx_word' id='word_1_361' title='bbox 2582 2398 2858 2465; x_wconf 86' lang='lat' dir='ltr'>quatenus</span> <span class='ocrx_word' id='word_1_362' title='bbox 2897 2408 3025 2447; x_wconf 89' lang='lat' dir='ltr'>eum</span> <span class='ocrx_word' id='word_1_363' title='bbox 3055 2402 3412 2464; x_wconf 84' lang='lat' dir='ltr'>summopere</span> 
     </span>
    </p>
   </div>
   <div class='ocr_carea' id='block_1_27' title="bbox 156 2478 3412 2550">
    <p class='ocr_par' dir='ltr' id='par_1_27' title="bbox 156 2478 3412 2550">
     <span class='ocr_line' id='line_1_27' title="bbox 156 2478 3412 2550; baseline -0 -17"><span class='ocrx_word' id='word_1_364' title='bbox 156 2478 280 2535; x_wconf 87' lang='lat' dir='ltr'>hanc</span> <span class='ocrx_word' id='word_1_365' title='bbox 304 2480 444 2534; x_wconf 90' lang='lat' dir='ltr'>viam</span> <span class='ocrx_word' id='word_1_366' title='bbox 485 2480 655 2535; x_wconf 88' lang='lat' dir='ltr'>nobis</span> <span class='ocrx_word' id='word_1_367' title='bbox 686 2481 961 2546; x_wconf 87' lang='lat' dir='ltr'>Christus,</span> <span class='ocrx_word' id='word_1_368' title='bbox 994 2481 1050 2535; x_wconf 91' lang='lat' dir='ltr'>id</span> <span class='ocrx_word' id='word_1_369' title='bbox 1098 2485 1182 2534; x_wconf 90' lang='lat' dir='ltr'>est</span> <span class='ocrx_word' id='word_1_370' title='bbox 1210 2481 1483 2536; x_wconf 88' lang='lat' dir='ltr'>dedicavit</span> <span class='ocrx_word' id='word_1_371' title='bbox 1513 2490 1570 2537; x_wconf 91' lang='lat' dir='ltr'>et</span> <span class='ocrx_word' id='word_1_372' title='bbox 1597 2500 1732 2538; x_wconf 89' lang='lat' dir='ltr'>con-</span> <span class='ocrx_word' id='word_1_373' title='bbox 1812 2485 2117 2549; x_wconf 88' lang='lat' dir='ltr'>imitemur,</span> <span class='ocrx_word' id='word_1_374' title='bbox 2151 2491 2208 2539; x_wconf 90' lang='lat' dir='ltr'>et</span> <span class='ocrx_word' id='word_1_375' title='bbox 2234 2485 2290 2539; x_wconf 89' lang='lat' dir='ltr'>in</span> <span class='ocrx_word' id='word_1_376' title='bbox 2316 2500 2444 2539; x_wconf 91' lang='lat' dir='ltr'>eum</span> <span class='ocrx_word' id='word_1_377' title='bbox 2474 2483 2853 2543; x_wconf 83' lang='lat' dir='ltr'>intendamus,</span> <span class='ocrx_word' id='word_1_378' title='bbox 2888 2487 2947 2536; x_wconf 91' lang='lat' dir='ltr'>et</span> <span class='ocrx_word' id='word_1_379' title='bbox 2973 2480 3276 2550; x_wconf 80' lang='lat' dir='ltr'>diligamus</span> <span class='ocrx_word' id='word_1_380' title='bbox 3301 2500 3313 2535; x_wconf 95' lang='lat'>:</span> <span class='ocrx_word' id='word_1_381' title='bbox 3344 2495 3412 2533; x_wconf 82' lang='lat' dir='ltr'>ex</span> 
     </span>
    </p>
   </div>
   <div class='ocr_carea' id='block_1_28' title="bbox 157 2569 3412 2644">
    <p class='ocr_par' dir='ltr' id='par_1_28' title="bbox 157 2569 3412 2644">
     <span class='ocr_line' id='line_1_28' title="bbox 157 2569 3412 2644; baseline -0.001 -20"><span class='ocrx_word' id='word_1_382' title='bbox 157 2570 369 2624; x_wconf 87' lang='lat' dir='ltr'>ﬁrmavit</span> <span class='ocrx_word' id='word_1_383' title='bbox 396 2587 495 2624; x_wconf 91' lang='lat' dir='ltr'>seu</span> <span class='ocrx_word' id='word_1_384' title='bbox 530 2569 755 2623; x_wconf 89' lang='lat' dir='ltr'>initium</span> <span class='ocrx_word' id='word_1_385' title='bbox 798 2569 992 2623; x_wconf 87' lang='lat' dir='ltr'>utendi</span> <span class='ocrx_word' id='word_1_386' title='bbox 1032 2570 1201 2633; x_wconf 91' lang='lat' dir='ltr'>dedit,</span> <span class='ocrx_word' id='word_1_387' title='bbox 1240 2586 1339 2641; x_wconf 84' lang='lat' dir='ltr'>per</span> <span class='ocrx_word' id='word_1_388' title='bbox 1368 2571 1639 2637; x_wconf 85' lang='lat' dir='ltr'>velamen,</span> <span class='ocrx_word' id='word_1_389' title='bbox 1674 2572 1731 2626; x_wconf 91' lang='lat' dir='ltr'>id</span> <span class='ocrx_word' id='word_1_390' title='bbox 1814 2574 2110 2628; x_wconf 85' lang='lat' dir='ltr'>dilectione</span> <span class='ocrx_word' id='word_1_391' title='bbox 2132 2574 2338 2644; x_wconf 91' lang='lat' dir='ltr'>quippe</span> <span class='ocrx_word' id='word_1_392' title='bbox 2361 2572 2504 2626; x_wconf 87' lang='lat' dir='ltr'>bona</span> <span class='ocrx_word' id='word_1_393' title='bbox 2524 2588 2691 2642; x_wconf 87' lang='lat' dir='ltr'>opera</span> <span class='ocrx_word' id='word_1_394' title='bbox 2714 2569 3042 2641; x_wconf 90' lang='lat' dir='ltr'>procedunt.</span> <span class='ocrx_word' id='word_1_395' title='bbox 3058 2569 3412 2639; x_wconf 82' lang='lat' dir='ltr'>Quapropter</span> 
     </span>
    </p>
   </div>
   <div class='ocr_carea' id='block_1_29' title="bbox 159 2650 3407 2732">
    <p class='ocr_par' dir='ltr' id='par_1_29' title="bbox 159 2650 3407 2732">
     <span class='ocr_line' id='line_1_29' title="bbox 159 2650 3407 2732; baseline -0.001 -21"><span class='ocrx_word' id='word_1_396' title='bbox 159 2666 228 2711; x_wconf 87' lang='lat' dir='ltr'>est</span> <span class='ocrx_word' id='word_1_397' title='bbox 254 2676 345 2729; x_wconf 89' lang='lat' dir='ltr'>per</span> <span class='ocrx_word' id='word_1_398' title='bbox 370 2674 603 2712; x_wconf 88' lang='lat' dir='ltr'>carnem</span> <span class='ocrx_word' id='word_1_399' title='bbox 634 2674 793 2712; x_wconf 88' lang='lat' dir='ltr'>suam</span> <span class='ocrx_word' id='word_1_400' title='bbox 822 2658 1085 2729; x_wconf 87' lang='lat' dir='ltr'>idemque</span> <span class='ocrx_word' id='word_1_401' title='bbox 1118 2659 1301 2729; x_wconf 90' lang='lat' dir='ltr'>primo</span> <span class='ocrx_word' id='word_1_402' title='bbox 1331 2662 1538 2715; x_wconf 88' lang='lat' dir='ltr'>secavit</span> <span class='ocrx_word' id='word_1_403' title='bbox 1576 2662 1730 2716; x_wconf 89' lang='lat' dir='ltr'>illam</span> <span class='ocrx_word' id='word_1_404' title='bbox 1814 2679 2079 2732; x_wconf 87' lang='lat' dir='ltr'>magnum</span> <span class='ocrx_word' id='word_1_405' title='bbox 2127 2662 2335 2716; x_wconf 92' lang='lat' dir='ltr'>bonum</span> <span class='ocrx_word' id='word_1_406' title='bbox 2384 2666 2470 2714; x_wconf 92' lang='lat' dir='ltr'>est</span> <span class='ocrx_word' id='word_1_407' title='bbox 2518 2650 2762 2724; x_wconf 84' lang='lat' dir='ltr'>dilectio,</span> <span class='ocrx_word' id='word_1_408' title='bbox 2798 2657 3129 2731; x_wconf 90' lang='lat' dir='ltr'>nullumque</span> <span class='ocrx_word' id='word_1_409' title='bbox 3174 2652 3407 2720; x_wconf 84' lang='lat' dir='ltr'>bonum,</span> 
     </span>
    </p>
   </div>
   <div class='ocr_carea' id='block_1_30' title="bbox 157 2740 3409 2823">
    <p class='ocr_par' dir='ltr' id='par_1_30' title="bbox 157 2740 3409 2823">
     <span class='ocr_line' id='line_1_30' title="bbox 157 2740 3409 2823; baseline 0 -28"><span class='ocrx_word' id='word_1_410' title='bbox 157 2746 278 2799; x_wconf 88' lang='lat' dir='ltr'>viam</span> <span class='ocrx_word' id='word_1_411' title='bbox 300 2745 652 2800; x_wconf 85' lang='lat' dir='ltr'>ascendendo</span> <span class='ocrx_word' id='word_1_412' title='bbox 668 2746 737 2799; x_wconf 90' lang='lat' dir='ltr'>ad</span> <span class='ocrx_word' id='word_1_413' title='bbox 758 2748 996 2816; x_wconf 87' lang='lat' dir='ltr'>patriam</span> <span class='ocrx_word' id='word_1_414' title='bbox 1014 2747 1315 2811; x_wconf 72' lang='lat' dir='ltr'>cmlestem,</span> <span class='ocrx_word' id='word_1_415' title='bbox 1334 2754 1390 2802; x_wconf 90' lang='lat' dir='ltr'>et</span> <span class='ocrx_word' id='word_1_416' title='bbox 1409 2749 1531 2821; x_wconf 88' lang='lat' dir='ltr'>ipsa</span> <span class='ocrx_word' id='word_1_417' title='bbox 1550 2751 1733 2823; x_wconf 89' lang='lat' dir='ltr'>prima</span> <span class='ocrx_word' id='word_1_418' title='bbox 1816 2750 1961 2819; x_wconf 90' lang='lat' dir='ltr'>quod</span> <span class='ocrx_word' id='word_1_419' title='bbox 1993 2762 2103 2803; x_wconf 90' lang='lat' dir='ltr'>non</span> <span class='ocrx_word' id='word_1_420' title='bbox 2134 2766 2233 2819; x_wconf 90' lang='lat' dir='ltr'>per</span> <span class='ocrx_word' id='word_1_421' title='bbox 2259 2748 2591 2803; x_wconf 88' lang='lat' dir='ltr'>charitatem</span> <span class='ocrx_word' id='word_1_422' title='bbox 2624 2747 2757 2799; x_wconf 87' lang='lat' dir='ltr'>ﬁat:</span> <span class='ocrx_word' id='word_1_423' title='bbox 2789 2745 2921 2817; x_wconf 86' lang='lat' dir='ltr'>quia</span> <span class='ocrx_word' id='word_1_424' title='bbox 2950 2743 3237 2816; x_wconf 83' lang='lat' dir='ltr'>plenitudo</span> <span class='ocrx_word' id='word_1_425' title='bbox 3268 2740 3409 2813; x_wconf 82' lang='lat' dir='ltr'>legis</span> 
     </span>
    </p>
   </div>
   <div class='ocr_carea' id='block_1_31' title="bbox 159 2826 3373 2903">
    <p class='ocr_par' dir='ltr' id='par_1_31' title="bbox 159 2826 3373 2903">
     <span class='ocr_line' id='line_1_31' title="bbox 159 2826 3373 2903; baseline 0.002 -16"><span class='ocrx_word' id='word_1_426' title='bbox 159 2833 351 2888; x_wconf 87' lang='lat' dir='ltr'>initium</span> <span class='ocrx_word' id='word_1_427' title='bbox 382 2835 549 2888; x_wconf 87' lang='lat' dir='ltr'>nobis</span> <span class='ocrx_word' id='word_1_428' title='bbox 578 2833 731 2888; x_wconf 88' lang='lat' dir='ltr'>dedit</span> <span class='ocrx_word' id='word_1_429' title='bbox 766 2835 979 2888; x_wconf 86' lang='lat' dir='ltr'>utendi.</span> <span class='ocrx_word' id='word_1_430' title='bbox 1016 2836 1159 2889; x_wconf 89' lang='lat' dir='ltr'>Caro</span> <span class='ocrx_word' id='word_1_431' title='bbox 1197 2842 1386 2890; x_wconf 91' lang='lat' dir='ltr'>autem</span> <span class='ocrx_word' id='word_1_432' title='bbox 1432 2837 1732 2893; x_wconf 87' lang='lat' dir='ltr'>Dominica</span> <span class='ocrx_word' id='word_1_433' title='bbox 1815 2842 1899 2891; x_wconf 92' lang='lat' dir='ltr'>est</span> <span class='ocrx_word' id='word_1_434' title='bbox 1926 2838 2187 2903; x_wconf 80' lang='lat' dir='ltr'>Charitas.</span> <span class='ocrx_word' id='word_1_435' title='bbox 2814 2828 2819 2839; x_wconf 66' lang='grc'><em>”</em></span> <span class='ocrx_word' id='word_1_436' title='bbox 2958 2826 2963 2831; x_wconf 67' lang='grc'><em>’</em></span> <span class='ocrx_word' id='word_1_437' title='bbox 3372 2844 3373 2847; x_wconf 65' lang='grc'><em>“</em></span> 
     </span>
    </p>
   </div>
   <div class='ocr_carea' id='block_1_32' title="bbox 160 2921 3409 2998">
    <p class='ocr_par' dir='ltr' id='par_1_32' title="bbox 160 2921 3409 2998">
     <span class='ocr_line' id='line_1_32' title="bbox 160 2921 3409 2998; baseline -0.002 -19"><span class='ocrx_word' id='word_1_438' title='bbox 160 2938 252 2979; x_wconf 86' lang='lat' dir='ltr'>non</span> <span class='ocrx_word' id='word_1_439' title='bbox 290 2923 599 2993; x_wconf 86' lang='lat' dir='ltr'>incongrue</span> <span class='ocrx_word' id='word_1_440' title='bbox 628 2922 917 2977; x_wconf 88' lang='lat' dir='ltr'>velaminis</span> <span class='ocrx_word' id='word_1_441' title='bbox 956 2925 1184 2979; x_wconf 89' lang='lat' dir='ltr'>nomine</span> <span class='ocrx_word' id='word_1_442' title='bbox 1220 2925 1565 2996; x_wconf 86' lang='lat' dir='ltr'>designatur,</span> <span class='ocrx_word' id='word_1_443' title='bbox 1601 2929 1734 2998; x_wconf 86' lang='lat' dir='ltr'>quia</span> <span class='ocrx_word' id='word_1_444' title='bbox 1885 2927 2009 2981; x_wconf 82' lang='lat' dir='ltr'>Non</span> <span class='ocrx_word' id='word_1_445' title='bbox 2047 2930 2341 2980; x_wconf 80' lang='lat' dir='ltr'>deserentes</span> <span class='ocrx_word' id='word_1_446' title='bbox 2368 2927 2737 2991; x_wconf 79' lang='lat' dir='ltr'>collectionem</span> <span class='ocrx_word' id='word_1_447' title='bbox 2767 2928 3037 2987; x_wconf 85' lang='lat' dir='ltr'>nostram,</span> <span class='ocrx_word' id='word_1_448' title='bbox 3065 2921 3125 2975; x_wconf 92' lang='lat' dir='ltr'>id</span> <span class='ocrx_word' id='word_1_449' title='bbox 3151 2926 3238 2975; x_wconf 92' lang='lat' dir='ltr'>est</span> <span class='ocrx_word' id='word_1_450' title='bbox 3273 2935 3409 2975; x_wconf 88' lang='lat' dir='ltr'>con-</span> 
     </span>
    </p>
   </div>
   <div class='ocr_carea' id='block_1_33' title="bbox 158 3004 3416 3086">
    <p class='ocr_par' dir='ltr' id='par_1_33' title="bbox 158 3004 3416 3086">
     <span class='ocr_line' id='line_1_33' title="bbox 158 3004 3416 3086; baseline -0.001 -21"><span class='ocrx_word' id='word_1_451' title='bbox 158 3012 281 3067; x_wconf 87' lang='lat' dir='ltr'>sicut</span> <span class='ocrx_word' id='word_1_452' title='bbox 306 3013 481 3066; x_wconf 89' lang='lat' dir='ltr'>velum</span> <span class='ocrx_word' id='word_1_453' title='bbox 540 3011 757 3066; x_wconf 89' lang='lat' dir='ltr'>celabat</span> <span class='ocrx_word' id='word_1_454' title='bbox 790 3028 979 3066; x_wconf 88' lang='lat' dir='ltr'>arcam</span> <span class='ocrx_word' id='word_1_455' title='bbox 1027 3018 1085 3067; x_wconf 92' lang='lat' dir='ltr'>et</span> <span class='ocrx_word' id='word_1_456' title='bbox 1124 3031 1187 3068; x_wconf 86' lang='lat' dir='ltr'>ea</span> <span class='ocrx_word' id='word_1_457' title='bbox 1234 3031 1357 3086; x_wconf 78' lang='lat' dir='ltr'>quae</span> <span class='ocrx_word' id='word_1_458' title='bbox 1396 3015 1546 3070; x_wconf 89' lang='lat' dir='ltr'>intra</span> <span class='ocrx_word' id='word_1_459' title='bbox 1589 3004 1786 3077; x_wconf 87' lang='lat' dir='ltr'>illudC</span> <span class='ocrx_word' id='word_1_460' title='bbox 1806 3014 2194 3085; x_wconf 87' lang='lat' dir='ltr'>gregationem</span> <span class='ocrx_word' id='word_1_461' title='bbox 2214 3013 2482 3081; x_wconf 86' lang='lat' dir='ltr'>ﬁdelium,</span> <span class='ocrx_word' id='word_1_462' title='bbox 2507 3016 2740 3067; x_wconf 86' lang='lat' dir='ltr'>sicutest</span> <span class='ocrx_word' id='word_1_463' title='bbox 2756 3012 3168 3066; x_wconf 81' lang='lat' dir='ltr'>consuetudinis</span> <span class='ocrx_word' id='word_1_464' title='bbox 3189 3011 3416 3080; x_wconf 81' lang='lat' dir='ltr'>quibus-</span> 
     </span>
    </p>
   </div>
   <div class='ocr_carea' id='block_1_34' title="bbox 160 3097 3413 3173">
    <p class='ocr_par' dir='ltr' id='par_1_34' title="bbox 160 3097 3413 3173">
     <span class='ocr_line' id='line_1_34' title="bbox 160 3097 3413 3173; baseline -0.002 -16"><span class='ocrx_word' id='word_1_465' title='bbox 160 3107 310 3165; x_wconf 76' lang='lat' dir='ltr'>erant,</span> <span class='ocrx_word' id='word_1_466' title='bbox 340 3101 414 3154; x_wconf 89' lang='lat' dir='ltr'>ita</span> <span class='ocrx_word' id='word_1_467' title='bbox 441 3101 604 3154; x_wconf 85' lang='lat' dir='ltr'>intra</span> <span class='ocrx_word' id='word_1_468' title='bbox 631 3100 787 3154; x_wconf 88' lang='lat' dir='ltr'>illam</span> <span class='ocrx_word' id='word_1_469' title='bbox 829 3101 1136 3155; x_wconf 86' lang='lat' dir='ltr'>divinitatis</span> <span class='ocrx_word' id='word_1_470' title='bbox 1164 3102 1334 3157; x_wconf 85' lang='lat' dir='ltr'>Verbi</span> <span class='ocrx_word' id='word_1_471' title='bbox 1364 3104 1465 3157; x_wconf 87' lang='lat' dir='ltr'>Dei</span> <span class='ocrx_word' id='word_1_472' title='bbox 1494 3104 1723 3173; x_wconf 85' lang='lat' dir='ltr'>latebat,</span> <span class='ocrx_word' id='word_1_473' title='bbox 1813 3104 1963 3171; x_wconf 89' lang='lat' dir='ltr'>dam,</span> <span class='ocrx_word' id='word_1_474' title='bbox 2005 3104 2096 3156; x_wconf 81' lang='lat' dir='ltr'>sed</span> <span class='ocrx_word' id='word_1_475' title='bbox 2124 3105 2480 3168; x_wconf 84' lang='lat' dir='ltr'>consolantes,</span> <span class='ocrx_word' id='word_1_476' title='bbox 2512 3100 2779 3156; x_wconf 87' lang='lat' dir='ltr'>subaudis</span> <span class='ocrx_word' id='word_1_477' title='bbox 2809 3114 2903 3155; x_wconf 85' lang='lat' dir='ltr'>vos</span> <span class='ocrx_word' id='word_1_478' title='bbox 2930 3102 3185 3153; x_wconf 84' lang='lat' dir='ltr'>invicem.</span> <span class='ocrx_word' id='word_1_479' title='bbox 3212 3099 3277 3153; x_wconf 86' lang='lat' dir='ltr'>In</span> <span class='ocrx_word' id='word_1_480' title='bbox 3304 3097 3413 3152; x_wconf 87' lang='lat' dir='ltr'>hoc</span> 
     </span>
    </p>
   </div>
   <div class='ocr_carea' id='block_1_35' title="bbox 161 3187 1729 3260">
    <p class='ocr_par' dir='ltr' id='par_1_35' title="bbox 161 3187 1729 3260">
     <span class='ocr_line' id='line_1_35' title="bbox 161 3187 1729 3260; baseline 0.004 -20"><span class='ocrx_word' id='word_1_481' title='bbox 161 3192 205 3241; x_wconf 84' lang='lat' dir='ltr'>et</span> <span class='ocrx_word' id='word_1_482' title='bbox 227 3187 355 3242; x_wconf 88' lang='lat' dir='ltr'>sicut</span> <span class='ocrx_word' id='word_1_483' title='bbox 380 3206 479 3260; x_wconf 91' lang='lat' dir='ltr'>per</span> <span class='ocrx_word' id='word_1_484' title='bbox 518 3187 773 3241; x_wconf 89' lang='lat' dir='ltr'>velamen</span> <span class='ocrx_word' id='word_1_485' title='bbox 805 3188 1234 3259; x_wconf 87' lang='lat' dir='ltr'>perveniebatur</span> <span class='ocrx_word' id='word_1_486' title='bbox 1258 3190 1328 3244; x_wconf 88' lang='lat' dir='ltr'>ad</span> <span class='ocrx_word' id='word_1_487' title='bbox 1351 3192 1620 3255; x_wconf 81' lang='lat' dir='ltr'>interiora</span> <span class='ocrx_word' id='word_1_488' title='bbox 1651 3192 1729 3247; x_wconf 89' lang='lat' dir='ltr'>ita</span> 
     </span>
    </p>
   </div>
   <div class='ocr_carea' id='block_1_36' title="bbox 158 3276 1729 3349">
    <p class='ocr_par' dir='ltr' id='par_1_36' title="bbox 158 3276 1729 3349">
     <span class='ocr_line' id='line_1_36' title="bbox 158 3276 1729 3349; baseline 0.004 -22"><span class='ocrx_word' id='word_1_489' title='bbox 158 3291 241 3344; x_wconf 86' lang='lat' dir='ltr'>per</span> <span class='ocrx_word' id='word_1_490' title='bbox 257 3276 662 3330; x_wconf 84' lang='lat' dir='ltr'>humanitatem</span> <span class='ocrx_word' id='word_1_491' title='bbox 693 3276 1016 3347; x_wconf 87' lang='lat' dir='ltr'>pervenitur</span> <span class='ocrx_word' id='word_1_492' title='bbox 1040 3277 1108 3329; x_wconf 88' lang='lat' dir='ltr'>ad</span> <span class='ocrx_word' id='word_1_493' title='bbox 1135 3277 1441 3332; x_wconf 90' lang='lat' dir='ltr'>divinitatis</span> <span class='ocrx_word' id='word_1_494' title='bbox 1462 3279 1729 3349; x_wconf 87' lang='lat' dir='ltr'>cognitio-</span> 
     </span>
    </p>
   </div>
   <div class='ocr_carea' id='block_1_37' title="bbox 158 3364 1731 3435">
    <p class='ocr_par' dir='ltr' id='par_1_37' title="bbox 158 3364 1731 3435">
     <span class='ocr_line' id='line_1_37' title="bbox 158 3364 1731 3435; baseline 0.004 -20"><span class='ocrx_word' id='word_1_495' title='bbox 158 3364 562 3419; x_wconf 85' lang='lat' dir='ltr'>nem.Sacerdos</span> <span class='ocrx_word' id='word_1_496' title='bbox 576 3370 762 3416; x_wconf 88' lang='lat' dir='ltr'>autem</span> <span class='ocrx_word' id='word_1_497' title='bbox 775 3379 1012 3433; x_wconf 87' lang='lat' dir='ltr'>magnus</span> <span class='ocrx_word' id='word_1_498' title='bbox 1023 3376 1191 3435; x_wconf 90' lang='lat' dir='ltr'>super</span> <span class='ocrx_word' id='word_1_499' title='bbox 1204 3365 1430 3419; x_wconf 91' lang='lat' dir='ltr'>domum</span> <span class='ocrx_word' id='word_1_500' title='bbox 1451 3366 1731 3428; x_wconf 88' lang='lat' dir='ltr'>Dei,Chri-</span> 
     </span>
    </p>
   </div>
   <div class='ocr_carea' id='block_1_38' title="bbox 1811 3187 3414 3258">
    <p class='ocr_par' dir='ltr' id='par_1_38' title="bbox 1811 3187 3414 3258">
     <span class='ocr_line' id='line_1_38' title="bbox 1811 3187 3414 3258; baseline -0.003 -14"><span class='ocrx_word' id='word_1_501' title='bbox 1811 3190 1932 3244; x_wconf 91' lang='lat' dir='ltr'>loco</span> <span class='ocrx_word' id='word_1_502' title='bbox 1956 3206 2067 3244; x_wconf 90' lang='lat' dir='ltr'>non</span> <span class='ocrx_word' id='word_1_503' title='bbox 2097 3190 2278 3244; x_wconf 90' lang='lat' dir='ltr'>solum</span> <span class='ocrx_word' id='word_1_504' title='bbox 2296 3189 2606 3254; x_wconf 88' lang='lat' dir='ltr'>admonuit,</span> <span class='ocrx_word' id='word_1_505' title='bbox 2631 3189 2729 3243; x_wconf 92' lang='lat' dir='ltr'>sed</span> <span class='ocrx_word' id='word_1_506' title='bbox 2755 3188 2925 3243; x_wconf 90' lang='lat' dir='ltr'>etiam</span> <span class='ocrx_word' id='word_1_507' title='bbox 2948 3187 3191 3258; x_wconf 87' lang='lat' dir='ltr'>culpavit</span> <span class='ocrx_word' id='word_1_508' title='bbox 3218 3190 3276 3255; x_wconf 85' lang='lat' dir='ltr'>et</span> <span class='ocrx_word' id='word_1_509' title='bbox 3303 3190 3414 3240; x_wconf 84' lang='lat' dir='ltr'>ter-</span> 
     </span>
    </p>
   </div>
   <div class='ocr_carea' id='block_1_39' title="bbox 1812 3274 3412 3333">
    <p class='ocr_par' dir='ltr' id='par_1_39' title="bbox 1812 3274 3412 3333">
     <span class='ocr_line' id='line_1_39' title="bbox 1812 3274 3412 3333; baseline -0.004 0"><span class='ocrx_word' id='word_1_510' title='bbox 1812 3280 1930 3333; x_wconf 90' lang='lat' dir='ltr'>ruit</span> <span class='ocrx_word' id='word_1_511' title='bbox 1965 3279 2239 3332; x_wconf 90' lang='lat' dir='ltr'>unitatem</span> <span class='ocrx_word' id='word_1_512' title='bbox 2297 3278 2589 3332; x_wconf 88' lang='lat' dir='ltr'>charitatis</span> <span class='ocrx_word' id='word_1_513' title='bbox 2652 3277 2991 3331; x_wconf 85' lang='lat' dir='ltr'>scindentes.</span> <span class='ocrx_word' id='word_1_514' title='bbox 3044 3276 3218 3330; x_wconf 88' lang='lat' dir='ltr'>Erant</span> <span class='ocrx_word' id='word_1_515' title='bbox 3262 3274 3412 3328; x_wconf 90' lang='lat' dir='ltr'>enim</span> 
     </span>
    </p>
   </div>
   <div class='ocr_carea' id='block_1_40' title="bbox 1813 3364 3405 3440">
    <p class='ocr_par' dir='ltr' id='par_1_40' title="bbox 1813 3364 3405 3440">
     <span class='ocr_line' id='line_1_40' title="bbox 1813 3364 3405 3440; baseline -0.002 -19"><span class='ocrx_word' id='word_1_516' title='bbox 1813 3367 1976 3421; x_wconf 87' lang='lat' dir='ltr'>multi</span> <span class='ocrx_word' id='word_1_517' title='bbox 2010 3369 2104 3440; x_wconf 89' lang='lat' dir='ltr'>qui</span> <span class='ocrx_word' id='word_1_518' title='bbox 2138 3365 2550 3433; x_wconf 86' lang='lat' dir='ltr'>conturbabant</span> <span class='ocrx_word' id='word_1_519' title='bbox 2597 3365 3085 3437; x_wconf 87' lang='lat' dir='ltr'>congregationem</span> <span class='ocrx_word' id='word_1_520' title='bbox 3135 3364 3405 3430; x_wconf 86' lang='lat' dir='ltr'>ﬁdelium,</span> 
     </span>
    </p>
   </div>
   <div class='ocr_carea' id='block_1_41' title="bbox 161 3451 3410 3526">
    <p class='ocr_par' dir='ltr' id='par_1_41' title="bbox 161 3451 3410 3526">
     <span class='ocr_line' id='line_1_41' title="bbox 161 3451 3410 3526; baseline 0.001 -24"><span class='ocrx_word' id='word_1_521' title='bbox 161 3454 259 3504; x_wconf 88' lang='lat' dir='ltr'>stus</span> <span class='ocrx_word' id='word_1_522' title='bbox 274 3452 620 3523; x_wconf 82' lang='lat' dir='ltr'>intelligitur,</span> <span class='ocrx_word' id='word_1_523' title='bbox 639 3451 731 3523; x_wconf 92' lang='lat' dir='ltr'>qui</span> <span class='ocrx_word' id='word_1_524' title='bbox 747 3458 833 3505; x_wconf 90' lang='lat' dir='ltr'>est</span> <span class='ocrx_word' id='word_1_525' title='bbox 850 3468 882 3505; x_wconf 90' lang='lat' dir='ltr'>a</span> <span class='ocrx_word' id='word_1_526' title='bbox 896 3452 1011 3505; x_wconf 90' lang='lat' dir='ltr'>Deo</span> <span class='ocrx_word' id='word_1_527' title='bbox 1029 3453 1195 3507; x_wconf 88' lang='lat' dir='ltr'>Patre</span> <span class='ocrx_word' id='word_1_528' title='bbox 1207 3455 1547 3508; x_wconf 89' lang='lat' dir='ltr'>constitutus</span> <span class='ocrx_word' id='word_1_529' title='bbox 1560 3473 1623 3509; x_wconf 92' lang='lat' dir='ltr'>su</span> <span class='ocrx_word' id='word_1_530' title='bbox 1634 3473 1730 3525; x_wconf 90' lang='lat' dir='ltr'>per</span> <span class='ocrx_word' id='word_1_531' title='bbox 1813 3454 1972 3526; x_wconf 89' lang='lat' dir='ltr'>quasi</span> <span class='ocrx_word' id='word_1_532' title='bbox 1992 3471 2104 3509; x_wconf 91' lang='lat' dir='ltr'>non</span> <span class='ocrx_word' id='word_1_533' title='bbox 2120 3461 2350 3526; x_wconf 85' lang='lat' dir='ltr'>possent</span> <span class='ocrx_word' id='word_1_534' title='bbox 2372 3454 2522 3508; x_wconf 88' lang='lat' dir='ltr'>inter</span> <span class='ocrx_word' id='word_1_535' title='bbox 2540 3453 2666 3507; x_wconf 92' lang='lat' dir='ltr'>illos</span> <span class='ocrx_word' id='word_1_536' title='bbox 2681 3453 2935 3507; x_wconf 87' lang='lat' dir='ltr'>habitare</span> <span class='ocrx_word' id='word_1_537' title='bbox 2955 3468 3137 3507; x_wconf 69' lang='lat' dir='ltr'>causa:</span> <span class='ocrx_word' id='word_1_538' title='bbox 3156 3468 3270 3506; x_wconf 79' lang='lat' dir='ltr'>suae</span> <span class='ocrx_word' id='word_1_539' title='bbox 3284 3464 3410 3505; x_wconf 82' lang='lat' dir='ltr'>san-</span> 
     </span>
    </p>
   </div>
   <div class='ocr_carea' id='block_1_42' title="bbox 161 3538 3410 3612">
    <p class='ocr_par' dir='ltr' id='par_1_42' title="bbox 161 3538 3410 3612">
     <span class='ocr_line' id='line_1_42' title="bbox 161 3538 3410 3612; baseline -0 -18"><span class='ocrx_word' id='word_1_540' title='bbox 161 3538 450 3604; x_wconf 84' lang='lat' dir='ltr'>Ecclesiam,</span> <span class='ocrx_word' id='word_1_541' title='bbox 462 3543 631 3612; x_wconf 84' lang='lat' dir='ltr'>juxta</span> <span class='ocrx_word' id='word_1_542' title='bbox 642 3540 789 3612; x_wconf 90' lang='lat' dir='ltr'>quod</span> <span class='ocrx_word' id='word_1_543' title='bbox 802 3541 921 3611; x_wconf 82' lang='lat' dir='ltr'>ipse</span> <span class='ocrx_word' id='word_1_544' title='bbox 940 3541 1077 3595; x_wconf 84' lang='lat' dir='ltr'>dicit</span> <span class='ocrx_word' id='word_1_545' title='bbox 1098 3559 1109 3592; x_wconf 75' lang='grc' dir='ltr'>ί</span> <span class='ocrx_word' id='word_1_546' title='bbox 1134 3544 1241 3609; x_wconf 77' lang='lat' dir='ltr'>Ego</span> <span class='ocrx_word' id='word_1_547' title='bbox 1258 3548 1444 3597; x_wconf 88' lang='lat' dir='ltr'>autem</span> <span class='ocrx_word' id='word_1_548' title='bbox 1459 3548 1729 3598; x_wconf 84' lang='lat' dir='ltr'>conslitu-</span> <span class='ocrx_word' id='word_1_549' title='bbox 1812 3544 2041 3611; x_wconf 90' lang='lat' dir='ltr'>ctitatis,</span> <span class='ocrx_word' id='word_1_550' title='bbox 2063 3549 2120 3597; x_wconf 91' lang='lat' dir='ltr'>et</span> <span class='ocrx_word' id='word_1_551' title='bbox 2146 3543 2482 3598; x_wconf 89' lang='lat' dir='ltr'>deserebant</span> <span class='ocrx_word' id='word_1_552' title='bbox 2502 3543 2885 3596; x_wconf 88' lang='lat' dir='ltr'>collectionem</span> <span class='ocrx_word' id='word_1_553' title='bbox 2910 3541 3133 3594; x_wconf 88' lang='lat' dir='ltr'>illorum</span> <span class='ocrx_word' id='word_1_554' title='bbox 3154 3538 3410 3593; x_wconf 78' lang='lat' dir='ltr'>habitan-</span> 
     </span>
    </p>
   </div>
   <div class='ocr_carea' id='block_1_43' title="bbox 162 3627 3408 3701">
    <p class='ocr_par' dir='ltr' id='par_1_43' title="bbox 162 3627 3408 3701">
     <span class='ocr_line' id='line_1_43' title="bbox 162 3627 3408 3701; baseline 0.001 -23"><span class='ocrx_word' id='word_1_555' title='bbox 162 3632 232 3681; x_wconf 83' lang='lat' dir='ltr'>tus</span> <span class='ocrx_word' id='word_1_556' title='bbox 255 3646 367 3683; x_wconf 86' lang='lat' dir='ltr'>sum</span> <span class='ocrx_word' id='word_1_557' title='bbox 394 3647 495 3684; x_wconf 69' lang='lat' dir='ltr'>rex</span> <span class='ocrx_word' id='word_1_558' title='bbox 521 3632 593 3684; x_wconf 86' lang='lat' dir='ltr'>ab</span> <span class='ocrx_word' id='word_1_559' title='bbox 622 3647 679 3683; x_wconf 91' lang='lat' dir='ltr'>eo</span> <span class='ocrx_word' id='word_1_560' title='bbox 707 3645 871 3698; x_wconf 80' lang='lat' dir='ltr'>super</span> <span class='ocrx_word' id='word_1_561' title='bbox 897 3629 1033 3686; x_wconf 85' lang='lat' dir='ltr'>Sion</span> <span class='ocrx_word' id='word_1_562' title='bbox 1062 3636 1299 3684; x_wconf 86' lang='lat' dir='ltr'>montem</span> <span class='ocrx_word' id='word_1_563' title='bbox 1327 3638 1582 3686; x_wconf 87' lang='lat' dir='ltr'>sanctum</span> <span class='ocrx_word' id='word_1_564' title='bbox 1612 3637 1729 3701; x_wconf 80' lang='lat' dir='ltr'>ejus</span> <span class='ocrx_word' id='word_1_565' title='bbox 1807 3637 1897 3686; x_wconf 90' lang='lat' dir='ltr'>tes</span> <span class='ocrx_word' id='word_1_566' title='bbox 1920 3632 2046 3697; x_wconf 89' lang='lat' dir='ltr'>soli,</span> <span class='ocrx_word' id='word_1_567' title='bbox 2075 3638 2139 3686; x_wconf 91' lang='lat' dir='ltr'>ut</span> <span class='ocrx_word' id='word_1_568' title='bbox 2169 3633 2282 3686; x_wconf 90' lang='lat' dir='ltr'>Deo</span> <span class='ocrx_word' id='word_1_569' title='bbox 2304 3631 2535 3684; x_wconf 90' lang='lat' dir='ltr'>liberius</span> <span class='ocrx_word' id='word_1_570' title='bbox 2563 3629 2887 3683; x_wconf 88' lang='lat' dir='ltr'>viderentur</span> <span class='ocrx_word' id='word_1_571' title='bbox 2907 3627 3241 3682; x_wconf 85' lang='lat' dir='ltr'>vacare.lsti</span> <span class='ocrx_word' id='word_1_572' title='bbox 3265 3628 3408 3681; x_wconf 88' lang='lat' dir='ltr'>tales</span> 
     </span>
    </p>
   </div>
   <div class='ocr_carea' id='block_1_44' title="bbox 163 3714 3412 3797">
    <p class='ocr_par' dir='ltr' id='par_1_44' title="bbox 163 3714 3412 3797">
     <span class='ocr_line' id='line_1_44' title="bbox 163 3714 3412 3797; baseline -0 -28"><span class='ocrx_word' id='word_1_573' title='bbox 163 3715 307 3797; x_wconf 82' lang='lat' dir='ltr'>(Psal.</span> <span class='ocrx_word' id='word_1_574' title='bbox 331 3724 410 3789; x_wconf 83' lang='grc' dir='ltr'>ιι).</span> <span class='ocrx_word' id='word_1_575' title='bbox 447 3718 717 3789; x_wconf 87' lang='lat' dir='ltr'>Sequitur</span> <span class='ocrx_word' id='word_1_576' title='bbox 748 3734 759 3770; x_wconf 89' lang='lat'><strong>:</strong></span> <span class='ocrx_word' id='word_1_577' title='bbox 796 3720 1125 3772; x_wconf 85' lang='lat' dir='ltr'>Accedamus</span> <span class='ocrx_word' id='word_1_578' title='bbox 1164 3735 1291 3772; x_wconf 90' lang='lat' dir='ltr'>cum</span> <span class='ocrx_word' id='word_1_579' title='bbox 1332 3735 1454 3773; x_wconf 84' lang='lat' dir='ltr'>vero</span> <span class='ocrx_word' id='word_1_580' title='bbox 1480 3723 1635 3774; x_wconf 83' lang='lat' dir='ltr'>corde</span> <span class='ocrx_word' id='word_1_581' title='bbox 1664 3725 1727 3775; x_wconf 88' lang='lat' dir='ltr'>in</span> <span class='ocrx_word' id='word_1_582' title='bbox 1810 3725 1946 3791; x_wconf 85' lang='lat' dir='ltr'>typo</span> <span class='ocrx_word' id='word_1_583' title='bbox 1975 3719 2249 3792; x_wconf 71' lang='lat' dir='ltr'>superbia:</span> <span class='ocrx_word' id='word_1_584' title='bbox 2277 3719 2506 3773; x_wconf 88' lang='lat' dir='ltr'>distenti</span> <span class='ocrx_word' id='word_1_585' title='bbox 2535 3718 2915 3788; x_wconf 88' lang='lat' dir='ltr'>despiciebant</span> <span class='ocrx_word' id='word_1_586' title='bbox 2943 3716 3188 3786; x_wconf 89' lang='lat' dir='ltr'>reliquos</span> <span class='ocrx_word' id='word_1_587' title='bbox 3217 3720 3275 3769; x_wconf 89' lang='lat' dir='ltr'>et</span> <span class='ocrx_word' id='word_1_588' title='bbox 3297 3714 3412 3769; x_wconf 90' lang='lat' dir='ltr'>dis-</span> 
     </span>
    </p>
   </div>
   <div class='ocr_carea' id='block_1_45' title="bbox 156 3804 3407 3880">
    <p class='ocr_par' dir='ltr' id='par_1_45' title="bbox 156 3804 3407 3880">
     <span class='ocr_line' id='line_1_45' title="bbox 156 3804 3407 3880; baseline 0 -23"><span class='ocrx_word' id='word_1_589' title='bbox 156 3807 473 3871; x_wconf 85' lang='lat' dir='ltr'>plenitudine</span> <span class='ocrx_word' id='word_1_590' title='bbox 495 3809 647 3874; x_wconf 77' lang='lat' dir='ltr'>ﬁdei,</span> <span class='ocrx_word' id='word_1_591' title='bbox 678 3804 887 3875; x_wconf 78' lang='lat' dir='ltr'>aspersi</span> <span class='ocrx_word' id='word_1_592' title='bbox 916 3809 1079 3861; x_wconf 75' lang='lat' dir='ltr'>chda</span> <span class='ocrx_word' id='word_1_593' title='bbox 1114 3824 1148 3860; x_wconf 89' lang='lat' dir='ltr'>a</span> <span class='ocrx_word' id='word_1_594' title='bbox 1182 3812 1512 3862; x_wconf 77' lang='lat' dir='ltr'>conscientia</span> <span class='ocrx_word' id='word_1_595' title='bbox 1552 3814 1724 3876; x_wconf 87' lang='lat' dir='ltr'>mala,</span> <span class='ocrx_word' id='word_1_596' title='bbox 1813 3807 2149 3880; x_wconf 87' lang='lat' dir='ltr'>rumpebant</span> <span class='ocrx_word' id='word_1_597' title='bbox 2177 3808 2530 3861; x_wconf 89' lang='lat' dir='ltr'>charitatem.</span> <span class='ocrx_word' id='word_1_598' title='bbox 2582 3807 2742 3871; x_wconf 87' lang='lat' dir='ltr'>Quod</span> <span class='ocrx_word' id='word_1_599' title='bbox 2772 3805 3074 3876; x_wconf 88' lang='lat' dir='ltr'>Apostolus</span> <span class='ocrx_word' id='word_1_600' title='bbox 3105 3809 3407 3875; x_wconf 89' lang='lat' dir='ltr'>utrumque</span> 
     </span>
    </p>
   </div>
   <div class='ocr_carea' id='block_1_46' title="bbox 162 3893 3408 3968">
    <p class='ocr_par' dir='ltr' id='par_1_46' title="bbox 162 3893 3408 3968">
     <span class='ocr_line' id='line_1_46' title="bbox 162 3893 3408 3968; baseline 0.001 -24"><span class='ocrx_word' id='word_1_601' title='bbox 162 3897 203 3944; x_wconf 85' lang='lat' dir='ltr'>et</span> <span class='ocrx_word' id='word_1_602' title='bbox 224 3895 389 3948; x_wconf 84' lang='lat' dir='ltr'>abluti</span> <span class='ocrx_word' id='word_1_603' title='bbox 414 3911 611 3968; x_wconf 83' lang='lat' dir='ltr'>corpus</span> <span class='ocrx_word' id='word_1_604' title='bbox 647 3908 795 3963; x_wconf 84' lang='lat' dir='ltr'>aqua</span> <span class='ocrx_word' id='word_1_605' title='bbox 825 3897 1057 3949; x_wconf 79' lang='lat' dir='ltr'>munda.</span> <span class='ocrx_word' id='word_1_606' title='bbox 1094 3895 1171 3949; x_wconf 87' lang='lat' dir='ltr'><strong>Ex</strong></span> <span class='ocrx_word' id='word_1_607' title='bbox 1200 3897 1583 3967; x_wconf 88' lang='lat' dir='ltr'>superioribus</span> <span class='ocrx_word' id='word_1_608' title='bbox 1620 3899 1729 3952; x_wconf 90' lang='lat' dir='ltr'>ista</span> <span class='ocrx_word' id='word_1_609' title='bbox 1811 3902 1869 3951; x_wconf 91' lang='lat' dir='ltr'>et</span> <span class='ocrx_word' id='word_1_610' title='bbox 1892 3896 2157 3952; x_wconf 85' lang='lat' dir='ltr'>admonet</span> <span class='ocrx_word' id='word_1_611' title='bbox 2187 3902 2243 3950; x_wconf 92' lang='lat' dir='ltr'>et</span> <span class='ocrx_word' id='word_1_612' title='bbox 2271 3900 2467 3963; x_wconf 89' lang='lat' dir='ltr'>terret,</span> <span class='ocrx_word' id='word_1_613' title='bbox 2489 3897 2724 3949; x_wconf 90' lang='lat' dir='ltr'>hortans</span> <span class='ocrx_word' id='word_1_614' title='bbox 2747 3910 2861 3948; x_wconf 88' lang='lat' dir='ltr'>non</span> <span class='ocrx_word' id='word_1_615' title='bbox 2890 3893 3148 3947; x_wconf 87' lang='lat' dir='ltr'>deserere</span> <span class='ocrx_word' id='word_1_616' title='bbox 3171 3893 3408 3947; x_wconf 89' lang='lat' dir='ltr'>societa-</span> 
     </span>
    </p>
   </div>
   <div class='ocr_carea' id='block_1_47' title="bbox 160 3981 3409 4057">
    <p class='ocr_par' dir='ltr' id='par_1_47' title="bbox 160 3981 3409 4057">
     <span class='ocr_line' id='line_1_47' title="bbox 160 3981 3409 4057; baseline 0.001 -24"><span class='ocrx_word' id='word_1_617' title='bbox 160 3982 391 4049; x_wconf 85' lang='lat' dir='ltr'>pendent,</span> <span class='ocrx_word' id='word_1_618' title='bbox 447 3983 544 4038; x_wconf 90' lang='lat' dir='ltr'>ubi</span> <span class='ocrx_word' id='word_1_619' title='bbox 608 3982 748 4036; x_wconf 86' lang='lat' dir='ltr'>dixit</span> <span class='ocrx_word' id='word_1_620' title='bbox 800 3983 1099 4054; x_wconf 84' lang='lat' dir='ltr'>Apostolus</span> <span class='ocrx_word' id='word_1_621' title='bbox 1141 4003 1151 4037; x_wconf 91' lang='lat'><strong>:</strong></span> <span class='ocrx_word' id='word_1_622' title='bbox 1196 3985 1463 4038; x_wconf 83' lang='lat' dir='ltr'>Habentes</span> <span class='ocrx_word' id='word_1_623' title='bbox 1522 3988 1724 4054; x_wconf 81' lang='lat' dir='ltr'>itaque,</span> <span class='ocrx_word' id='word_1_624' title='bbox 1810 3991 1924 4040; x_wconf 90' lang='lat' dir='ltr'>tem</span> <span class='ocrx_word' id='word_1_625' title='bbox 1954 3986 2224 4047; x_wconf 89' lang='lat' dir='ltr'>ﬁdelium,</span> <span class='ocrx_word' id='word_1_626' title='bbox 2259 3985 2356 4039; x_wconf 90' lang='lat' dir='ltr'>sed</span> <span class='ocrx_word' id='word_1_627' title='bbox 2400 3984 2585 4057; x_wconf 90' lang='lat' dir='ltr'>potius</span> <span class='ocrx_word' id='word_1_628' title='bbox 2625 3982 2902 4037; x_wconf 88' lang='lat' dir='ltr'>consolari</span> <span class='ocrx_word' id='word_1_629' title='bbox 2931 3981 3316 4057; x_wconf 87' lang='lat' dir='ltr'>simpliciores,</span> <span class='ocrx_word' id='word_1_630' title='bbox 3350 3986 3409 4036; x_wconf 87' lang='lat' dir='ltr'>et</span> 
     </span>
    </p>
   </div>
   <div class='ocr_carea' id='block_1_48' title="bbox 161 4069 3408 4149">
    <p class='ocr_par' dir='ltr' id='par_1_48' title="bbox 161 4069 3408 4149">
     <span class='ocr_line' id='line_1_48' title="bbox 161 4069 3408 4149; baseline 0.002 -30"><span class='ocrx_word' id='word_1_631' title='bbox 161 4069 352 4134; x_wconf 77' lang='lat' dir='ltr'>fratres,</span> <span class='ocrx_word' id='word_1_632' title='bbox 379 4074 646 4139; x_wconf 78' lang='lat' dir='ltr'>ﬁduciam</span> <span class='ocrx_word' id='word_1_633' title='bbox 677 4075 738 4125; x_wconf 89' lang='lat' dir='ltr'>in</span> <span class='ocrx_word' id='word_1_634' title='bbox 761 4071 1019 4142; x_wconf 89' lang='lat' dir='ltr'>ingressu</span> <span class='ocrx_word' id='word_1_635' title='bbox 1043 4078 1361 4126; x_wconf 86' lang='lat' dir='ltr'>sanctorum</span> <span class='ocrx_word' id='word_1_636' title='bbox 1381 4088 1481 4142; x_wconf 85' lang='lat' dir='ltr'>per</span> <span class='ocrx_word' id='word_1_637' title='bbox 1503 4079 1731 4143; x_wconf 85' lang='lat' dir='ltr'>sangui-</span> <span class='ocrx_word' id='word_1_638' title='bbox 1811 4091 1910 4128; x_wconf 89' lang='lat' dir='ltr'>suo</span> <span class='ocrx_word' id='word_1_639' title='bbox 1933 4074 2187 4149; x_wconf 89' lang='lat' dir='ltr'>exemplo</span> <span class='ocrx_word' id='word_1_640' title='bbox 2207 4074 2545 4130; x_wconf 86' lang='lat' dir='ltr'>confortare.</span> <span class='ocrx_word' id='word_1_641' title='bbox 2572 4072 2630 4127; x_wconf 89' lang='lat' dir='ltr'>Si</span> <span class='ocrx_word' id='word_1_642' title='bbox 2651 4070 2800 4125; x_wconf 91' lang='lat' dir='ltr'>enim</span> <span class='ocrx_word' id='word_1_643' title='bbox 2829 4076 3048 4124; x_wconf 88' lang='lat' dir='ltr'>tantum</span> <span class='ocrx_word' id='word_1_644' title='bbox 3072 4069 3217 4124; x_wconf 88' lang='lat' dir='ltr'>valet</span> <span class='ocrx_word' id='word_1_645' title='bbox 3236 4069 3408 4124; x_wconf 88' lang='lat' dir='ltr'>socie-</span> 
     </span>
    </p>
   </div>
   <div class='ocr_carea' id='block_1_49' title="bbox 161 4158 3406 4230">
    <p class='ocr_par' dir='ltr' id='par_1_49' title="bbox 161 4158 3406 4230">
     <span class='ocr_line' id='line_1_49' title="bbox 161 4158 3406 4230; baseline 0.001 -21"><span class='ocrx_word' id='word_1_646' title='bbox 161 4171 265 4210; x_wconf 85' lang='lat' dir='ltr'>nem</span> <span class='ocrx_word' id='word_1_647' title='bbox 284 4159 500 4226; x_wconf 80' lang='lat' dir='ltr'>Christi,</span> <span class='ocrx_word' id='word_1_648' title='bbox 524 4161 845 4213; x_wconf 83' lang='lat' dir='ltr'>accedamus</span> <span class='ocrx_word' id='word_1_649' title='bbox 865 4159 935 4212; x_wconf 91' lang='lat' dir='ltr'>ad</span> <span class='ocrx_word' id='word_1_650' title='bbox 953 4174 1081 4213; x_wconf 90' lang='lat' dir='ltr'>eum</span> <span class='ocrx_word' id='word_1_651' title='bbox 1099 4176 1225 4213; x_wconf 86' lang='lat' dir='ltr'>cum</span> <span class='ocrx_word' id='word_1_652' title='bbox 1245 4165 1368 4214; x_wconf 83' lang='lat' dir='ltr'>vero</span> <span class='ocrx_word' id='word_1_653' title='bbox 1389 4164 1562 4216; x_wconf 88' lang='lat' dir='ltr'>corde.</span> <span class='ocrx_word' id='word_1_654' title='bbox 1581 4164 1726 4227; x_wconf 87' lang='lat' dir='ltr'>Quid</span> <span class='ocrx_word' id='word_1_655' title='bbox 1809 4168 1895 4217; x_wconf 90' lang='lat' dir='ltr'>tas</span> <span class='ocrx_word' id='word_1_656' title='bbox 1921 4162 2190 4225; x_wconf 82' lang='lat' dir='ltr'>ﬁdelium,</span> <span class='ocrx_word' id='word_1_657' title='bbox 2215 4169 2276 4217; x_wconf 92' lang='lat' dir='ltr'>ut</span> <span class='ocrx_word' id='word_1_658' title='bbox 2306 4163 2403 4217; x_wconf 90' lang='lat' dir='ltr'>ubi</span> <span class='ocrx_word' id='word_1_659' title='bbox 2429 4162 2539 4215; x_wconf 88' lang='lat' dir='ltr'>duo</span> <span class='ocrx_word' id='word_1_660' title='bbox 2570 4160 2653 4215; x_wconf 90' lang='lat' dir='ltr'>vel</span> <span class='ocrx_word' id='word_1_661' title='bbox 2682 4167 2798 4215; x_wconf 89' lang='lat' dir='ltr'>tres</span> <span class='ocrx_word' id='word_1_662' title='bbox 2826 4159 3154 4230; x_wconf 85' lang='lat' dir='ltr'>congregati</span> <span class='ocrx_word' id='word_1_663' title='bbox 3184 4163 3317 4213; x_wconf 90' lang='lat' dir='ltr'>sunt</span> <span class='ocrx_word' id='word_1_664' title='bbox 3346 4158 3406 4213; x_wconf 84' lang='lat' dir='ltr'>in</span> 
     </span>
    </p>
   </div>
   <div class='ocr_carea' id='block_1_50' title="bbox 162 4246 3407 4323">
    <p class='ocr_par' dir='ltr' id='par_1_50' title="bbox 162 4246 3407 4323">
     <span class='ocr_line' id='line_1_50' title="bbox 162 4246 3407 4323; baseline 0.001 -24"><span class='ocrx_word' id='word_1_665' title='bbox 162 4252 285 4301; x_wconf 81' lang='lat' dir='ltr'>esset</span> <span class='ocrx_word' id='word_1_666' title='bbox 329 4248 384 4303; x_wconf 92' lang='lat' dir='ltr'>in</span> <span class='ocrx_word' id='word_1_667' title='bbox 425 4266 557 4303; x_wconf 88' lang='lat' dir='ltr'>vero</span> <span class='ocrx_word' id='word_1_668' title='bbox 607 4249 771 4303; x_wconf 89' lang='lat' dir='ltr'>corde</span> <span class='ocrx_word' id='word_1_669' title='bbox 809 4250 1072 4303; x_wconf 88' lang='lat' dir='ltr'>accedere</span> <span class='ocrx_word' id='word_1_670' title='bbox 1121 4250 1191 4303; x_wconf 89' lang='lat' dir='ltr'>ad</span> <span class='ocrx_word' id='word_1_671' title='bbox 1240 4250 1525 4305; x_wconf 90' lang='lat' dir='ltr'>Christum</span> <span class='ocrx_word' id='word_1_672' title='bbox 1555 4269 1728 4323; x_wconf 87' lang='lat' dir='ltr'>expo-</span> <span class='ocrx_word' id='word_1_673' title='bbox 1809 4252 2035 4307; x_wconf 90' lang='lat' dir='ltr'>nomine</span> <span class='ocrx_word' id='word_1_674' title='bbox 2067 4251 2390 4314; x_wconf 84' lang='lat' dir='ltr'>Salvatoris,</span> <span class='ocrx_word' id='word_1_675' title='bbox 2418 4251 2537 4322; x_wconf 87' lang='lat' dir='ltr'>ipse</span> <span class='ocrx_word' id='word_1_676' title='bbox 2567 4250 2640 4303; x_wconf 92' lang='lat' dir='ltr'>sit</span> <span class='ocrx_word' id='word_1_677' title='bbox 2667 4249 2725 4303; x_wconf 87' lang='lat' dir='ltr'>in</span> <span class='ocrx_word' id='word_1_678' title='bbox 2755 4248 2938 4303; x_wconf 91' lang='lat' dir='ltr'>medio</span> <span class='ocrx_word' id='word_1_679' title='bbox 2970 4263 3199 4302; x_wconf 85' lang='lat' dir='ltr'>eorum:</span> <span class='ocrx_word' id='word_1_680' title='bbox 3229 4246 3407 4302; x_wconf 88' lang='lat' dir='ltr'>multo</span> 
     </span>
    </p>
   </div>
   <div class='ocr_carea' id='block_1_51' title="bbox 161 4325 3409 4411">
    <p class='ocr_par' dir='ltr' id='par_1_51' title="bbox 161 4325 3409 4411">
     <span class='ocr_line' id='line_1_51' title="bbox 161 4325 3409 4411; baseline 0.002 -26"><span class='ocrx_word' id='word_1_681' title='bbox 161 4334 269 4399; x_wconf 86' lang='lat' dir='ltr'>suit,</span> <span class='ocrx_word' id='word_1_682' title='bbox 298 4337 659 4409; x_wconf 87' lang='lat' dir='ltr'>subjungens,</span> <span class='ocrx_word' id='word_1_683' title='bbox 696 4342 756 4391; x_wconf 89' lang='lat' dir='ltr'>in</span> <span class='ocrx_word' id='word_1_684' title='bbox 772 4339 1122 4406; x_wconf 80' lang='lat' dir='ltr'>plenitudine</span> <span class='ocrx_word' id='word_1_685' title='bbox 1160 4341 1305 4405; x_wconf 80' lang='lat' dir='ltr'>ﬁdei,</span> <span class='ocrx_word' id='word_1_686' title='bbox 1341 4344 1406 4393; x_wconf 91' lang='lat' dir='ltr'>ut</span> <span class='ocrx_word' id='word_1_687' title='bbox 1433 4325 1792 4396; x_wconf 86' lang='lat' dir='ltr'>credamusD</span> <span class='ocrx_word' id='word_1_688' title='bbox 1812 4341 1990 4411; x_wconf 87' lang='lat' dir='ltr'>magis</span> <span class='ocrx_word' id='word_1_689' title='bbox 2019 4340 2115 4394; x_wconf 85' lang='lat' dir='ltr'>ubi</span> <span class='ocrx_word' id='word_1_690' title='bbox 2141 4341 2328 4411; x_wconf 88' lang='lat' dir='ltr'>plures</span> <span class='ocrx_word' id='word_1_691' title='bbox 2355 4345 2490 4394; x_wconf 90' lang='lat' dir='ltr'>sunt</span> <span class='ocrx_word' id='word_1_692' title='bbox 2507 4338 2758 4393; x_wconf 85' lang='lat' dir='ltr'>ﬁdelium</span> <span class='ocrx_word' id='word_1_693' title='bbox 2793 4337 3049 4394; x_wconf 89' lang='lat' dir='ltr'>Christus</span> <span class='ocrx_word' id='word_1_694' title='bbox 3078 4336 3157 4392; x_wconf 91' lang='lat' dir='ltr'>eis</span> <span class='ocrx_word' id='word_1_695' title='bbox 3186 4346 3409 4408; x_wconf 85' lang='lat' dir='ltr'>semper</span> 
     </span>
    </p>
   </div>
   <div class='ocr_carea' id='block_1_52' title="bbox 160 4425 3410 4500">
    <p class='ocr_par' dir='ltr' id='par_1_52' title="bbox 160 4425 3410 4500">
     <span class='ocr_line' id='line_1_52' title="bbox 160 4425 3410 4500; baseline 0.002 -28"><span class='ocrx_word' id='word_1_696' title='bbox 160 4427 590 4481; x_wconf 82' lang='lat' dir='ltr'>resurrectionem</span> <span class='ocrx_word' id='word_1_697' title='bbox 616 4427 937 4497; x_wconf 87' lang='lat' dir='ltr'>generalem</span> <span class='ocrx_word' id='word_1_698' title='bbox 968 4427 1216 4481; x_wconf 89' lang='lat' dir='ltr'>futuram</span> <span class='ocrx_word' id='word_1_699' title='bbox 1244 4447 1256 4495; x_wconf 87' lang='lat'><strong>;</strong></span> <span class='ocrx_word' id='word_1_700' title='bbox 1291 4428 1447 4499; x_wconf 86' lang='lat' dir='ltr'>quasi</span> <span class='ocrx_word' id='word_1_701' title='bbox 1475 4430 1686 4485; x_wconf 87' lang='lat' dir='ltr'>diceret</span> <span class='ocrx_word' id='word_1_702' title='bbox 1709 4450 1720 4484; x_wconf 87' lang='lat'><strong>:</strong></span> <span class='ocrx_word' id='word_1_703' title='bbox 1809 4428 2820 4499; x_wconf 56' lang='lat' dir='ltr'>prmsensaderitﬁequitur:Ettanto</span> <span class='ocrx_word' id='word_1_704' title='bbox 2837 4429 3033 4494; x_wconf 88' lang='lat' dir='ltr'>magis,</span> <span class='ocrx_word' id='word_1_705' title='bbox 3052 4425 3410 4500; x_wconf 81' lang='lat' dir='ltr'>sempersub-</span> 
     </span>
    </p>
   </div>
   <div class='ocr_carea' id='block_1_53' title="bbox 161 4508 3407 4588">
    <p class='ocr_par' dir='ltr' id='par_1_53' title="bbox 161 4508 3407 4588">
     <span class='ocr_line' id='line_1_53' title="bbox 161 4508 3407 4588; baseline 0.002 -24"><span class='ocrx_word' id='word_1_706' title='bbox 161 4508 261 4564; x_wconf 73' lang='lat' dir='ltr'>Iam</span> <span class='ocrx_word' id='word_1_707' title='bbox 282 4513 402 4584; x_wconf 90' lang='lat' dir='ltr'>quia</span> <span class='ocrx_word' id='word_1_708' title='bbox 421 4515 682 4569; x_wconf 87' lang='lat' dir='ltr'>ﬁduciam</span> <span class='ocrx_word' id='word_1_709' title='bbox 704 4514 974 4569; x_wconf 87' lang='lat' dir='ltr'>habemus</span> <span class='ocrx_word' id='word_1_710' title='bbox 1006 4516 1225 4586; x_wconf 87' lang='lat' dir='ltr'>ingredi</span> <span class='ocrx_word' id='word_1_711' title='bbox 1256 4516 1314 4570; x_wconf 92' lang='lat' dir='ltr'>in</span> <span class='ocrx_word' id='word_1_712' title='bbox 1344 4518 1584 4588; x_wconf 88' lang='lat' dir='ltr'>patriam</span> <span class='ocrx_word' id='word_1_713' title='bbox 1620 4536 1727 4574; x_wconf 72' lang='lat' dir='ltr'>cm-</span> <span class='ocrx_word' id='word_1_714' title='bbox 1808 4517 1969 4571; x_wconf 88' lang='lat' dir='ltr'>audis</span> <span class='ocrx_word' id='word_1_715' title='bbox 1996 4517 2288 4571; x_wconf 85' lang='lat' dir='ltr'>sectamini</span> <span class='ocrx_word' id='word_1_716' title='bbox 2318 4517 2673 4587; x_wconf 79' lang='lat' dir='ltr'>charitatem,</span> <span class='ocrx_word' id='word_1_717' title='bbox 2704 4528 2913 4587; x_wconf 74' lang='lat' dir='ltr'>Vosque</span> <span class='ocrx_word' id='word_1_718' title='bbox 2942 4515 3178 4569; x_wconf 90' lang='lat' dir='ltr'>invicem</span> <span class='ocrx_word' id='word_1_719' title='bbox 3208 4522 3407 4569; x_wconf 79' lang='lat' dir='ltr'>censo-</span> 
     </span>
    </p>
   </div>
   <div class='ocr_carea' id='block_1_54' title="bbox 161 4596 3402 4675">
    <p class='ocr_par' dir='ltr' id='par_1_54' title="bbox 161 4596 3402 4675">
     <span class='ocr_line' id='line_1_54' title="bbox 161 4596 3402 4675; baseline 0.001 -24"><span class='ocrx_word' id='word_1_720' title='bbox 161 4596 347 4665; x_wconf 87' lang='lat' dir='ltr'>lestem,</span> <span class='ocrx_word' id='word_1_721' title='bbox 369 4620 479 4658; x_wconf 91' lang='lat' dir='ltr'>non</span> <span class='ocrx_word' id='word_1_722' title='bbox 505 4603 775 4658; x_wconf 90' lang='lat' dir='ltr'>debemus</span> <span class='ocrx_word' id='word_1_723' title='bbox 794 4603 1054 4658; x_wconf 74' lang='lat' dir='ltr'>haesitare</span> <span class='ocrx_word' id='word_1_724' title='bbox 1074 4604 1222 4674; x_wconf 87' lang='lat' dir='ltr'>quod</span> <span class='ocrx_word' id='word_1_725' title='bbox 1255 4607 1626 4675; x_wconf 90' lang='lat' dir='ltr'>quorumdam</span> <span class='ocrx_word' id='word_1_726' title='bbox 1653 4608 1729 4662; x_wconf 87' lang='lat' dir='ltr'>sit</span> <span class='ocrx_word' id='word_1_727' title='bbox 1808 4604 2029 4675; x_wconf 89' lang='lat' dir='ltr'>lamini,</span> <span class='ocrx_word' id='word_1_728' title='bbox 2047 4613 2254 4674; x_wconf 89' lang='lat' dir='ltr'>quanto</span> <span class='ocrx_word' id='word_1_729' title='bbox 2271 4608 2522 4659; x_wconf 82' lang='lat' dir='ltr'>videritis</span> <span class='ocrx_word' id='word_1_730' title='bbox 2555 4606 3004 4673; x_wconf 80' lang='lat' dir='ltr'>appropinquare</span> <span class='ocrx_word' id='word_1_731' title='bbox 3023 4603 3165 4655; x_wconf 83' lang='lat' dir='ltr'>diem</span> <span class='ocrx_word' id='word_1_732' title='bbox 3183 4598 3402 4671; x_wconf 87' lang='lat' dir='ltr'>judicii,</span> 
     </span>
    </p>
   </div>
   <div class='ocr_carea' id='block_1_55' title="bbox 162 4686 3404 4766">
    <p class='ocr_par' dir='ltr' id='par_1_55' title="bbox 162 4686 3404 4766">
     <span class='ocr_line' id='line_1_55' title="bbox 162 4686 3404 4766; baseline 0.002 -28"><span class='ocrx_word' id='word_1_733' title='bbox 162 4692 480 4757; x_wconf 85' lang='lat' dir='ltr'>resurrectio,</span> <span class='ocrx_word' id='word_1_734' title='bbox 501 4693 878 4762; x_wconf 84' lang='lat' dir='ltr'>quorumdam</span> <span class='ocrx_word' id='word_1_735' title='bbox 909 4710 1038 4745; x_wconf 87' lang='lat' dir='ltr'>vero</span> <span class='ocrx_word' id='word_1_736' title='bbox 1068 4709 1200 4755; x_wconf 88' lang='lat' dir='ltr'>non,</span> <span class='ocrx_word' id='word_1_737' title='bbox 1221 4694 1315 4747; x_wconf 90' lang='lat' dir='ltr'>sed</span> <span class='ocrx_word' id='word_1_738' title='bbox 1340 4710 1468 4747; x_wconf 90' lang='lat' dir='ltr'>vera</span> <span class='ocrx_word' id='word_1_739' title='bbox 1494 4696 1619 4750; x_wconf 87' lang='lat' dir='ltr'>ﬁdei</span> <span class='ocrx_word' id='word_1_740' title='bbox 1634 4696 1726 4751; x_wconf 91' lang='lat' dir='ltr'>de-</span> <span class='ocrx_word' id='word_1_741' title='bbox 1806 4694 1862 4748; x_wconf 92' lang='lat' dir='ltr'>in</span> <span class='ocrx_word' id='word_1_742' title='bbox 1882 4710 1992 4766; x_wconf 91' lang='lat' dir='ltr'>quo</span> <span class='ocrx_word' id='word_1_743' title='bbox 2013 4695 2362 4766; x_wconf 87' lang='lat' dir='ltr'>singulorum</span> <span class='ocrx_word' id='word_1_744' title='bbox 2383 4693 2583 4748; x_wconf 88' lang='lat' dir='ltr'>merita</span> <span class='ocrx_word' id='word_1_745' title='bbox 2604 4692 3094 4755; x_wconf 85' lang='lat' dir='ltr'>examinabuntur,</span> <span class='ocrx_word' id='word_1_746' title='bbox 3125 4686 3404 4753; x_wconf 82' lang='lat' dir='ltr'>vel‘etiam</span> 
     </span>
    </p>
   </div>
   <div class='ocr_carea' id='block_1_56' title="bbox 160 4770 3403 4857">
    <p class='ocr_par' dir='ltr' id='par_1_56' title="bbox 160 4770 3403 4857">
     <span class='ocr_line' id='line_1_56' title="bbox 160 4770 3403 4857; baseline 0.001 -27"><span class='ocrx_word' id='word_1_747' title='bbox 160 4770 328 4831; x_wconf 79' lang='lat' dir='ltr'>bemus</span> <span class='ocrx_word' id='word_1_748' title='bbox 353 4781 578 4835; x_wconf 86' lang='lat' dir='ltr'>credere</span> <span class='ocrx_word' id='word_1_749' title='bbox 608 4797 799 4835; x_wconf 88' lang='lat' dir='ltr'>omnes</span> <span class='ocrx_word' id='word_1_750' title='bbox 834 4782 1089 4836; x_wconf 85' lang='lat' dir='ltr'>homines</span> <span class='ocrx_word' id='word_1_751' title='bbox 1118 4788 1534 4838; x_wconf 87' lang='lat' dir='ltr'>resurrecturos</span> <span class='ocrx_word' id='word_1_752' title='bbox 1559 4802 1722 4857; x_wconf 83' lang='lat' dir='ltr'>quos-</span> <span class='ocrx_word' id='word_1_753' title='bbox 1806 4788 2120 4838; x_wconf 86' lang='lat' dir='ltr'>extremum</span> <span class='ocrx_word' id='word_1_754' title='bbox 2167 4783 2317 4837; x_wconf 91' lang='lat' dir='ltr'>diem</span> <span class='ocrx_word' id='word_1_755' title='bbox 2370 4782 2492 4837; x_wconf 67' lang='lat' dir='ltr'>vita:</span> <span class='ocrx_word' id='word_1_756' title='bbox 2535 4787 2761 4835; x_wconf 62' lang='lat' dir='ltr'>nostrae.</span> <span class='ocrx_word' id='word_1_757' title='bbox 2814 4779 2962 4834; x_wconf 85' lang='lat' dir='ltr'>Dicit</span> <span class='ocrx_word' id='word_1_758' title='bbox 3004 4778 3155 4833; x_wconf 88' lang='lat' dir='ltr'>enim</span> <span class='ocrx_word' id='word_1_759' title='bbox 3198 4778 3307 4833; x_wconf 90' lang='lat' dir='ltr'>alio</span> <span class='ocrx_word' id='word_1_760' title='bbox 3345 4777 3403 4833; x_wconf 90' lang='lat' dir='ltr'>in</span> 
     </span>
    </p>
   </div>
   <div class='ocr_carea' id='block_1_57' title="bbox 162 4861 3396 4943">
    <p class='ocr_par' dir='ltr' id='par_1_57' title="bbox 162 4861 3396 4943">
     <span class='ocr_line' id='line_1_57' title="bbox 162 4861 3396 4943; baseline 0.002 -25"><span class='ocrx_word' id='word_1_761' title='bbox 162 4861 268 4919; x_wconf 86' lang='lat' dir='ltr'>dam</span> <span class='ocrx_word' id='word_1_762' title='bbox 295 4868 359 4921; x_wconf 89' lang='lat' dir='ltr'>ad</span> <span class='ocrx_word' id='word_1_763' title='bbox 386 4870 642 4939; x_wconf 75' lang='lat' dir='ltr'>gloriam,</span> <span class='ocrx_word' id='word_1_764' title='bbox 679 4870 947 4940; x_wconf 90' lang='lat' dir='ltr'>quosdam</span> <span class='ocrx_word' id='word_1_765' title='bbox 978 4876 1169 4925; x_wconf 90' lang='lat' dir='ltr'>autem</span> <span class='ocrx_word' id='word_1_766' title='bbox 1198 4871 1267 4925; x_wconf 90' lang='lat' dir='ltr'>ad</span> <span class='ocrx_word' id='word_1_767' title='bbox 1298 4889 1541 4943; x_wconf 69' lang='lat' dir='ltr'>poenam.</span> <span class='ocrx_word' id='word_1_768' title='bbox 1574 4874 1715 4929; x_wconf 87' lang='lat' dir='ltr'>Nam</span> <span class='ocrx_word' id='word_1_769' title='bbox 1802 4873 1952 4927; x_wconf 91' lang='lat' dir='ltr'>loco:</span> <span class='ocrx_word' id='word_1_770' title='bbox 1981 4874 2139 4928; x_wconf 83' lang='lat' dir='ltr'>Nihil</span> <span class='ocrx_word' id='word_1_771' title='bbox 2159 4874 2387 4925; x_wconf 84' lang='lat' dir='ltr'>solliciti</span> <span class='ocrx_word' id='word_1_772' title='bbox 2415 4874 2554 4935; x_wconf 84' lang='lat' dir='ltr'>sitis,</span> <span class='ocrx_word' id='word_1_773' title='bbox 2581 4870 2849 4925; x_wconf 82' lang='lat' dir='ltr'>Dominus</span> <span class='ocrx_word' id='word_1_774' title='bbox 2876 4883 3043 4937; x_wconf 82' lang='lat' dir='ltr'>prope</span> <span class='ocrx_word' id='word_1_775' title='bbox 3070 4873 3145 4921; x_wconf 87' lang='lat' dir='ltr'>est</span> <span class='ocrx_word' id='word_1_776' title='bbox 3163 4868 3396 4940; x_wconf 78' lang='lat' dir='ltr'>(Philip.</span> 
     </span>
    </p>
   </div>
   <div class='ocr_carea' id='block_1_58' title="bbox 162 4949 3353 5031">
    <p class='ocr_par' dir='ltr' id='par_1_58' title="bbox 162 4949 3353 5031">
     <span class='ocr_line' id='line_1_58' title="bbox 162 4949 3353 5031; baseline 0.009 -30"><span class='ocrx_word' id='word_1_777' title='bbox 162 4949 202 5002; x_wconf 84' lang='lat' dir='ltr'>si</span> <span class='ocrx_word' id='word_1_778' title='bbox 222 4953 332 5022; x_wconf 89' lang='lat' dir='ltr'>quis</span> <span class='ocrx_word' id='word_1_779' title='bbox 365 4955 432 5010; x_wconf 89' lang='lat' dir='ltr'>de</span> <span class='ocrx_word' id='word_1_780' title='bbox 480 4956 583 5010; x_wconf 92' lang='lat' dir='ltr'>hoc</span> <span class='ocrx_word' id='word_1_781' title='bbox 608 4956 851 5020; x_wconf 73' lang='lat' dir='ltr'>haesitat,</span> <span class='ocrx_word' id='word_1_782' title='bbox 894 4974 1006 5011; x_wconf 88' lang='lat' dir='ltr'>non</span> <span class='ocrx_word' id='word_1_783' title='bbox 1048 4958 1218 5012; x_wconf 89' lang='lat' dir='ltr'>habet</span> <span class='ocrx_word' id='word_1_784' title='bbox 1243 4974 1431 5013; x_wconf 79' lang='lat' dir='ltr'>veram</span> <span class='ocrx_word' id='word_1_785' title='bbox 1465 4961 1719 5031; x_wconf 88' lang='lat' dir='ltr'>plenam—</span> <span class='ocrx_word' id='word_1_786' title='bbox 1800 4968 1892 5025; x_wconf 78' lang='lat' dir='ltr'>Iv).</span> <span class='ocrx_word' id='word_1_787' title='bbox 3348 4950 3353 4955; x_wconf 27' lang='grc'><strong>⁵</strong></span> 
     </span>
    </p>
   </div>
   <div class='ocr_carea' id='block_1_59' title="bbox 164 5041 3405 5120">
    <p class='ocr_par' dir='ltr' id='par_1_59' title="bbox 164 5041 3405 5120">
     <span class='ocr_line' id='line_1_59' title="bbox 164 5041 3405 5120; baseline 0.005 -30"><span class='ocrx_word' id='word_1_788' title='bbox 164 5052 254 5109; x_wconf 86' lang='lat' dir='ltr'>que</span> <span class='ocrx_word' id='word_1_789' title='bbox 278 5041 451 5099; x_wconf 82' lang='lat' dir='ltr'>ﬁdem.</span> <span class='ocrx_word' id='word_1_790' title='bbox 473 5045 667 5099; x_wconf 89' lang='lat' dir='ltr'>Potest</span> <span class='ocrx_word' id='word_1_791' title='bbox 687 5051 744 5099; x_wconf 91' lang='lat' dir='ltr'>et</span> <span class='ocrx_word' id='word_1_792' title='bbox 772 5046 936 5100; x_wconf 88' lang='lat' dir='ltr'>aliter</span> <span class='ocrx_word' id='word_1_793' title='bbox 960 5046 1196 5118; x_wconf 88' lang='lat' dir='ltr'>intelligi</span> <span class='ocrx_word' id='word_1_794' title='bbox 1221 5068 1232 5102; x_wconf 91' lang='lat'><strong>:</strong></span> <span class='ocrx_word' id='word_1_795' title='bbox 1265 5049 1440 5101; x_wconf 86' lang='lat' dir='ltr'>Plena</span> <span class='ocrx_word' id='word_1_796' title='bbox 1469 5049 1608 5104; x_wconf 87' lang='lat' dir='ltr'>ﬁdes</span> <span class='ocrx_word' id='word_1_797' title='bbox 1636 5056 1722 5104; x_wconf 86' lang='lat' dir='ltr'>est</span> <span class='ocrx_word' id='word_1_798' title='bbox 1878 5054 2193 5106; x_wconf 84' lang='lat' dir='ltr'>Voluntarie</span> <span class='ocrx_word' id='word_1_799' title='bbox 2205 5053 2354 5103; x_wconf 82' lang='lat' dir='ltr'>enim</span> <span class='ocrx_word' id='word_1_800' title='bbox 2368 5049 2713 5120; x_wconf 82' lang='lat' dir='ltr'>peccantibus</span> <span class='ocrx_word' id='word_1_801' title='bbox 2729 5048 2881 5101; x_wconf 83' lang='lat' dir='ltr'>nobis</span> <span class='ocrx_word' id='word_1_802' title='bbox 2886 5053 3007 5118; x_wconf 85' lang='lat' dir='ltr'>post</span> <span class='ocrx_word' id='word_1_803' title='bbox 3022 5054 3297 5117; x_wconf 84' lang='lat' dir='ltr'>acceptam</span> <span class='ocrx_word' id='word_1_804' title='bbox 3313 5066 3405 5105; x_wconf 87' lang='lat' dir='ltr'>no-</span> 
     </span>
    </p>
   </div>
   <div class='ocr_carea' id='block_1_60' title="bbox 165 5133 3405 5210">
    <p class='ocr_par' dir='ltr' id='par_1_60' title="bbox 165 5133 3405 5210">
     <span class='ocr_line' id='line_1_60' title="bbox 165 5133 3405 5210; baseline 0.004 -29"><span class='ocrx_word' id='word_1_805' title='bbox 165 5141 267 5195; x_wconf 76' lang='lat' dir='ltr'>qnae</span> <span class='ocrx_word' id='word_1_806' title='bbox 287 5133 587 5210; x_wconf 89' lang='lat' dir='ltr'>concipitur</span> <span class='ocrx_word' id='word_1_807' title='bbox 612 5134 797 5199; x_wconf 87' lang='lat' dir='ltr'>corde,</span> <span class='ocrx_word' id='word_1_808' title='bbox 821 5137 1119 5190; x_wconf 89' lang='lat' dir='ltr'>conﬁtetur</span> <span class='ocrx_word' id='word_1_809' title='bbox 1143 5153 1238 5190; x_wconf 88' lang='lat' dir='ltr'>ore</span> <span class='ocrx_word' id='word_1_810' title='bbox 1260 5141 1317 5190; x_wconf 90' lang='lat' dir='ltr'>et</span> <span class='ocrx_word' id='word_1_811' title='bbox 1339 5137 1600 5208; x_wconf 84' lang='lat' dir='ltr'>operibus</span> <span class='ocrx_word' id='word_1_812' title='bbox 1620 5138 1719 5193; x_wconf 90' lang='lat' dir='ltr'>bo-</span> <span class='ocrx_word' id='word_1_813' title='bbox 1809 5145 1991 5195; x_wconf 84' lang='lat' dir='ltr'>titiam</span> <span class='ocrx_word' id='word_1_814' title='bbox 2018 5142 2285 5203; x_wconf 80' lang='lat' dir='ltr'>veritatis,</span> <span class='ocrx_word' id='word_1_815' title='bbox 2312 5136 2365 5191; x_wconf 91' lang='lat' dir='ltr'>id</span> <span class='ocrx_word' id='word_1_816' title='bbox 2397 5142 2484 5191; x_wconf 88' lang='lat' dir='ltr'>est</span> <span class='ocrx_word' id='word_1_817' title='bbox 2510 5141 2637 5208; x_wconf 92' lang='lat' dir='ltr'>post</span> <span class='ocrx_word' id='word_1_818' title='bbox 2656 5137 2914 5191; x_wconf 88' lang='lat' dir='ltr'>notitiam</span> <span class='ocrx_word' id='word_1_819' title='bbox 2932 5153 3080 5191; x_wconf 73' lang='lat' dir='ltr'>vera:</span> <span class='ocrx_word' id='word_1_820' title='bbox 3108 5137 3260 5195; x_wconf 85' lang='lat' dir='ltr'>ﬁdei.</span> <span class='ocrx_word' id='word_1_821' title='bbox 3279 5154 3405 5207; x_wconf 80' lang='lat' dir='ltr'>gra-</span> 
     </span>
    </p>
   </div>
   <div class='ocr_carea' id='block_1_61' title="bbox 164 5214 3403 5300">
    <p class='ocr_par' dir='ltr' id='par_1_61' title="bbox 164 5214 3403 5300">
     <span class='ocr_line' id='line_1_61' title="bbox 164 5214 3403 5300; baseline 0.004 -32"><span class='ocrx_word' id='word_1_822' title='bbox 164 5214 237 5268; x_wconf 86' lang='lat' dir='ltr'>nis</span> <span class='ocrx_word' id='word_1_823' title='bbox 262 5227 566 5281; x_wconf 81' lang='lat' dir='ltr'>exornatur.</span> <span class='ocrx_word' id='word_1_824' title='bbox 597 5225 715 5278; x_wconf 89' lang='lat' dir='ltr'>Hac</span> <span class='ocrx_word' id='word_1_825' title='bbox 743 5224 852 5279; x_wconf 87' lang='lat' dir='ltr'>ﬁde</span> <span class='ocrx_word' id='word_1_826' title='bbox 897 5226 1275 5280; x_wconf 77' lang='lat' dir='ltr'>accedendum</span> <span class='ocrx_word' id='word_1_827' title='bbox 1309 5234 1392 5280; x_wconf 86' lang='lat' dir='ltr'>est</span> <span class='ocrx_word' id='word_1_828' title='bbox 1419 5227 1487 5280; x_wconf 87' lang='lat' dir='ltr'>ad</span> <span class='ocrx_word' id='word_1_829' title='bbox 1521 5228 1719 5292; x_wconf 88' lang='lat' dir='ltr'>Deum,</span> <span class='ocrx_word' id='word_1_830' title='bbox 1807 5231 2008 5300; x_wconf 74' lang='lat' dir='ltr'>timque</span> <span class='ocrx_word' id='word_1_831' title='bbox 2024 5226 2398 5300; x_wconf 87' lang='lat' dir='ltr'>baptismatis,</span> <span class='ocrx_word' id='word_1_832' title='bbox 2418 5230 2541 5291; x_wconf 69' lang='lat' dir='ltr'>jam</span> <span class='ocrx_word' id='word_1_833' title='bbox 2559 5242 2665 5280; x_wconf 88' lang='lat' dir='ltr'>non</span> <span class='ocrx_word' id='word_1_834' title='bbox 2688 5228 3038 5295; x_wconf 86' lang='lat' dir='ltr'>relinquitur</span> <span class='ocrx_word' id='word_1_835' title='bbox 3054 5238 3156 5297; x_wconf 83' lang='lat' dir='ltr'>pro</span> <span class='ocrx_word' id='word_1_836' title='bbox 3171 5226 3403 5296; x_wconf 79' lang='lat' dir='ltr'>peccatis</span> 
     </span>
    </p>
   </div>
   <div class='ocr_carea' id='block_1_62' title="bbox 166 5304 3403 5388">
    <p class='ocr_par' dir='ltr' id='par_1_62' title="bbox 166 5304 3403 5388">
     <span class='ocr_line' id='line_1_62' title="bbox 166 5304 3403 5388; baseline 0.004 -33"><span class='ocrx_word' id='word_1_837' title='bbox 166 5304 447 5379; x_wconf 88' lang='lat' dir='ltr'>quicunque</span> <span class='ocrx_word' id='word_1_838' title='bbox 465 5313 581 5367; x_wconf 90' lang='lat' dir='ltr'>vult</span> <span class='ocrx_word' id='word_1_839' title='bbox 602 5312 893 5367; x_wconf 89' lang='lat' dir='ltr'>introitum</span> <span class='ocrx_word' id='word_1_840' title='bbox 907 5314 1100 5386; x_wconf 65' lang='lat' dir='ltr'>patriae</span> <span class='ocrx_word' id='word_1_841' title='bbox 1122 5315 1363 5369; x_wconf 70' lang='lat' dir='ltr'>cmlestis</span> <span class='ocrx_word' id='word_1_842' title='bbox 1383 5315 1487 5369; x_wconf 91' lang='lat' dir='ltr'>sibi</span> <span class='ocrx_word' id='word_1_843' title='bbox 1512 5332 1721 5371; x_wconf 87' lang='lat' dir='ltr'>resera-</span> <span class='ocrx_word' id='word_1_844' title='bbox 1806 5319 1999 5373; x_wconf 85' lang='lat' dir='ltr'>hostia.</span> <span class='ocrx_word' id='word_1_845' title='bbox 2024 5320 2231 5388; x_wconf 85' lang='lat' dir='ltr'>Sp&#39;onte</span> <span class='ocrx_word' id='word_1_846' title='bbox 2252 5314 2608 5387; x_wconf 85' lang='lat' dir='ltr'>peccantibus</span> <span class='ocrx_word' id='word_1_847' title='bbox 2635 5316 2795 5371; x_wconf 89' lang='lat' dir='ltr'>nobis</span> <span class='ocrx_word' id='word_1_848' title='bbox 2825 5321 2881 5373; x_wconf 85' lang='lat' dir='ltr'>et</span> <span class='ocrx_word' id='word_1_849' title='bbox 2909 5315 3217 5372; x_wconf 89' lang='lat' dir='ltr'>deliberate</span> <span class='ocrx_word' id='word_1_850' title='bbox 3246 5321 3403 5386; x_wconf 85' lang='lat' dir='ltr'>post-</span> 
     </span>
    </p>
   </div>
   <div class='ocr_carea' id='block_1_63' title="bbox 165 5390 3397 5479">
    <p class='ocr_par' dir='ltr' id='par_1_63' title="bbox 165 5390 3397 5479">
     <span class='ocr_line' id='line_1_63' title="bbox 165 5390 3397 5479; baseline 0.003 -36"><span class='ocrx_word' id='word_1_851' title='bbox 165 5390 223 5444; x_wconf 86' lang='lat' dir='ltr'>ri.</span> <span class='ocrx_word' id='word_1_852' title='bbox 252 5394 471 5453; x_wconf 89' lang='lat' dir='ltr'>Necesse</span> <span class='ocrx_word' id='word_1_853' title='bbox 502 5408 585 5456; x_wconf 89' lang='lat' dir='ltr'>est</span> <span class='ocrx_word' id='word_1_854' title='bbox 626 5404 794 5457; x_wconf 87' lang='lat' dir='ltr'>etiam</span> <span class='ocrx_word' id='word_1_855' title='bbox 828 5409 889 5457; x_wconf 91' lang='lat' dir='ltr'>ut</span> <span class='ocrx_word' id='word_1_856' title='bbox 939 5403 1052 5458; x_wconf 90' lang='lat' dir='ltr'>sint</span> <span class='ocrx_word' id='word_1_857' title='bbox 1079 5405 1293 5475; x_wconf 91' lang='lat' dir='ltr'>aspersi</span> <span class='ocrx_word' id='word_1_858' title='bbox 1325 5404 1494 5461; x_wconf 88' lang='lat' dir='ltr'>corda</span> <span class='ocrx_word' id='word_1_859' title='bbox 1521 5422 1555 5457; x_wconf 88' lang='lat' dir='ltr'>a</span> <span class='ocrx_word' id='word_1_860' title='bbox 1584 5422 1719 5459; x_wconf 88' lang='lat' dir='ltr'>con-</span> <span class='ocrx_word' id='word_1_861' title='bbox 1804 5423 1969 5479; x_wconf 89' lang='lat' dir='ltr'>quam</span> <span class='ocrx_word' id='word_1_862' title='bbox 1994 5405 2308 5477; x_wconf 85' lang='lat' dir='ltr'>accepimus</span> <span class='ocrx_word' id='word_1_863' title='bbox 2330 5406 2675 5476; x_wconf 86' lang='lat' dir='ltr'>agnitionem</span> <span class='ocrx_word' id='word_1_864' title='bbox 2692 5412 2833 5459; x_wconf 69' lang='lat' dir='ltr'>verre</span> <span class='ocrx_word' id='word_1_865' title='bbox 2853 5405 3001 5472; x_wconf 89' lang='lat' dir='ltr'>ﬁdei,</span> <span class='ocrx_word' id='word_1_866' title='bbox 3026 5412 3084 5459; x_wconf 84' lang='lat' dir='ltr'>et</span> <span class='ocrx_word' id='word_1_867' title='bbox 3104 5411 3397 5479; x_wconf 87' lang='lat' dir='ltr'>postquam</span> 
     </span>
    </p>
   </div>
   <div class='ocr_carea' id='block_1_64' title="bbox 166 5478 3397 5567">
    <p class='ocr_par' dir='ltr' id='par_1_64' title="bbox 166 5478 3397 5567">
     <span class='ocr_line' id='line_1_64' title="bbox 166 5478 3397 5567; baseline 0.003 -33"><span class='ocrx_word' id='word_1_868' title='bbox 166 5480 370 5540; x_wconf 82' lang='lat' dir='ltr'>scientia</span> <span class='ocrx_word' id='word_1_869' title='bbox 383 5490 545 5556; x_wconf 83' lang='lat' dir='ltr'>mala,</span> <span class='ocrx_word' id='word_1_870' title='bbox 564 5491 620 5547; x_wconf 90' lang='lat' dir='ltr'>id</span> <span class='ocrx_word' id='word_1_871' title='bbox 635 5498 721 5546; x_wconf 86' lang='lat' dir='ltr'>est</span> <span class='ocrx_word' id='word_1_872' title='bbox 741 5492 995 5548; x_wconf 80' lang='lat' dir='ltr'>mandati</span> <span class='ocrx_word' id='word_1_873' title='bbox 1010 5504 1111 5567; x_wconf 89' lang='lat' dir='ltr'>per</span> <span class='ocrx_word' id='word_1_874' title='bbox 1123 5495 1292 5549; x_wconf 90' lang='lat' dir='ltr'>corda</span> <span class='ocrx_word' id='word_1_875' title='bbox 1314 5496 1430 5549; x_wconf 90' lang='lat' dir='ltr'>sive</span> <span class='ocrx_word' id='word_1_876' title='bbox 1448 5496 1721 5551; x_wconf 88' lang='lat' dir='ltr'>mundata</span> <span class='ocrx_word' id='word_1_877' title='bbox 1804 5478 2059 5550; x_wconf 85' lang='lat' dir='ltr'>mundati</span> <span class='ocrx_word' id='word_1_878' title='bbox 2080 5510 2275 5549; x_wconf 89' lang='lat' dir='ltr'>sumus</span> <span class='ocrx_word' id='word_1_879' title='bbox 2304 5494 2363 5548; x_wconf 91' lang='lat' dir='ltr'>in</span> <span class='ocrx_word' id='word_1_880' title='bbox 2382 5484 2739 5566; x_wconf 86' lang='lat' dir='ltr'>baptismate,</span> <span class='ocrx_word' id='word_1_881' title='bbox 2762 5511 2876 5550; x_wconf 91' lang='lat' dir='ltr'>non</span> <span class='ocrx_word' id='word_1_882' title='bbox 2900 5478 3217 5549; x_wconf 84' lang='lat' dir='ltr'>reservatur</span> <span class='ocrx_word' id='word_1_883' title='bbox 3236 5487 3397 5543; x_wconf 84' lang='lat' dir='ltr'>nobis</span> 
     </span>
    </p>
   </div>
  </div>
