3992 6166
556 231 662 291 895

970 235 1347 290 HAYMONIS
1387 235 1871 293 HALBERSTAT.
1919 233 2145 289 EPISC.
2192 230 2348 284 OPP.
2394 216 2595 283 PARS.
2642 232 2683 285 l.
2729 261 2782 270 -
2823 229 3187 283 COMMENT.
3228 224 3401 283 BlBL.

3668 230 3753 285 896

526 410 532 417 ,
558 358 710 413 ultra
724 358 904 413 hostia
928 374 1029 431 pro
1042 365 1286 430 peccato,
1301 374 1424 429 qum
1445 374 1544 429 pro
1566 358 1727 413 nobis
1739 359 2070 422 offerantur,
2082 356 2153 411 si-
2168 357 2214 415 Α
2236 369 2339 426 per
2362 354 2565 409 Filium
2586 354 2719 409 data
2739 370 2912 425 quam
2932 354 3019 408 lex
3042 370 3141 426 per
3168 368 3381 407 servum
3402 354 3753 423 administrata,

558 451 655 500 cut
670 447 729 500 in
751 447 923 501 veteri
942 448 1066 517 lege
1084 447 1353 501 donatum
1372 452 1475 512 est,
1499 447 1711 502 hostias
1732 449 1935 518 saepius
1954 447 2153 501 offerre

558 551 660 605 pro
680 536 941 606 peccatis.
966 537 1160 606 Neque
1180 537 1329 590 enim
1348 534 1607 591 Christus
1627 536 1721 605 qui
1750 544 1835 590 est
1857 536 2037 591 hostia
2061 553 2157 590 no-

560 629 699 686 stra,
731 622 936 679 iterum
965 624 1341 679 immolandus
1373 629 1461 677 est
1487 641 1588 695 pro
1623 625 1863 696 peccatis
1894 626 2101 680 nostris
2138 643 2150 678 :

559 710 665 765 hoc
690 712 841 766 enim
888 713 1060 767 semel
1102 713 1337 780 factum,
1370 719 1427 767 et
1466 713 1709 767 secundo
1738 730 1878 784 apus
1907 730 2018 768 non
2049 719 2152 778 est,

558 798 658 853 sed
688 800 869 871 magis
898 817 1038 871 opus
1068 805 1154 855 est
1189 806 1316 873 post
1344 807 1630 872 acceptam
1659 802 1903 872 gratiam
1934 818 2154 873 perma-

559 902 696 942 nere
723 887 783 942 in
825 888 935 942 fide
972 893 1144 956 recta,
1177 895 1235 944 et
1276 889 1555 944 munditia
1582 889 1855 945 bonorum
1887 906 2147 962 operum.

560 976 868 1032 Mundatus
882 994 942 1033 es
961 977 1019 1032 in
1036 976 1395 1050 baptismate,
1414 978 1685 1034 liberatus
1706 996 1765 1034 es
1779 995 1814 1034 a
1832 978 2160 1034 criminibus

561 1065 935 1136 omnibusque
965 1066 1224 1137 peccatis,
1252 1066 1545 1138 factusque
1572 1084 1632 1121 es
1655 1068 1830 1121 Filius
1852 1066 1973 1122 Dei.
2005 1067 2060 1123 Si
2088 1068 2159 1121 ad

562 1153 807 1224 primum
838 1155 1109 1209 vomitum
1157 1171 1413 1209 reversus
1456 1155 1651 1217 fueris,
1677 1156 2072 1225 gravissimum
2103 1163 2158 1209 te

2237 448 2394 496 tanto
2420 444 2628 512 majora
2645 443 2954 498 merebitur
2971 442 3257 513 supplicia,
3275 441 3369 513 qui
3383 441 3636 495 Christum
3657 459 3755 498 con-

2236 531 2552 584 culcaverit.
2578 531 2684 585 Sed
2708 530 2989 602 quomodo
3009 545 3301 601 possumus
3324 529 3471 583 illum
3490 531 3755 585 conculcare

2239 620 2335 690 qui
2349 620 2408 673 in
2427 620 2656 673 dextera
2671 620 2770 674 Dei
2794 618 2981 673 Patris
3000 618 3093 673 sed
3101 624 3173 683 et,
3188 618 3427 671 elevatus
3442 633 3595 688 super
3607 634 3755 671 omnes

2237 708 2439 763 caelos?
2459 708 2601 763 Dum
2617 709 2765 763 enim
2786 712 3062 779 praecepta
3083 706 3232 760 illius
3246 722 3342 775 pro
3358 705 3520 759 nihilo
3534 705 3752 769 ducimus,

2222 797 2608 867 “dedignantes
2635 812 2703 851 ea
2733 797 2990 868 implere,
3016 802 3151 850 tunc
3169 795 3361 866 utique
3389 811 3508 849 eum
3531 795 3757 849 conculca-

2239 902 2387 941 mus.
2418 886 2576 942 Sicut
2598 885 2749 940 enim
2780 902 2848 940 ea
2868 902 2990 956 quae
3010 884 3393 939 conculcamus
3413 899 3506 954 pro
3524 882 3672 938 nihilo
3687 883 3756 937 du-

2239 975 2440 1042 cimus,
2474 979 2532 1031 et
2567 975 2778 1029 nullius
2796 973 3045 1038 honoris,
3068 973 3148 1027 sic
3170 978 3226 1027 et
3254 971 3348 1043 qui
3374 970 3539 1026 libere
3560 977 3755 1042 peccant,

2241 1062 2453 1135 absque
2478 1064 2683 1119 timore
2711 1068 2769 1117 et
2793 1062 3004 1133 absque
3024 1061 3371 1134 pcenitentia,
3396 1059 3650 1114 Christum
3666 1075 3757 1115 con-

2239 1154 2479 1220 culcant,
2502 1153 2617 1208 sive
2635 1158 3023 1213 contemnunt,
3043 1157 3213 1222 atque
3232 1149 3553 1221 despiciunt,
3572 1165 3758 1220 eumque

561 1248 845 1312 exspectat
852 1243 1148 1311 judicium,
1165 1243 1310 1296 sicut
1328 1243 1619 1314 sequentia
1641 1243 2025 1310 manifestant,
2049 1244 2158 1298 nisi
2233 1243 2481 1313 judicem
2505 1242 2754 1296 futurum
2777 1241 3010 1295 minime
3033 1239 3358 1295 formidant.
3380 1237 3476 1292 Vel
3496 1244 3628 1292 certe
3643 1236 3759 1292 Chri-

562 1345 663 1400 per
690 1330 919 1399 dignam
952 1330 1344 1401 paenitentiam
1376 1336 1666 1385 revocatus
1698 1331 1889 1385 fueris.
1925 1332 2025 1386 [Iis
2053 1349 2159 1387 au-
2240 1337 2390 1385 stum
2441 1331 2749 1394 conculcat,
2795 1328 3114 1400 quicunque
3159 1343 3362 1398 corpus
3404 1326 3545 1381 illius
3586 1326 3759 1395 indigne

560 1423 676 1471 tem
708 1416 890 1471 verbis
920 1434 1032 1471 non
1055 1418 1439 1489 paenitentiam
1471 1418 1731 1486 excludit,
1765 1436 1947 1491 neque
1977 1420 2160 1492 prapi-
2239 1419 2491 1491 percipit.
2532 1419 2656 1473 Sive
2688 1421 2770 1487 (ut
2822 1417 2991 1472 tertio
3032 1417 3200 1471 modo
3240 1414 3510 1483 dicamus)
3534 1413 3759 1469 Christum

561 1504 854 1559 tiationem
885 1522 1007 1576 quae
1038 1507 1113 1561 sit
1140 1524 1240 1578 per
1283 1506 1622 1578 paenitentiae
1666 1508 2154 1574 medicamentum,
2239 1509 2546 1574 conculcet,
2593 1507 2689 1578 qui
2719 1507 2865 1562 male
2893 1506 3126 1560 vivendo
3154 1505 3225 1559 de
3262 1503 3601 1559 tabernaculo
3623 1503 3761 1557 cordis

561 1591 660 1648 sed
709 1594 1016 1648 secundum
1071 1596 1356 1650 lavacrum
1407 1595 1671 1666 baptismi
1724 1596 1986 1650 excludit.
2034 1597 2215 1667 Νοῐι⁵
2240 1597 2327 1651 sui
2357 1613 2486 1652 eum
2519 1596 2763 1667 expellit,
2796 1596 2891 1666 qui
2940 1594 3081 1649 dixit
3115 1609 3126 1642 :
3170 1594 3486 1648 Inhabitabo
3526 1594 3581 1644 in
3610 1594 3700 1646 illis
3726 1596 3761 1643 et

561 1680 711 1735 enim
744 1682 824 1735 ita
850 1687 936 1736 est
962 1682 1225 1738 inimicus
1242 1684 1442 1738 salutis
1463 1660 1685 1748 nostrae,
1714 1689 1779 1739 ut
1795 1684 2024 1749 diceret,
2043 1701 2157 1739 non
2176 1660 2220 1719 Β
2237 1660 2601 1740 inambulabo
2632 1660 2832 1755 (Leuit.-
2847 1691 3021 1748 xxvi).
3046 1680 3394 1753 Sanguinem
3418 1695 3616 1752 quoque
3637 1682 3764 1732 testa-

562 1774 649 1824 est
688 1770 839 1824 ultra
879 1771 1229 1841 pmnitentia,
1268 1788 1451 1844 neque
1493 1779 1849 1844 peccatorum
1878 1774 2154 1841 remissio,
2238 1774 2413 1829 menti
2446 1773 2722 1845 pollutum
2742 1772 2916 1839 ducit,
2941 1771 3076 1837 sive,
3097 1776 3162 1825 ut
3190 1770 3247 1824 in
3280 1767 3538 1839 Gregorio
3559 1766 3763 1836 habetur,

560 1857 661 1913 sed
692 1858 894 1926 hostia,
917 1859 1122 1931 inquit,
1146 1861 1298 1915 ultra
1327 1877 1438 1915 non
1460 1867 1563 1925 est,
1595 1862 1701 1916 hoc
1720 1868 1823 1927 est,
1846 1879 1980 1917 crux
2006 1863 2158 1917 ultra
2236 1878 2592 1918 communem
2605 1859 3209 1930 siveimmundum.qui
3221 1857 3539 1929 sanguinem
3550 1854 3764 1928 passionis

561 1961 675 2000 non
696 1952 784 2000 est
808 1948 1055 2002 secunda
1071 1954 1133 2003 ut
1153 1949 1360 2003 iterum
1384 1950 1641 2004 Christus
1655 1950 2032 2022 cruciﬁgatur,
2055 1953 2157 2007 ite—
2238 1951 2445 2006 Christi
2476 1967 2577 2022 pro
2605 1950 2783 2004 nihilo
2815 1949 2988 2015 ducit,
3020 1964 3131 2020 quo
3168 1948 3574 2002 Testamentum
3598 1945 3763 1999 Novum

560 2048 801 2105 rumque
827 2051 929 2089 nos
959 2034 1323 2107 baptizemur.
1343 2037 1485 2091 Nam
1518 2037 1666 2091 sicut
1695 2038 1953 2092 Christus
1982 2040 2156 2094 semel
2238 2040 2632 2095 conﬁrmatum
2661 2044 2767 2105 est,
2814 2054 2924 2109 quo
2966 2037 3087 2108 ipse
3134 2036 3307 2091 etiam
3347 2034 3681 2090 sanctificatus
3703 2038 3765 2086 est

559 2127 817 2177 mortuus
838 2129 943 2187 est,
965 2129 1022 2178 et
1039 2125 1157 2195 jam
1180 2140 1293 2179 non
1317 2126 1574 2187 moritur,
1604 2125 1686 2180 ita
1707 2142 1808 2180 nos
1829 2128 2001 2182 semel
2024 2127 2158 2199 bap«
2238 2135 2495 2199 tempore
2523 2126 2896 2199 baptismatis.
2932 2126 3058 2180 Alio
3087 2125 3239 2180 enim
3269 2124 3432 2179 modo
3468 2121 3765 2177 nihilominus

557 2209 715 2264 tizati
748 2211 807 2266 in
838 2212 947 2267 fide
976 2213 1174 2267 mortis
1215 2214 1339 2284 ejus
1369 2219 1427 2267 et
1453 2214 1773 2285 sepulturae,
1803 2215 1951 2270 sicut
1976 2218 2156 2286 Apos-
2238 2216 2571 2286 sanguinem
2609 2213 2933 2269 testamenti
2969 2214 3249 2285 pollutum
3271 2214 3490 2277 ducere,
3510 2216 3587 2265 est
3604 2214 3763 2280 myste-

560 2298 710 2353 tolus
734 2300 877 2355 alias
904 2300 1058 2366 dicit,
1081 2302 1394 2373 consepulti
1414 2318 1539 2357 cum
1563 2303 1658 2357 illo
1687 2320 1786 2374 per
1814 2303 2157 2376 baptismum
2239 2305 2385 2359 rium
2407 2303 2698 2375 sanguinis
2709 2303 2918 2358 Christi
2936 2302 3164 2373 indigne
3186 2301 3484 2373 percipere,
3503 2298 3763 2366 nullamque

562 2387 624 2443 in
655 2393 892 2443 mortem
917 2391 1036 2460 jam
1067 2406 1179 2445 non
1209 2407 1507 2461 possumus
1536 2390 1890 2463 rebaptizari.
2240 2392 2615 2447 differentiam
2636 2392 2953 2447 interillum
2971 2397 3030 2445 et
3049 2390 3299 2461 reliquos
3317 2388 3762 2461 potusfacere,cum

625 2477 914 2532 Terribilis
928 2484 1113 2532 autem
1132 2481 1380 2548 quaedam
1398 2483 1933 2549 exspectatiojudicii
1952 2488 2001 2536 et
2012 2485 2160 2551 ignis
2239 2481 2298 2535 in
2318 2482 2415 2535 illo
2431 2481 2813 2535 sanctificatus
2833 2480 2909 2533 sit
2926 2485 3182 2550 tempore
3198 2478 3559 2550 baptismatis,
3572 2481 3620 2529 et
3634 2471 3765 2544 possit

564 2567 844 2620 mnulatio
855 2583 973 2635 qua:
986 2574 1311 2636 consumpta
1321 2584 1384 2622 ra
1401 2569 2164 2625 estadversarios.£mulatio
2245 2570 2417 2624 etiam
2439 2569 2689 2640 quotidie
2714 2567 3071 2630 sanctificari,
3094 2567 3141 2621 si
3166 2567 3337 2637 digne
3359 2564 3637 2637 perceperit
3652 2576 3763 2615 eum.

564 2653 866 2725 aliquando
895 2671 993 2726 pro
1021 2655 1333 2711 imitatione
1360 2656 1609 2727 ponitur,
1637 2658 1939 2729 aliquando
1961 2676 2061 2731 pro
2081 2660 2163 2715 in-
2246 2659 2325 2713 De
2354 2658 2562 2713 talibus
2590 2656 2730 2711 dicit
2764 2657 3064 2726 Apostolus
3098 2678 3109 2708 :
3147 2659 3256 2722 Qui
3295 2656 3577 2708 manducet
3602 2657 3641 2704 et
3669 2650 3764 2701 bibit

564 2742 816 2798 videntis
842 2761 856 2799 :
886 2743 977 2798 hic
1005 2750 1195 2799 autem
1227 2762 1326 2816 pro
1358 2746 1784 2817 consumptione
1825 2753 1883 2801 et
1918 2747 2163 2803 vindicta
2243 2749 2493 2814 indigne,
2516 2748 2801 2815 judicium
2830 2748 2938 2799 sibi
2957 2747 3262 2799 mamlucat
3290 2749 3340 2798 et
3365 2745 3513 2805 bibit,
3544 2756 3635 2793 non
3660 2740 3767 2803 diju-

564 2830 856 2903 accipitur.
876 2832 1076 2887 Terret
1102 2850 1240 2904 ergo
1267 2834 1567 2905 Apostolus
1588 2851 1803 2901 omnes,
1825 2841 1891 2890 ut
1907 2841 2164 2892 metuant
2242 2838 2435 2890 dicans
2461 2850 2655 2903 corpus
2683 2838 2731 2888 et
2760 2837 3093 2902 sanguinem
3123 2835 3356 2888 Domini
3384 2830 3654 2896 (100nm),
3682 2825 3764 2879 sive

562 2925 691 2993 post
733 2919 1000 2991 baptismi
1047 2922 1329 2977 lavacrum
1369 2921 1442 2977 ad
1485 2921 1623 2977 vitia
1661 2922 1859 2991 relabi,
1890 2923 2024 2996 quia
2049 2941 2162 2981 non
2179 2964 2227 2996 η
2245 2924 2570 2978 discernens
2598 2939 2631 2977 a
2659 2922 2891 2993 reliquis
2919 2921 3060 2976 cibis
3089 2927 3145 2975 et
3174 2921 3416 2991 potibus,
3445 2915 3641 2990 spiritui
3664 2929 3768 2984 quo-

563 3014 801 3078 possunt
820 3009 1174 3080 rebaptizari.
1197 3011 1396 3065 Terret
1423 3011 1595 3066 etiam
1626 3019 1691 3066 ut
1718 3012 1766 3066 si
1789 3014 2160 3084 peccaverint,
2179 3001 2228 3028 υ
2245 3029 2354 3084 que
2372 3012 2586 3082 gratiae,
2600 3011 2658 3065 id
2676 3017 2782 3078 est,
2800 3010 3034 3082 Spiritui
3050 3016 3246 3065 sancto
3267 3007 3638 3065 contumeliam
3655 3001 3766 3061 facit.

563 3096 954 3166 paenitentiam
967 3098 1157 3153 statim
1170 3100 1436 3154 studeant
1449 3115 1617 3169 agere
1632 3100 2163 3174 dignam,quoniam
2246 3100 2343 3172 qui
2385 3101 2454 3154 de
2489 3100 2852 3154 tabernaculo
2880 3099 3065 3154 cordis
3092 3098 3181 3153 sui
3216 3098 3364 3152 male
3398 3095 3625 3156 vivendo.
3649 3090 3766 3144 illum

563 3182 882 3256 quicunque
928 3186 1269 3256 paenitentiae
1312 3187 1783 3243 medicamentum
1832 3192 2158 3262 neglexerit,
2244 3189 2413 3260 ejicit,
2433 3189 2519 3243 vel
2541 3188 2637 3259 qui
2657 3204 2770 3243 non
2784 3188 2964 3242 credit
2979 3187 3124 3259 quod
3148 3186 3417 3257 perillum
3440 3185 3494 3239 in
3509 3179 3708 3238 Ecclesia
3724 3177 3768 3231 ﬁt

566 3270 806 3326 vindicta
836 3279 891 3326 et
915 3275 1267 3346 consumptio
1295 3275 1441 3347 ignis
1466 3278 1661 3337 aeterni
1690 3278 1981 3334 devorabit
2010 3296 2159 3335 eum.
2244 3277 2500 3331 remissio
2520 3281 2896 3348 peccatorum,
2914 3276 2997 3330 vel
3021 3280 3170 3330 certe
3192 3276 3291 3346 qui
3310 3268 3766 3345 blasphematillum

564 3360 920 3433 QuaprOpter
939 3363 1406 3436 unusquisquead
1426 3365 1769 3437 pmnitentiaa
1785 3367 1918 3421 dum
1937 3373 2162 3439 tempus
2243 3382 2416 3437 opera
2445 3367 2570 3436 ejus
2597 3364 2945 3434 deneganda,
2980 3371 3039 3419 et
3065 3363 3291 3417 diabolo
3319 3359 3616 3417 tribuendo.
3650 3352 3766 3411 Unde

560 3448 732 3504 habet
759 3451 1234 3507 medicamentum
1276 3453 1582 3526 confugiat,
1632 3471 1704 3509 ne
1752 3455 1867 3526 igni
1902 3457 2164 3512 tradatur
2241 3452 2515 3508 Dominus
2533 3452 2704 3507 dicit:
2730 3454 2839 3520 Qui
2859 3452 3317 3520 blasphemaverit
3336 3454 3399 3505 in
3412 3448 3766 3518 Spiritum,n0n

562 3543 794 3593 aeterno.
2243 3546 2560 3597 remittetur
2589 3544 2640 3595 ei
2668 3557 2840 3609 neque
2878 3544 2940 3594 in
2970 3541 3069 3594 hoc
3102 3543 3318 3605 saeculo,
3357 3554 3520 3609 neque
3545 3539 3599 3589 in
3622 3535 3767 3601 futuro

634 3628 872 3682 Irritam
889 3630 1013 3695 quis
1034 3629 1244 3693 faciens
1260 3632 1426 3697 legem
1446 3631 1642 3699 Moysi,
1657 3632 1777 3684 sine
1795 3632 1914 3685 ulla
1936 3635 2164 3686 misera-
2244 3631 2472 3703 (Matth.
2521 3634 2642 3697 xu).
2684 3629 2792 3693 Qui
2840 3628 3047 3683 idcirco
3094 3628 3331 3699 spiritus
3374 3625 3558 3698 gratiae
3597 3624 3768 3675 vocatur

562 3718 708 3769 tione
735 3717 944 3770 duobus
972 3721 1052 3771 vel
1080 3720 1258 3772 tribus
1287 3721 1531 3786 testibus,
1559 3717 1828 3774 subaudis
1856 3721 2156 3787 convictus,
2246 3719 2334 3773 vel
2375 3718 2509 3789 quia
2544 3734 2647 3789 per
2683 3718 2843 3772 illum
2884 3716 3045 3771 nobis
3079 3717 3263 3787 gratis
3298 3716 3634 3771 dimittuntur
3674 3720 3767 3778 pec-

563 3805 830 3859 πιονίιιιν-
2244 3813 2389 3874 cata,
2433 3807 2520 3862 vel
2569 3815 2721 3861 certe
2759 3806 2892 3877 quia
2941 3804 3040 3859 illo
3093 3804 3464 3860 distribuente
3515 3798 3769 3855 dividuntur

635 3893 851 3960 Quanto
880 3897 1057 3962 magis
1082 3898 1297 3963 putatis
1326 3897 1599 3950 deteriora
1629 3900 1836 3950 mereri
1861 3900 2162 3965 supplicia,
2243 3896 2441 3967 gratiae
2478 3896 2754 3950 donorum
2783 3894 3167 3965 spiritualium
3201 3892 3479 3955 fidelibus,
3518 3903 3638 3960 quas
3666 3885 3771 3977 APO:

561 3984 663 4051 qui
672 3983 880 4036 Filium
899 3984 998 4037 Dei
1014 3987 1412 4039 conculcaverit
1441 3991 1488 4039 et
1509 3989 1839 4053 sanguinem
1857 3989 2166 4040 testamenti
2246 3986 2425 4040 stolus
2446 3988 2871 4050 commemorat,
2898 3982 3090 4036 dicens
3113 3999 3128 4036 :
3154 3981 3221 4036 Et
3239 3983 3351 4036 alii
3372 3981 3577 4048 quidem
3593 3969 3770 4066 persp-1"

554 4071 839 4140 pollutum
860 4072 1081 4126 duxerit
1104 4075 1167 4127 in
1199 4089 1305 4142 quo
1336 4077 1712 4142 sanctiﬁcatus
1735 4080 1830 4136 est,
1856 4079 1904 4128 et
1932 4077 2168 4143 spiritui
2250 4077 2428 4128 ritum
2465 4074 2640 4127 datur
2675 4087 2852 4126 sermo
2908 4073 3211 4139 sapientiae,
3254 4072 3365 4126 alii
3398 4082 3563 4122 sermo
3592 4063 3770 4116 scienti:

558 4162 757 4227 gratia:
779 4162 1173 4213 contumeliam
1202 4161 1434 4226 fecerit?
1461 4161 1573 4215 Lex
1601 4160 1785 4233 Moysi
1810 4161 2036 4225 dicitur,
2072 4163 2158 4218 vel
2241 4165 2294 4230 (Ι
2318 4164 2440 4217 Cor.
2464 4163 2579 4231 xu),
2603 4167 2661 4215 et
2682 4166 2904 4227 caetera,
2928 4176 3107 4231 usque
3121 4158 3258 4213 dum
3281 4156 3566 4219 concludit.
3589 4151 3765 4205 dicens:

563 4245 697 4317 quia
724 4262 826 4316 per
864 4246 1094 4338 Moysen
1123 4249 1329 4318 populo
1358 4248 1509 4314 data,
1544 4249 1628 4303 vel
1657 4250 1791 4320 quia
1818 4250 1996 4321 Moysi
2025 4251 2157 4306 data
2174 4279 2223 4338 Β
2240 4253 2359 4306 [lare
2380 4256 2569 4304 autem
2583 4253 2774 4304 omnia
2791 4254 3057 4318 operatur
3070 4254 3395 4338 unusatque
3415 4247 3544 4300 idem
3562 4240 3767 4309 Spiritus,

560 4339 698 4388 esta
717 4332 1136 4402 Domino,.sicut
1160 4340 1217 4388 et
1236 4351 1338 4389 nos
1357 4335 1509 4389 soliti
1530 4352 1727 4391 sumus
1747 4337 1933 4391 dicere
1954 4339 2013 4393 in
2035 4355 2159 4393 ora-
2174 4332 2214 4338 ”
2241 4342 2492 4395 dividens
2516 4342 2756 4406 singulis
2780 4345 2949 4407 prout
2983 4338 3121 4391 vult.
3153 4335 3353 4408 (lbid.)

558 4420 714 4475 tione
736 4419 1028 4475 Dominica
1046 4422 1118 4476 ad
1139 4422 1351 4477 Deum:
1380 4426 1583 4479 Panem
1606 4430 1855 4480 nostrum
1885 4429 2159 4495 quotidia-

560 4524 701 4564 num
728 4510 801 4563 da
831 4511 984 4564 nobis
1020 4511 1176 4565 hodie
1195 4514 1343 4573 (Luc.
1367 4515 1461 4583 xu),
1489 4530 1602 4568 non
1631 4515 1779 4585 quod
1807 4522 1999 4569 noster
2027 4521 2159 4570 ante

558 4596 748 4664 fuerit,
768 4598 866 4653 sed
891 4615 1021 4654 cum
1042 4599 1112 4654 ab
1134 4600 1229 4655 illo
1249 4601 1435 4667 datur,
1461 4609 1654 4657 noster
1673 4603 1931 4658 efﬁcitur.
1952 4604 2161 4659 lncutit

557 4692 750 4741 autem
766 4689 1069 4759 Apostolus
1084 4692 1357 4744 terrorem
1377 4690 1730 4758 Christianis,
1752 4707 1983 4746 sumens
2001 4708 2160 4745 com-

559 4776 910 4846 perationem
941 4792 975 4835 a
1001 4777 1125 4848 lege
1142 4777 1345 4849 Moysi,
1371 4795 1541 4850 quam
1563 4780 1611 4833 si
1630 4779 1757 4849 quis
1775 4785 2160 4850 transgressus

557 4864 774 4933 fuisset,
805 4864 1025 4921 irritam
1048 4882 1171 4921 eam
1209 4872 1268 4921 et
1308 4867 1534 4922 inanem
1573 4867 1801 4932 faciens,
1828 4866 2048 4923 duobus
2079 4869 2161 4923 vel

554 4953 738 5009 tribus
785 4955 1025 5009 testibus
1051 4955 1354 5017 convictus.
1388 4956 1509 5010 sine
1558 4957 1675 5010 ulla
1704 4956 2065 5012 miseratione
2107 4963 2165 5012 et

560 5044 722 5098 venia
740 5042 1067 5112 ajudicibus
1086 5043 1162 5114 dij
1171 5044 1448 5110 udiratus,
1474 5045 1767 5100 confestim
1781 5045 2156 5101 occidebatur.

555 5131 704 5187 Dicit
722 5147 856 5201 ergo
878 5150 890 5185 :
919 5131 979 5186 Si
999 5131 1114 5197 ille,
1137 5132 1418 5202 inquiens,
1441 5134 1536 5204 qui
1561 5134 1759 5204 legem,
1780 5150 1903 5206 quae
1926 5152 2028 5206 per
2049 5152 2164 5190 ser-

559 5234 689 5273 vum
719 5218 851 5272 data
880 5224 987 5288 est,
1010 5224 1398 5290 transgressus
1427 5221 1627 5286 fuerat,
1653 5222 1774 5276 sine
1792 5222 1909 5277 ulla
1934 5223 2162 5278 misera-

479 5316 491 5329 '
556 5307 711 5362 tione
739 5306 1115 5371 occidebatur,
1148 5315 1360 5379 quanto
1407 5310 1586 5381 magis
1627 5312 1845 5382 majora
1889 5312 2163 5383 supplicia

559 5394 886 5466 sustinebit,
933 5396 1031 5468 qui
1069 5394 1273 5450 Filium
1313 5397 1416 5452 Dei
1453 5398 1905 5455 conculcaverit?
1955 5400 2160 5471 Utique

558 5490 770 5558 quanto
791 5486 974 5556 major
990 5491 1075 5540 est
1088 5485 1344 5541 Christus
1364 5486 1576 5556 Moyse,
1595 5493 1650 5542 et
1667 5488 1854 5560 gratia
1873 5488 2160 5560 Evangelii

2314 4428 2533 4484 Scimus
2562 4430 2714 4481 enim
2737 4429 2837 4496 qui
2859 4427 3041 4479 dixit:
3072 4426 3213 4478 Mihi
3237 4426 3535 4479 vindictam
3562 4423 3604 4472 et
3627 4428 3700 4481 ego
3715 4423 3771 4461 η’

2245 4517 2514 4570 tribuam.
2528 4513 2809 4585 Loquitur
2818 4513 2970 4568 omni
2975 4518 3172 4584 potens
3186 4512 3338 4566 Deus
3355 4527 3452 4581 per
3462 4504 3766 4576 Prophetam!

2240 4603 2378 4659 Mihi
2398 4602 2666 4673 injuriam
2688 4607 2743 4656 et
2763 4601 3163 4656 contumeliam
3184 4598 3513 4654 facientibus
3535 4589 3771 4646 vindictam

2242 4691 2475 4746 reddam
2497 4696 2556 4745 et
2569 4690 2880 4745 retribuam
2901 4691 2980 4743 eis
3000 4690 3166 4760 juxta
3189 4688 3340 4759 quod
3363 4677 3769 4745 merenturweut.

2241 4794 2420 4845 xxxu;
2447 4781 2599 4835 Rom.
2624 4780 2746 4847 xu).
2769 4779 2835 4832 Et
2855 4781 3061 4831 iterum
3084 4795 3100 4831 :
3130 4778 3272 4843 Quia
3282 4774 3549 4845 judicabit
3568 4765 3771 4823 Dominus

2239 4872 2509 4938 populum
2531 4883 2718 4921 suum.
2738 4866 2815 4921 De
2831 4865 3073 4920 inimicis
3089 4864 3206 4919 suis
3231 4864 3339 4918 hoc
3357 4862 3556 4916 dictum
3573 4859 3647 4909 est
3666 4870 3675 4903 :
3695 4848 3772 4938 Eg}!

2246 4958 2555 5011 retribuam
2581 4954 2682 5020 eis,
2707 4955 2804 5027 qui
2824 4954 2972 5008 male
2992 4953 3225 5015 faciunt,
3252 4968 3363 5007 non
3384 4951 3452 5005 de
3471 4947 3552 5002 his
3569 4942 3651 5015 qui
3667 4933 3772 5027 male

2245 5046 2554 5117 patiuntur,
2586 5045 2656 5098 de
2680 5025 2768 5098 his
2790 5042 3048 5097 videlicet
3067 5042 3163 5113 qui
3193 5041 3533 5111 negligenter
3545 5025 3773 5117 vivunt._et

2243 5110 2344 5207 per
2356 5132 2744 5207 penitentiam
2765 5148 2825 5186 se
2836 5110 3302 5202 purgare—nolunt
3319 5148 3331 5196 ;
3349 5110 3443 5183 sed
3456 5139 3573 5180 cum
3590 5110 3771 5207 malefa-

2243 5202 2417 5289 ciunt,
2442 5238 2638 5276 secure
2666 5220 2737 5275 ad
2768 5235 3021 5274 mensam
3041 5218 3389 5273 Dominicam
3417 5210 3676 5295 accedunt.
3697 5202 3770 5295 1‘2“

2243 5286 2438 5384 pulum
2455 5316 2645 5365 autem
2667 5324 2834 5381 quem
2856 5306 3396 5378 Dominusjudicare
3413 5301 3618 5364 dicitur,
3636 5286 3770 5360 dupli'

2243 5401 2384 5456 citer
2404 5415 2702 5469 possumus
2724 5397 3061 5467 intelligere,
3085 5403 3143 5450 et
3164 5395 3232 5449 ad
3253 5395 3481 5449 electum
3503 5386 3769 5469 scilicet)»

2243 5464 2442 5561 pulum
2470 5488 2680 5544 referre
2708 5493 2767 5542 et
2792 5487 2864 5541 ad
2892 5464 3218 5558 reprobum.
3243 5479 3510 5539 Judicabit
3535 5473 3661 5533 enim
3686 5464 3765 5522 DO-
