3884 6154
125 282 213 340 897

730 282 1113 340 EXPOSITIO
1153 286 1231 365 ΙΝ
1271 284 1426 340 EPP.
1468 285 1525 339 S.
1567 282 1804 338 PAULI.
1841 312 1907 326 —
1952 284 2030 339 ΙΝ
2069 282 2293 339 EPIST.
2334 283 2431 338 AD
2468 283 2681 341 HEBR.

3252 287 3363 346 898

124 405 289 462 minus
312 405 569 476 populum
626 420 811 464 suum.
844 384 950 460 hoc
996 414 1104 473 est,
1150 408 1433 480 separabit
1462 407 1681 479 plebem
1702 410 1745 467 Α
1768 406 1950 461 meliis
1981 413 2039 463 et
2065 407 2523 463 tribulationibus
2552 413 2687 462 sunt
2705 408 2940 465 diversis
2969 411 3180 477 afﬂicti,
3215 413 3364 485 quod

124 510 262 549 suam
291 501 345 548 et
363 493 640 547 discernet
667 492 843 548 bonos
883 511 916 548 a
947 498 1134 562 malis,
1178 499 1370 552 fideles
1392 496 1461 551 ab
1487 495 1690 550 inﬁde-

123 580 429 644 libus.Quod
460 582 506 634 si
544 580 613 635 ad
636 582 900 652 rcprobos
928 586 1169 640 relatum
1213 587 1400 647 fuerit,
1434 586 1690 656 judicare

124 687 210 741 pro
235 670 489 724 damnare
508 670 890 741 accipiendum
923 674 1058 739 erit;
1089 676 1327 746 populus
1358 680 1544 729 autem
1578 674 1689 727 Do-

123 755 566 826 miniappellatur
592 772 703 810 non
746 774 850 827 per
895 761 1161 829 gratiam,
1190 761 1287 815 sed
1316 777 1414 832 per
1450 760 1688 814 creatio-

119 861 227 898 nem
236 886 247 898 .

178 932 511 987 Ilorrendum
525 938 599 986 est
615 935 857 988 incidere
878 939 940 989 in
960 953 1164 990 manus
1183 938 1281 991 Dei
1313 940 1562 994 viventis.
1586 935 1685 991 In-

120 1020 233 1075 cidit
248 1020 301 1074 in
325 1035 523 1074 manus
544 1021 886 1093 Domini,qui
902 1023 1180 1094 judicium
1200 1024 1443 1079 hominis
1461 1030 1686 1079 contre-

120 1108 341 1163 miscitet
356 1108 626 1178 judicium
650 1110 751 1165 Dei
774 1112 927 1182 parvi
944 1112 1158 1183 pendit.
1173 1113 1375 1169 Incidit
1390 1130 1611 1185 quoque
1628 1113 1686 1168 in

119 1198 294 1252 manus
316 1198 559 1265 Domini,
592 1198 649 1253 id
683 1204 768 1254 est
820 1200 879 1254 in
929 1207 1268 1272 potestatem
1317 1207 1375 1257 et
1410 1202 1684 1273 judicium

121 1286 491 1358 omnipotentis
504 1287 625 1355 Dei,
647 1288 903 1359 quisquis
922 1296 1047 1360 post
1068 1296 1358 1361 peccatum
1378 1291 1688 1346 contemnit

119 1375 477 1445 paenitentiam
502 1392 689 1446 agere.
713 1377 1043 1449 Quicunque
1069 1396 1202 1449 ergo
1231 1385 1492 1451 peccator
1510 1386 1613 1445 est,
1636 1380 1682 1433 si

116 1479 208 1516 non
229 1463 543 1533 paenituerit
576 1464 647 1518 de
677 1466 918 1535 peccatis
947 1466 1083 1533 suis,
1111 1468 1322 1523 incidet
1356 1469 1413 1522 in
1446 1470 1686 1523 horren-

115 1552 225 1605 dum
256 1557 307 1607 et
336 1552 491 1607 valde
548 1554 927 1609 extimendum
971 1555 1245 1626 judicium
1286 1556 1684 1627 omnipotentis

113 1640 211 1703 Dei,
241 1641 330 1711 qui
358 1640 557 1696 reddet
585 1642 887 1715 unicuique
907 1644 1215 1699 secundum
1238 1661 1410 1717 opera
1428 1661 1558 1704 sua.

1768 512 1946 565 genus
1962 496 2271 551 humanum
2290 495 2515 567 gravius
2530 496 2771 551 sustinet
2796 498 2853 553 in
2869 506 3167 571 conspectu
3196 500 3368 571 pluri~

1771 600 1989 637 morum
2018 584 2228 656 aliquid
2263 584 2646 651 inhonestum,
2683 591 2781 640 aut
2819 587 2999 642 verbis
3024 594 3124 643 aut
3152 589 3315 643 factis
3345 607 3358 642 :

1770 673 1882 725 sive
1909 672 2077 725 etiam
2112 674 2240 742 quia
2268 673 2464 742 positis
2492 673 2550 727 in
2596 675 2914 730 carceribus
2945 677 3364 749 compatieban-

1769 764 1880 824 tur,
1919 761 2234 830 victumque
2265 778 2327 814 ac
2352 760 2747 816 vestimentum
2770 769 2937 835 prout
2949 770 3208 835 poterant
3237 764 3366 821 sub-

1769 847 2363 903 ministrabant.Unde
2386 849 2515 902 facti
2546 857 2708 905 erant
2723 867 2918 906 eorum
2950 853 3082 907 socii
3096 853 3364 924 quoniam

1767 938 2079 991 mercedem
2113 943 2171 991 et
2200 936 2628 992 retributionem
2659 955 2828 1010 quam
2858 941 3144 1012 praecipiet
3163 941 3365 1013 praedi-

1768 1029 1923 1078 cator
1946 1025 2197 1079 veritatis
2229 1042 2326 1095 pro
2339 1025 2547 1080 Christi
2571 1027 2797 1082 nomine
2820 1028 3037 1099 positus
3059 1030 3119 1084 in
3139 1045 3365 1086 carcere

1767 1112 2004 1183 aliisque
2034 1113 2332 1167 tormentis
2362 1112 2624 1181 afflictus,
2649 1116 2905 1171 eamdem
2936 1123 3368 1189 recepturusest

1768 1201 1884 1266 ille,
1916 1201 2011 1271 qui
2037 1202 2087 1255 ei
2120 1200 2431 1255 subsidium
2460 1202 2671 1272 praebet
2698 1220 2768 1257 ne
2797 1205 3020 1260 deﬁciat
3045 1206 3103 1261 in
3135 1208 3367 1264 tribula-

1769 1289 2033 1355 tionibus,
2064 1290 2209 1343 sicut
2240 1290 2358 1359 ipsa
2399 1289 2622 1344 Veritas
2668 1292 2947 1361 promisit,
2977 1294 3167 1350 dicens
3202 1316 3215 1351 :
3259 1299 3368 1365 Qui

1768 1381 1959 1447 recipit
1972 1378 2300 1447 prophetam
2320 1381 2383 1431 in
2402 1381 2625 1431 nomine
2642 1380 2915 1447 propheta
2930 1385 3227 1438 mercedem
3237 1402 3365 1454 pro-

1763 1466 1933 1534 phetae
1957 1468 2183 1533 accipiet
2233 1466 2448 1531 (.llatth.
2501 1466 2573 1535 κ).
2610 1467 3045 1541 Notandumque
3082 1472 3213 1541 quia
3250 1489 3363 1529 non

1764 1552 1903 1607 dixit
1922 1553 2250 1624 simpliciter
2279 1552 2737 1609 tribulationibus
2765 1556 3020 1622 afflictos,
3071 1560 3167 1613 sed
3193 1561 3366 1615 etiam

1765 1648 2131 1712 augmentum
2172 1641 2324 1706 fecit,
2361 1641 2553 1695 dicens
2584 1660 2596 1694 :
2630 1644 3021 1713 Spectaculum
3055 1646 3183 1702 facti
3205 1649 3359 1704 estis.

172 1730 621 1784 Rememoramini
629 1737 816 1785 autem
832 1736 1104 1801 pristinos
1118 1735 1232 1786 dies
1254 1738 1315 1787 in
1333 1735 1533 1803 quibus
1553 1737 1686 1789 illuc
1702 1718 1748 1777 Β
1769 1730 1906 1785 Cum
1939 1731 2087 1785 enim
2149 1731 2273 1802 quis
2322 1736 2536 1784 secrete
2568 1732 2956 1802 exprobratur,
2997 1735 3364 1793 contristatur

115 1818 294 1871 minati
322 1834 593 1885 magnum
638 1826 915 1875 certamen
949 1825 1298 1876 sustinuistis
1331 1825 1674 1891 passionum.

115 1904 299 1975 Optimi
327 1906 676 1962 medicorum
706 1925 832 1963 cum
864 1910 1066 1964 vulnus
1081 1910 1379 1976 secuerint,
1403 1917 1461 1965 et
1475 1928 1575 1982 per
1592 1912 1682 1966 in-

113 1993 347 2048 cisionem
377 2000 751 2066 augmentum
797 1997 1006 2051 doloris
1049 1998 1298 2060 fecerint.
1331 1999 1593 2055 solatium
1625 2006 1684 2057 et

114 2082 394 2137 remedium
413 2083 496 2137 illi
518 2085 638 2138 loco
654 2084 941 2152 adhibent,
978 2085 1073 2141 ubi
1094 2088 1255 2142 dolor
1274 2088 1443 2158 inest,
1468 2093 1526 2143 et
1548 2105 1676 2159 per-

114 2170 364 2225 turbatam
378 2172 634 2227 refovent
652 2173 898 2228 animum
910 2176 1234 2247 .Postquam
1256 2183 1446 2231 autem
1469 2193 1682 2232 recrea-

115 2259 268 2313 verint
293 2259 472 2327 illum,
508 2261 742 2316 alteram
762 2263 880 2333 jam
900 2280 1012 2318 non
1042 2264 1319 2335 adjiciunt
1352 2265 1676 2329 sectionem,

114 2347 225 2417 quin
237 2348 397 2402 etiam
419 2350 521 2403 illa
540 2367 663 2421 quia
680 2357 831 2406 secta
852 2358 1002 2416 sunt,
1024 2353 1487 2407 medicaminibus
1498 2354 1681 2408 mitio-

112 2434 243 2489 ribus
269 2443 323 2491 et
356 2438 670 2493 valentibus
700 2440 959 2510 mitigare
989 2442 1238 2507 student,
1270 2443 1349 2497 sic
1375 2448 1431 2496 et
1450 2445 1685 2513 Aposto-

111 2523 181 2576 lus
199 2524 295 2579 isto
316 2525 370 2579 in
410 2527 537 2580 loco
566 2543 721 2582 more
741 2528 964 2584 illorum
1014 2530 1146 2600 egit.
1197 2531 1500 2603 Postquam
1531 2532 1681 2586 enim

111 2612 356 2667 concussit
380 2614 605 2669 animos
660 2632 874 2683 eorum,
916 2624 973 2671 et
1020 2619 1344 2690 compunxit
1395 2620 1680 2673 mentione

109 2700 363 2769 gehennae,
390 2703 690 2759 afﬁrmans
719 2705 948 2760 omnino
973 2707 1343 2778 disperituros
1366 2709 1460 2779 qui
1483 2708 1679 2779 gratiae

111 2787 194 2841 Dei
241 2789 445 2846 faciunt
484 2792 756 2863 injuriam
801 2794 1180 2865 aliquomodo,
1221 2801 1275 2850 et
1313 2796 1419 2850 hoc
1456 2814 1520 2850 ex
1556 2797 1679 2869 lege

117 2880 288 2954 Moysi,
319 2884 563 2955 aliisque
589 2883 930 2939 testimoniis
968 2884 1229 2945 edocens.
1270 2890 1328 2939 et
1351 2885 1541 2941 dicens
1570 2903 1683 2942 me-

113 2971 351 3026 tuendum
376 2989 504 3027 esse
537 2972 782 3026 incidere
811 2972 870 3026 in
913 2988 1115 3026 manus
1144 2972 1246 3027 Dei
1277 2974 1531 3041 viventis,
1554 2992 1678 3046 pro-

112 3057 240 3114 tinus
264 3077 328 3115 ne
372 3062 561 3116 multo
608 3061 812 3115 timore
859 3060 915 3115 in
948 3061 1396 3132 desperationem
1428 3068 1678 3133 ruerent,

110 3150 398 3203 consolatur
424 3166 531 3203 eos
561 3166 661 3220 per
680 3149 912 3203 laudum
940 3150 1323 3204 blandimenta
1348 3157 1405 3205 et
1428 3152 1683 3207 exhorta-

109 3235 279 3303 tiones,
296 3239 576 3292 reducens
606 3237 687 3291 eis
707 3237 776 3291 ad
800 3238 1128 3292 memoriam
1150 3240 1435 3309 praeterita
1455 3240 1680 3296 illorum

110 3322 232 3378 bona
249 3343 429 3397 opera.
457 3326 961 3388 Rememoramini,
995 3327 1199 3397 inquit,
1239 3327 1506 3398 pristinos
1564 3330 1683 3385 dies

110 3411 155 3465 in
182 3413 363 3484 quibus
390 3414 697 3469 illuminati
742 3431 842 3485 per
882 3415 1070 3481 fidem,
1123 3422 1181 3470 et
1226 3418 1544 3472 conﬁrmati
1585 3436 1684 3490 per

111 3502 317 3569 gratiam
349 3504 625 3567 divinam,
644 3519 909 3573 magnum
930 3509 1214 3559 certamen
1236 3505 1601 3573 sustinuistis,
1616 3523 1682 3562 ac

116 3588 354 3645 sidiceret
378 3611 388 3644 :
410 3590 655 3656 Quando
691 3591 992 3645 introducti
1013 3592 1147 3645 estis
1167 3593 1223 3646 in
1245 3593 1434 3659 ﬁdem,
1455 3595 1680 3664 quando

113 3676 158 3729 in
172 3677 314 3733 initio
326 3681 452 3735 ﬁdei
470 3679 666 3743 eratis,
689 3684 905 3733 tantam
926 3679 1310 3735 fortitudinem
1328 3682 1680 3737 demonstra-

113 3765 214 3830 stis,
244 3772 303 3821 ut
328 3785 601 3840 magnum
630 3773 917 3822 certamen
946 3769 1275 3839 passionum
1322 3770 1679 3827 sustineretis

114 3870 195 3923 pro
220 3856 414 3912 Christi
445 3856 682 3912 nomine
712 3873 742 3910 a
774 3856 1181 3913 contribulibus
1224 3858 1457 3926 vestris;
1500 3861 1679 3916 Judaei

112 3942 235 3997 enim
255 3946 542 4002 credentes
573 3945 801 4016 quidam
832 3945 1122 4018 exspoliati
1153 3952 1286 4001 sunt
1310 3946 1381 4001 ab
1412 3948 1539 4003 aliis
1566 3965 1677 4005 non

111 4033 453 4105 credentibus,
484 4034 721 4107 quidam
776 4050 908 4091 vero
953 4051 1067 4090 non
1100 4020 1121 4089 ί
1154 4034 1235 4089 illi
1265 4051 1393 4091 vero
1433 4038 1529 4108 qui
1566 4054 1681 4093 non

110 4119 301 4177 fuerant
319 4122 616 4195 exspoliati
634 4121 1138 4177 subministrabant
1158 4123 1283 4177 aliis
1303 4123 1373 4177 de
1399 4124 1681 4181 facultati-

113 4205 199 4263 bus
216 4212 342 4266 suis.
366 4212 874 4284 Quaproptercum
904 4211 1008 4266 hoc
1025 4212 1387 4282 agnovissent
1405 4212 1678 4282 inﬁdeles,

1764 1819 2009 1890 quidem,
2046 1819 2143 1873 sed
2176 1819 2351 1873 multo
2400 1819 2644 1889 amplius
2697 1820 2746 1873 si
2798 1821 3038 1892 publice,
3067 1824 3201 1879 etin
3227 1841 3365 1880 con-

1762 1914 1955 1978 spectu
1989 1908 2314 1962 multorum.
2340 1907 2531 1961 Genus
2550 1908 2699 1962 enim
2721 1909 3029 1965 humanum
3044 1912 3189 1967 sicut
3202 1913 3364 1968 valde

1762 1996 2075 2051 delectatur
2088 1996 2253 2050 laude
2273 1995 2513 2067 publica,
2536 1996 2696 2051 facile
2716 1997 3030 2069 captivatur
3045 2001 3361 2072 opprobriis

1763 2092 1956 2156 aperte
1985 2084 2090 2139 sibi
2122 2083 2312 2138 illatis.
2371 2084 2531 2148 Quod
2590 2084 2673 2139 illi
2722 2102 2789 2141 ea
2834 2087 3211 2145 exhibuerunt
3238 2107 3362 2162 quae

1762 2173 2215 2228 enumeravimus
2238 2172 2489 2244 apertius
2497 2174 2618 2243 jam
2640 2176 2906 2243 ostendit,
2927 2176 3061 2231 dum
3081 2179 3359 2250 sequitur.

1834 2262 1977 2316 Nam
1998 2267 2045 2315 et
2069 2264 2266 2315 vinctis
2280 2264 2549 2329 compassi
2564 2266 2710 2324 estis,
2742 2268 2790 2317 et
2812 2268 3073 2333 rapinam
3092 2267 3362 2321 bonorum

1762 2356 2067 2405 vestrorum
2099 2367 2223 2404 cum
2252 2353 2457 2418 gaudio
2476 2354 2801 2420 suscepistis.
2819 2352 3153 2408 Mirabiliter
3168 2355 3366 2411 laudat

1765 2455 1859 2493 eos
1883 2439 1940 2492 in
1965 2438 2093 2498 ﬁde.
2126 2440 2390 2510 quoniam
2417 2440 2462 2494 si
2492 2440 2660 2495 ﬁdem
2692 2456 2805 2495 non
2825 2441 3098 2497 haberent
3127 2444 3360 2501 meliora

1765 2545 1823 2581 se
1849 2535 2171 2599 recepturos
2202 2545 2301 2599 pro
2327 2529 2431 2583 hac
2467 2529 2782 2584 substantia
2799 2529 3222 2597 subtracta,non
3234 2550 3363 2589 cum

1762 2616 1969 2686 gaudio
1996 2617 2375 2687 suscepissent
2402 2618 2657 2689 rapinam
2710 2619 2853 2688 ejus.
2906 2619 3165 2683 Quandiu
3210 2622 3359 2678 enim

1766 2705 2102 2777 promissum
2130 2710 2215 2759 est
2244 2705 2346 2765 eis.
2378 2707 2659 2776 compassi
2678 2712 2812 2761 sunt
2846 2706 2971 2761 aliis
3015 2710 3360 2780 exspoliatis,

1764 2801 1933 2866 atque
1963 2794 2087 2848 aliis
2111 2794 2167 2848 in
2198 2811 2419 2849 carcere
2448 2795 2643 2866 positis
2678 2814 2689 2849 :
2722 2796 3015 2866 exspoliati
3068 2814 3198 2853 vero
3228 2816 3356 2855 cum

1761 2882 1968 2952 gaudio
1988 2888 2355 2953 susceperunt
2367 2883 2621 2954 rapinam
2633 2888 2688 2937 et
2700 2883 2971 2937 damnum
2990 2884 3097 2939 sibi
3112 2885 3353 2950 illatum,

1764 2971 2055 3025 credentes
2078 2987 2138 3024 se
2170 2970 2403 3025 meliora
2431 2976 2781 3042 recepturos.
2814 2972 2975 3027 Unde
3014 2972 3231 3029 subdit:
3268 2975 3362 3029 00-

1761 3065 2070 3127 gnoscentes
2102 3076 2190 3113 vos
2239 3060 2433 3113 habere
2480 3062 2763 3114 meliorem
2809 3067 2859 3115 et
2886 3068 3198 3117 manentem
3237 3065 3362 3118 sub-

1762 3151 2027 3201 stantiam
2049 3166 2065 3210 ;
2094 3147 2504 3219 quasidiceret:
2534 3147 2800 3203 Videntes
2824 3149 3047 3204 divitias
3070 3151 3357 3222 spiritales

1764 3235 1919 3290 vobis
1946 3253 2047 3307 pro
2074 3236 2160 3290 bis
2187 3236 2589 3306 temporalibus
2631 3236 2977 3307 profuturas,
3010 3240 3359 3295 sustinuistis

1765 3341 1890 3378 cum
1905 3325 2112 3395 gaudio
2132 3325 2383 3395 rapinam
2406 3324 2681 3379 bonorum
2706 3326 3247 3397 temporalium.lloc
3264 3346 3361 3384 au-

1762 3418 1876 3468 tem
1904 3420 2083 3467 totum
2106 3413 2314 3467 factum
2337 3414 2447 3468 fuit
2466 3414 2834 3485 apostolicum
2862 3432 3022 3486 opus,
3038 3422 3095 3471 et
3124 3417 3358 3488 dignum

1763 3501 2001 3557 fortibus
2019 3501 2333 3564 animabus,
2350 3508 2415 3556 ut
2430 3503 2665 3572 ﬂagellis
2674 3503 3006 3573 gauderent,
3022 3504 3167 3559 sicut
3186 3507 3242 3560 in
3258 3509 3361 3561 Ac-

1762 3589 1914 3644 tibus
1933 3590 2312 3661 apostolorum
2344 3590 2578 3644 dicitur:
2601 3591 2805 3645 Euntes
2826 3596 3011 3645 autem
3025 3609 3058 3645 a
3076 3600 3357 3661 conspectu

1761 3681 1984 3733 consilii
2005 3679 2159 3731 ibant
2183 3680 2496 3746 gaudentes,
2530 3682 2795 3745 quoniam
2833 3681 2993 3745 (ligni
3015 3681 3193 3734 habiti
3228 3688 3359 3736 sunt

1760 3769 2154 3821 contumeliam
2174 3769 2299 3834 pati
2322 3782 2423 3834 pro
2478 3768 2703 3820 nomine
2755 3769 2881 3820 Jesu
2903 3769 3042 3835 (Act.
3075 3769 3147 3839 ν).
3193 3770 3262 3824 Et
3297 3776 3364 3825 ut

1761 3855 2177 3909 demonstraret
2218 3853 2384 3907 istam
2422 3855 2791 3925 temporalem
2836 3854 3208 3911 substantiam
3247 3873 3362 3911 non

1763 3960 1885 3998 esse
1914 3958 2141 4014 semper
2166 3958 2511 4009 mansuram,
2543 3942 2669 3997 ideo
2719 3943 2859 3999 dixit
2897 3945 3023 4000 illos
3068 3946 3359 4001 meliorem

1761 4031 1969 4087 habere
1981 4030 2353 4085 substantiam
2377 4035 2434 4085 et
2448 4036 2790 4099 manentem,
2805 4038 2974 4103 prout
3012 4033 3227 4089 diceret
3243 4035 3360 4090 for-

1762 4137 1912 4174 mam
1929 4117 2359 4174 substantialem
2376 4125 2546 4189 atque
2559 4123 2886 4190 perpetuam
2914 4136 3036 4193 quae
3048 4121 3231 4193 perire
3244 4138 3359 4178 non

1764 4208 1960 4281 possit,
1992 4207 2137 4262 sicut
2162 4206 2273 4261 ista
2299 4212 2527 4261 terrena
2556 4207 2722 4279 perit.

116 4298 425 4355 multamala
463 4300 784 4355 intulerunt
799 4299 1240 4371 utrisque.Unde
1259 4316 1370 4355 non
1391 4299 1748 4375 dixitApo-D
1834 4300 2015 4353 Nolite
2040 4300 2226 4365 itaque
2279 4298 2533 4350 amittere
2560 4298 2950 4365 conﬁdentiam
2980 4304 3218 4354 vestram
3246 4318 3366 4371 qua:

114 4385 263 4443 stolas
303 4389 643 4462 simpliciter
696 4394 982 4444 certamen
1039 4388 1374 4443 sustinuisse
1428 4406 1542 4455 eos,
1582 4391 1681 4447 sed

117 4474 300 4531 addidit
326 4493 624 4549 magnum,
652 4492 755 4531 nec
778 4476 921 4532 dixit
948 4477 1309 4545 tentationes,
1341 4478 1438 4533 sed
1463 4480 1681 4550 passio-

113 4577 209 4617 nes.

172 4651 230 4705 Et
247 4655 306 4706 in
319 4656 494 4709 altero
514 4655 761 4723 quidem,
784 4655 932 4709 facto
951 4655 1038 4709 vel
1079 4670 1269 4726 opere,
1291 4657 1595 4726 opprobriis
1632 4663 1681 4713 et

117 4739 561 4808 tribulationibus,
586 4746 953 4811 spectaculum
972 4745 1109 4811 facti
1121 4744 1282 4799 estis:
1309 4748 1373 4799 in
1391 4749 1567 4801 altero
1586 4764 1687 4801 au-

118 4829 205 4878 tem
232 4832 356 4883 socii
393 4834 592 4885 taliter
622 4834 1067 4885 courcrsantium
1093 4835 1279 4899 eﬂ’ecti.
1308 4834 1384 4888 Ex
1403 4841 1583 4905 parte,
1606 4834 1688 4890 in-

117 4914 234 4981 quit,
263 4918 598 4990 opprobriis,
630 4919 688 4974 id
716 4925 804 4975 est
851 4920 1207 4975 contumeliis
1249 4927 1307 4975 et
1331 4921 1689 4980 irrisionibus

114 5018 196 5056 seu
220 5006 674 5063 tribulationibus
699 5010 1082 5081 spectaculum
1109 5009 1241 5063 facti
1280 5010 1435 5078 estis,
1455 5012 1561 5067 hoc
1580 5019 1684 5081 est,

116 5090 306 5158 publice
329 5095 385 5152 in
415 5104 721 5169 conspectu
748 5097 1055 5152 multorum
1104 5097 1288 5165 irrisi;
1330 5104 1386 5154 et
1424 5117 1489 5155 ex
1526 5107 1686 5173 parte

115 5178 267 5235 altera
296 5185 476 5239 effecti
508 5184 648 5241 estis
675 5186 811 5241 socii
842 5185 899 5241 in
928 5186 1314 5257 compassione
1342 5189 1534 5245 taliter
1551 5207 1686 5247 con-

116 5271 446 5337 versantium,
474 5274 859 5345 apostolorum
884 5274 1143 5328 videlicet
1162 5280 1218 5329 et
1231 5291 1424 5331 eorum
1447 5280 1688 5349 quisunt

116 5358 372 5427 exspoliati
399 5362 645 5433 propriis
672 5361 1029 5417 facultatibus
1054 5367 1110 5417 et
1131 5362 1453 5418 verberibus
1468 5364 1681 5432 afflicti,

115 5446 260 5514 atque
286 5447 340 5503 in
369 5450 912 5526 carceremretrusi.
952 5450 1174 5507 Duobus
1216 5452 1399 5507 modis
1440 5454 1689 5508 ostendit

116 5545 196 5585 eos
228 5532 363 5592 bene
386 5537 698 5606 laborasse,
729 5538 945 5594 scilicet
972 5539 1059 5595 vel
1089 5539 1223 5613 quia
1245 5540 1467 5613 publice
1494 5546 1687 5597 contu-

1762 4403 2026 4455 magnam
2047 4387 2203 4440 habet
2216 4388 2744 4452 remunerationem,
2769 4385 2919 4442 idest
2930 4387 3105 4443 nolite
3124 4389 3363 4446 deﬁcere

1762 4476 1821 4531 in
1847 4473 2322 4539 tribulationibus,
2346 4474 2479 4546 quia
2498 4490 2704 4546 magna
2717 4480 2804 4531 est
2823 4479 3224 4534 remuneratio.
3244 4481 3364 4552 Ap-

1762 4569 1923 4636 paret
1941 4569 2132 4618 autem
2153 4564 2287 4636 quia
2302 4579 2566 4634 magnam
2589 4565 2985 4620 conﬁdentiam
2999 4566 3363 4622 habebantad

1763 4652 1964 4720 Deum,
1984 4668 2152 4723 quam
2176 4669 2245 4707 ne
2262 4651 2590 4707 amitterent
2613 4651 3021 4707 instantissime
3039 4669 3135 4708 eos
3168 4654 3362 4709 horta-

1766 4747 1880 4798 tur.
1903 4741 2146 4797 Facilius
2165 4741 2313 4796 enim
2330 4740 2551 4811 integra
2561 4746 2941 4799 conservatur.
2967 4757 3134 4810 quam
3154 4742 3363 4797 amissa

1769 4837 2155 4903 recuperatur.
2189 4830 2544 4902 Quapropter
2571 4829 2720 4900 quod
2762 4834 2988 4883 tenetur
3015 4833 3072 4883 et
3104 4829 3362 4884 formidi-

1771 4937 1901 4975 nem
1926 4920 2112 4984 habet,
2130 4935 2355 4974 necesse
2374 4927 2458 4973 est
2468 4923 2532 4973 ut
2546 4916 2933 4972 fortitudinem
2955 4915 3361 4985 habeat.Nihil,

1769 5008 1971 5080 inquit,
2001 5006 2157 5062 vobis
2172 5007 2548 5061 necessarium
2569 5010 2675 5072 est,
2706 5004 2815 5060 nisi
2843 5010 2908 5059 ut
2935 5005 3097 5062 stetis
3125 5008 3366 5065 ﬁrmiter

1768 5098 1827 5154 in
1848 5097 1962 5152 ﬁde
1991 5101 2196 5160 vestra,
2231 5100 2290 5149 et
2320 5093 2694 5166 permaneatis
2722 5094 2781 5153 in
2812 5094 3143 5153 fortitudine
3177 5104 3367 5155 vestra

1768 5204 1891 5261 qua:
1919 5201 2183 5256 magnam
2209 5182 2379 5237 habet
2413 5184 2927 5239 remunerationem
2968 5186 3116 5257 apud
3148 5186 3356 5247 Deum.

1837 5276 2113 5331 Patientia
2129 5276 2279 5327 enim
2296 5273 2443 5326 vobis
2462 5275 2769 5328 necessaria
2801 5278 2896 5341 est,
2937 5280 3000 5328 ut
3019 5278 3361 5332 voluntatem

1764 5367 1864 5421 Dei
1870 5365 2051 5432 facian
2060 5367 2132 5415 tes
2145 5377 2204 5414 re
2211 5360 2443 5431 portetis
2458 5361 2962 5432 promissionem.0
2974 5379 3142 5434 quam
3156 5380 3363 5435 magna

1766 5448 2239 5508 remunerationis
2256 5454 2314 5503 et
2326 5449 2728 5506 consolationis
2748 5450 2971 5516 fiducia,
2990 5452 3162 5507 veluti
3177 5452 3223 5506 si
3235 5452 3359 5523 quis

1767 5547 1826 5599 et
1842 5539 2112 5596 athletam
2134 5553 2199 5593 ac
2214 5544 2549 5596 certatorem
2588 5540 2694 5595 hoc
2739 5540 2968 5604 (liceret,
2993 5540 3089 5613 qui
3131 5545 3358 5596 cunctos
