3992 6166
572 268 681 327 899
1000 264 1377 335 HAYMONIS
1415 260 1905 321 HALBERSTAT.
1946 260 2182 317 EPISC.‘
2213 258 2375 319 OPP.
2416 260 2605 322 PARS
2639 266 2684 322 Ι.
2725 298 2790 310 -—
2826 264 3192 333 COMMENT.
3234 268 3409 324 BIBL.
3687 268 3775 330 900

568 399 909 466 superasset,
922 393 1257 461 nullumque
1274 388 1532 443 relictum
1554 388 1789 443 haberet
1815 387 1913 459 qui
1942 385 2049 440 sibi
2078 386 2227 446 de-A
2253 390 2482 444 credere
2525 406 2648 461 quae
2674 407 2788 445 non
2813 390 3074 445 videntur
3096 395 3153 444 et
3179 391 3309 445 dum
3360 408 3424 446 ea
3465 394 3708 448 credimus
3732 396 3777 450 in

568 489 787 538 certare
818 486 1022 553 posset.
1056 478 1226 533 Verbi
1244 477 1449 547 gratia,
1482 477 1621 531 dum
1654 478 1748 531 ille
1775 476 2017 533 diceret:
2053 476 2177 529 Jam
2260 478 2494 532 veritate
2514 484 2614 533 aut
2633 480 2821 541 fuisse,
2843 485 2943 533 aut
2967 496 3109 541 esse,
3125 484 3221 533 aut
3232 479 3414 533 futura
3432 497 3675 552 esseque:
3689 499 3777 538 non

571 574 705 644 quia
733 588 929 627 omnes
947 568 1206 639 superavi
1223 566 1528 635 nullusque
1558 569 1817 635 superest
1832 564 1928 635 qui
1955 579 2176 617 mecum
2259 566 2530 631 videmus,
2564 568 2686 638 ipsa
2702 569 2841 622 ﬁdes
2861 568 2995 622 facit
3022 584 3088 621 ea
3124 566 3421 622 subsistere
3446 569 3501 623 in
3526 570 3672 623 corde
3700 588 3778 625 no-

568 666 767 728 certet,
784 660 857 714 da
884 659 1019 711 mihi
1041 671 1326 718 coronam,
1352 654 1667 723 poteratilli
1690 652 1927 724 quilibet
1945 651 2130 705 dicere
2160 670 2172 704 :
2258 659 2395 720 stro,
2421 656 2581 726 quasi
2603 663 2735 710 ante
2757 657 2947 710 oculos
2967 655 3231 726 corporis.
3249 655 3314 709 In
3332 656 3489 711 rebus
3507 664 3671 711 autem
3685 674 3777 728 qua

570 749 799 804 Sustine
829 761 1136 817 parumper
1186 760 1365 813 usque
1397 743 1530 796 dum
1590 742 1776 794 veniat
1803 741 2033 803 arbiter,
2075 746 2175 793 aut
2257 742 2518 797 videntur
2545 761 2727 814 neque
2755 744 3059 798 credulitas
3088 744 3195 797 dici
3226 750 3422 813 potest,
3452 762 3617 815 neque
3640 746 3777 801 incre-

572 835 742 891 etiam
773 852 871 889 rex
899 834 993 905 qui
1024 832 1126 889 tibi
1154 831 1405 885 bravium
1429 829 1623 883 reddat
1657 846 1756 900 pro
1782 828 2013 883 victoria
2039 832 2165 884 tua.
2255 828 2483 893 dulitas,
2516 832 2611 885 sed
2644 832 2830 902 potius
2850 831 3064 901 agnitio
3088 831 3320 885 dicenda
3338 838 3437 885 est.
3478 834 3777 887 Atveroﬁdes

574 925 736 988 Quod
758 924 804 977 si
831 923 926 977 ille
948 922 1163 975 athleta
1189 918 1552 989 impatienter
1580 918 1771 982 ferret,
1795 933 1905 971 non
1927 917 2174 985 tolerans
2256 925 2360 983 est,
2393 919 2474 973 ita
2502 920 2756 975 animum
2798 921 3023 975 ﬁrmum
3074 936 3194 974 esse
3238 921 3309 973 de
3337 920 3421 974 his
3449 937 3562 991 quze
3596 938 3691 976 non
3716 922 3776 975 vi-

566 1013 718 1067 sitim
743 1018 912 1082 atque
936 1010 1319 1069 aastuationes,
1341 1008 1532 1061 dicens
1558 1026 1568 1059 :
1593 1008 1707 1060 Aut
1726 1006 1854 1059 date
1882 1005 2028 1075 quod
2054 1020 2174 1058 me-
2257 1007 2481 1070 dentur,
2515 1008 2660 1062 sicut
2681 1008 2751 1063 de
2776 1009 2862 1063 his
2897 1024 3021 1079 qua:
3046 1009 3162 1077 jam
3194 1008 3466 1073 videntur,
3489 1015 3542 1063 et
3567 1009 3681 1063 dum
3704 1011 3778 1064 hoc

570 1102 682 1166 rui,
714 1107 816 1155 aut
847 1100 1125 1162 recedam,
1153 1098 1436 1151 diceretur
1476 1096 1591 1148 illi:
1625 1095 1915 1149 Patienter
1962 1092 2177 1147 sustine
2258 1096 2340 1159 ﬁt,
2367 1096 2506 1149 ﬁdes
2534 1097 2669 1150 facit
2695 1113 2764 1150 ea
2779 1096 3086 1151 subsistere
3106 1097 3163 1150 in
3186 1096 3345 1150 nobis
3367 1097 3641 1155 credenda.
3653 1097 3778 1154 Verbi

567 1191 713 1257 hanc
742 1189 1042 1253 morulam,
1063 1188 1120 1240 in
1151 1184 1402 1255 proximo
1434 1190 1520 1236 est
1538 1189 1603 1236 ut
1628 1183 1816 1236 veniat
1845 1182 2173 1252 imperator,
2256 1184 2460 1254 gratia,
2477 1190 2537 1241 ut
2561 1202 2626 1239 ex
2649 1186 2843 1240 multis
2861 1186 3058 1238 saltem
3081 1185 3272 1256 paucis
3293 1191 3516 1241 utamur
3534 1187 3775 1257 exemplis:

568 1280 665 1351 qui
689 1278 793 1333 tibi
820 1277 1015 1331 reddet
1047 1273 1363 1345 praemium.
1410 1272 1524 1325 Isto
1571 1270 1737 1323 modo
1786 1275 1843 1323 et
1872 1269 2175 1339 Apostolus
2258 1274 2597 1328 resurrectio
2648 1275 2928 1344 generalis
2975 1275 3214 1328 necdum
3267 1274 3412 1328 facta
3461 1280 3570 1328 est:
3609 1279 3658 1328 et
3686 1291 3779 1329 cum

571 1370 833 1423 hortatur
853 1382 949 1419 eos
962 1380 1032 1418 ne
1060 1361 1433 1416 deﬁcerentin
1452 1359 1752 1417 laboribus.
1783 1359 1879 1412 sed
1893 1358 2173 1428 patienter
2256 1362 2495 1417 necdum
2524 1364 2599 1417 sit
2626 1364 2683 1417 in
2714 1362 3049 1427 substantia,
3074 1380 3201 1434 spes
3229 1363 3364 1416 facit
3391 1380 3511 1421 eam
3536 1362 3779 1417 subsistere

569 1459 963 1525 exspectarent
990 1449 1214 1507 Domini
1272 1449 1592 1503 adventum.
1638 1446 1935 1511 Patientia,
1966 1446 2170 1516 inquit,
2256 1451 2315 1504 in
2334 1452 2523 1505 anima
2550 1458 2763 1516 nostra,
2788 1452 2950 1521 quasi
2988 1468 3102 1522 prae
3154 1452 3333 1506 oculis
3362 1467 3481 1505 eam
3514 1450 3778 1505 habeamus.

571 1543 726 1605 vobis
755 1541 1072 1596 necessaria
1090 1545 1193 1599 est,
1242 1539 1348 1592 hoc
1389 1542 1493 1603 est,
1528 1552 1704 1590 unum
1751 1551 1911 1605 opus.
1930 1533 2168 1599 habetis,
2256 1540 2374 1593 Hoc
2404 1545 2489 1593 est
2513 1540 2659 1611 quod
2691 1540 2848 1607 dixit,
2877 1541 3042 1594 ﬁdem
3071 1556 3193 1594 esse
3221 1539 3582 1595 substantiam
3606 1540 3780 1594 illarum

566 1629 825 1685 videlicet
845 1634 909 1682 ut
927 1625 1295 1697 perseveretis
1322 1624 1378 1677 in
1424 1639 1625 1693 agone,
1658 1622 1835 1677 donec
1876 1622 2161 1693 recipiatis
2178 1661 2223 1719 Β
2258 1644 2445 1683 rerum
2462 1645 2584 1698 quae
2600 1629 3265 1699 speranturnecdumque
3284 1628 3553 1687 videntur.
3584 1628 3642 1682 Et
3663 1628 3779 1680 siar-

571 1734 835 1773 eoronam
866 1716 1093 1785 dignam
1118 1713 1307 1767 labore
1340 1718 1539 1777 vestro,
1564 1728 1675 1765 non
1706 1711 1856 1765 enim
1885 1712 1981 1782 qui
2000 1711 2221 1782 cmpit'
2247 1724 2579 1785 gumentum
2597 1716 2887 1770 esteadem
2910 1717 3019 1770 ﬁde
3040 1733 3229 1771 rerum
3262 1733 3387 1788 quae
3417 1716 3631 1771 necdum
3652 1732 3781 1787 appa-

568 1805 950 1870 coronabitur,
1001 1804 1100 1857 sed
1155 1802 1249 1872 qui
1290 1801 1730 1872 perseveraverit
1755 1800 1814 1854 in
1863 1801 2170 1855 certamine
2251 1810 2394 1867 rent,
2420 1805 2549 1875 quid
2584 1812 2670 1859 est
2696 1805 2843 1876 quod
2865 1821 2988 1859 eam
3010 1806 3128 1875 jam
3150 1806 3349 1860 volunt
3363 1805 3780 1874 videre?Axguere

567 1910 747 1965 usque
768 1894 826 1947 in
845 1894 1036 1957 ﬁnem,
1074 1891 1165 1945 hic
1182 1891 1367 1945 salvus
1397 1890 1522 1944 erit.
1549 1891 1613 1945 In
1663 1889 1953 1960 patientia,
1987 1889 2173 1959 inquit
2252 1893 2513 1947 dicebant
2543 1893 2761 1964 antiqui
2787 1894 3117 1948 ostendere:
3143 1911 3178 1947 a
3205 1910 3319 1965 quo
3357 1894 3500 1947 venit
3539 1907 3781 1963 argumen-

568 1982 864 2048 Dominus,
897 1979 1253 2052 possidebitis
1299 1980 1518 2033 animas
1560 1986 1793 2032 vestras.
1828 1978 2167 2048 Reportetis,
2252 1986 2396 2043 tum,
2420 1981 2580 2051 quasi
2604 1982 2848 2035 ostensio
2869 1987 2927 2035 et
2944 1982 3399 2052 praemonstratio
3425 1981 3781 2035 futurarumre—

564 2071 769 2143 inquit,
795 2070 1245 2141 promissionem,
1278 2069 1335 2122 id
1357 2073 1443 2121 est
1470 2067 1755 2137 accipiatis
1773 2066 2012 2137 gloriam
2028 2083 2172 2120 sem-
2254 2085 2399 2133 rum,
2424 2075 2480 2123 et
2496 2069 2718 2124 illarum
2739 2086 2926 2123 rerum
2950 2086 3075 2139 quae
3097 2087 3209 2125 non
3223 2070 3500 2125 videntur.
3515 2070 3625 2127 'Est
3637 2076 3782 2123 autem

565 2160 801 2231 piternaa
820 2158 1206 2214 beatitudinis.
2249 2157 2473 2228 proprie
2494 2157 3064 2227 argumentum,ratio
3086 2174 3209 2228 quae
3224 2158 3307 2213 rei
3325 2158 3503 2213 dubie
3512 2156 3779 2212 facitﬁdem.

638 2248 829 2303 Adhuc
843 2250 995 2300 enim
1014 2247 1292 2299 modicum
1315 2246 1761 2313 aliquantulum,
1779 2246 1879 2311 qui
1899 2248 2166 2295 venturus
2251 2242 2507 2297 Profecto
2532 2261 2663 2313 ergo
2684 2245 2880 2315 liquet,
2911 2245 3043 2316 quia
3063 2245 3202 2299 ﬁdes
3225 2246 3454 2300 illarum
3474 2262 3643 2300 rerum
3659 2260 3785 2313 argu-

571 2342 647 2391 est
663 2339 860 2399 veniet,
879 2341 929 2388 et
953 2351 1066 2388 non
1081 2335 1345 2386 tardabit.
1367 2332 1475 2395 Qui
1490 2338 1759 2385 venturus
1781 2338 1864 2385 est
1879 2330 2077 2393 veniet,
2110 2334 2167 2383 et
2249 2339 2500 2386 mentum
2526 2338 2629 2391 est.
2646 2350 2769 2403 quae
2799 2350 3071 2404 apparere
3103 2350 3215 2387 non
3238 2342 3490 2404 possunt.
3533 2334 3651 2397 Quae
3668 2333 3783 2386 enim

568 2440 681 2479 non
700 2424 967 2488 tardabit,
989 2423 1141 2477 haud
1159 2421 1389 2476 dubium
1414 2422 1549 2492 quin
1565 2420 1846 2474 Christum
1868 2419 2162 2489 signiﬁcet.
2247 2425 2541 2489 apparent,
2553 2420 2673 2489 jam
2696 2420 2862 2473 ﬁdem
2887 2437 2999 2475 non
3026 2419 3260 2485 habent,
3284 2423 3428 2476 sicut
3443 2419 3783 2493 superiusdixi-

572 2513 908 2569 Consolatur
938 2529 1032 2567 eos
1056 2519 1327 2582 tanquam
1357 2526 1556 2582 parum
1591 2508 1664 2562 sit
1690 2509 1956 2579 temporis
1986 2523 2165 2578 usque
2247 2523 2394 2573 mus,
2412 2508 2510 2560 sed
2526 2508 2893 2578 agnitionem.
2914 2509 3057 2562 Dum
3076 2525 3210 2579 ergo
3229 2510 3607 2564 viditThomas
3634 2510 3777 2571 (Joan.

576 2602 710 2669 dum
731 2601 937 2656 veniet.
957 2602 1082 2655 Non
1104 2599 1482 2654 modicaenim
1498 2597 1809 2652 consolatio
1827 2602 1913 2650 est
1931 2596 2160 2661 laboris,
2248 2598 2357 2663 xx),
2392 2595 2525 2648 dum
2566 2595 2835 2666 palpavit,
2864 2612 2966 2649 cur
2992 2596 3045 2650 ei
3074 2596 3287 2651 dicitur
3322 2616 3333 2649 ε
3370 2599 3505 2664 Quia
3534 2598 3780 2653 vidistine,

565 2691 679 2746 cito
699 2706 925 2761 sperare
932 2690 1184 2759 judicem
1198 2694 1254 2742 et
1282 2684 2166 2751 remuneratorem,constantiam
2247 2685 2571 2737 credidisti?
2596 2684 2705 2738 Sed
2729 2684 2881 2738 aliud
2897 2684 3057 2753 vidit,
3078 2684 3229 2739 aliud
3258 2686 3511 2741 credidit.
3531 2687 3577 2738 Α
3599 2681 3783 2739 mortali

564 2779 888 2835 certaminis
908 2783 1417 2833 remuneratorum.
2248 2773 2395 2826 enim
2430 2772 2656 2827 homine
2686 2771 2961 2826 Divinitas
2985 2772 3158 2827 videri
3185 2790 3302 2829 non
3332 2774 3527 2845 potuit.
3549 2771 3782 2829 Hominem

586 2932 591 2939 ,
640 2871 833 2923 Justus
863 2872 1049 2921 autem
1070 2883 1221 2921 meus
1243 2882 1306 2919 ex
1323 2866 1427 2931 ﬁde
1456 2867 1610 2919 vivit.
1642 2864 1852 2931 Quodsi
1879 2863 2167 2916 subtrame-
2248 2861 2455 2932 quippe
2485 2861 2713 2926 vidit,et
2756 2862 2935 2916 Deum
2974 2862 3261 2917 confessus
3287 2869 3393 2928 est,
3421 2862 3620 2917 dicens:
3645 2861 3784 2915 Domi-

569 2961 647 3013 rit
676 2973 752 3024 se,
780 2972 895 3011 non
917 2956 1148 3025 placebit
1190 2956 1397 3008 anima:
1444 2970 1592 3007 τηοιτ.
1625 2953 1743 3006 Hoc
1780 2950 2164 3023 propheticum
2249 2967 2357 3003 nus
2384 2966 2535 3004 meus
2564 2956 2611 3003 et
2642 2953 2784 3004 Deus
2808 2967 2980 3004 meus.
3005 2949 3268 3005 Videndo
3281 2968 3414 3022 ergo
3451 2949 3665 3005 credidit
3682 2946 3780 3019 quia

565 3045 955 3101 testimonium
968 3041 1470 3113 intulitApostolus
1484 3040 1555 3094 ad
1570 3038 2012 3094 exhortationem
2032 3037 2161 3093 ﬁdei
2183 3046 2226 3107 ο
2248 3037 2653 3092 considerando
2684 3054 2876 3092 verum
2922 3038 3225 3105 hominem,
3262 3039 3442 3094 Deum
3465 3054 3617 3109 quem
3641 3034 3781 3090 videre

563 3132 1066 3204 inacquisitionem
1089 3131 1307 3185 animae.
1336 3130 1493 3184 Sicut
1523 3129 1638 3183 vita
1675 3127 1923 3199 corporis
1951 3127 2160 3193 anima,
2245 3142 2359 3181 non
2387 3132 2609 3198 poterat
2634 3127 2985 3181 exclamavit.

563 3223 646 3281 ita
664 3222 1031 3289 vitalanimm
1076 3220 1214 3274 ﬁdes
1272 3225 1376 3284 est,
1422 3235 1544 3288 qua:
1573 3218 1831 3271 videlicet
1853 3216 2165 3286 concipitur
2308 3218 2373 3270 In
2399 3217 2500 3269 hac
2519 3216 2789 3270 cnimﬁde
2806 3220 3177 3270 testimonium
3188 3216 3781 3286 justitiaacomeculiwnt

565 3311 751 3376 corde,
809 3310 1110 3363 conﬁtetur
1147 3324 1263 3371 ore,
1318 3312 1621 3361 exornatur
1669 3322 1854 3376 opere,
1897 3304 2161 3375 quoniam
2248 3321 2411 3358 senes.
2442 3306 2614 3359 Senes
2642 3304 2729 3358 hic
2749 3303 3018 3358 debemus
3056 3306 3376 3375 intelligere
3405 3313 3580 3376 patres
3614 3300 3781 3355 Veteris

564 3401 704 3455 ﬁdes
734 3400 857 3453 sine
881 3396 1142 3468 operibus
1172 3402 1393 3449 mortua
1423 3402 1526 3448 est.
1560 3397 1603 3449 A
1638 3411 1749 3465 qua
1807 3394 1915 3447 ﬁde
1954 3394 2000 3446 si
2040 3395 2166 3463 quis
2247 3393 2610 3459 Testamenti,
2635 3393 2982 3463 patriarchas
3010 3393 3287 3457 videlicet,
3329 3395 3629 3465 prophetas,
3655 3390 3782 3444 alios-

563 3488 909 3546 subtraxerit
940 3504 1019 3551 se,
1056 3502 1167 3540 non
1189 3483 1428 3555 placebit
1475 3483 1747 3537 voluntati
1774 3482 1897 3536 Dei.
1931 3483 2054 3535 Non
2083 3488 2167 3534 est
2249 3498 2355 3553 que
2375 3483 2560 3551 justus
2579 3482 2675 3552 qui
2704 3480 2760 3535 in
2785 3481 2894 3536 ﬁde
2914 3499 3082 3552 quam
3100 3483 3467 3538 crediderunt
3482 3483 3587 3536 Deo
3600 3482 3781 3551 ejusque

564 3579 710 3634 enim
736 3578 1048 3649 putandum
1077 3575 1222 3646 quod
1254 3575 1399 3627 Deus
1423 3573 1586 3626 Pater
1614 3578 1713 3626 aut
1742 3572 1984 3641 Spiritus
2029 3587 2163 3624 san-
2248 3570 2732 3642 promissionibus,
2764 3570 3149 3626 testimonium
3180 3570 3371 3624 laudis
3416 3576 3575 3641 atque
3597 3564 3780 3638 justitia‘.

563 3675 705 3733 ctus,
730 3667 1019 3722 autFilius
1035 3665 1090 3717 in
1115 3669 1316 3717 natura
1348 3661 1657 3716 divinitatis
1673 3660 1874 3714 habeat
1887 3660 2157 3725 animam,
2243 3664 2693 3729 promeruerunt.
2716 3658 2875 3712 Unde
2895 3657 3178 3712 Abraham
3206 3659 3306 3728 qui
3337 3658 3565 3713 credidit
3583 3657 3697 3719 Deo,
3720 3666 3780 3704 re-

560 3756 661 3813 sed
690 3772 846 3809 more
871 3755 1119 3807 humano
1155 3752 1390 3822 loquens
1440 3751 1629 3804 divina
1657 3749 1965 3819 Scriptura,
2000 3748 2160 3802 nobis
2242 3754 2500 3819 putatum
2532 3753 2617 3801 est
2638 3748 2707 3801 ad
2733 3747 3035 3817 justitiam,
3061 3750 3115 3799 et
3150 3747 3368 3800 amicus
3405 3748 3503 3802 Dei
3524 3742 3778 3817 appellatus

561 3843 905 3899 consulendo
927 3842 1270 3896 voluntatem
1286 3839 1441 3893 illius
1472 3838 1674 3893 animae
1695 3836 1960 3890 vocabulo
1973 3836 2159 3907 expri-
2241 3842 2347 3890 est.
2375 3834 2509 3889 Haec
2531 3841 2717 3889 autem
2737 3836 2874 3890 ﬁdes
2890 3835 2971 3888 ita
2986 3840 3070 3889 est
3088 3835 3437 3905 accipienda,
3467 3841 3529 3889 ut
3551 3831 3709 3888 credat
3736 3826 3779 3881 in

563 3932 688 3997 mit.
719 3930 1204 3988 Considerandum
1235 3934 1449 3991 autem,
1495 3927 1626 3998 quia
1669 3925 1815 3980 sicut
1843 3924 2161 3995 displicebit
2240 3924 2746 3988 corde,conﬁtetur
2764 3929 3200 3989 ore,exornetur
3238 3923 3518 3995 Operibus.
3554 3920 3641 3977 Ille
3666 3917 3778 3973 enim

562 4021 659 4094 qui
691 4020 1049 4082 haesitaverit,
1086 4019 1168 4073 ita
1186 4016 1425 4088 placebit
1445 4016 1558 4070 Deo
1582 4014 1677 4085 qui
1706 4010 2025 4075 crediderit,
2068 4013 2153 4066 vi-
2240 4013 2514 4067 veraciter
2542 4012 2739 4078 credit,
2769 4013 2866 4082 qui
2896 4019 3117 4066 exercet
3145 4013 3436 4082 operando
3466 4009 3603 4081 quod
3625 4004 3776 4063 credit.

560 4128 698 4169 vens
727 4111 787 4165 in
813 4110 925 4169 ﬁde
949 4126 1055 4164 sua
1082 4112 1250 4162 recta.
1280 4103 1621 4183 Laborastis,
1663 4102 1865 4173 inquit,
1894 4101 1954 4155 in
1983 4107 2158 4155 certa-
2241 4101 2401 4166 Quod
2432 4106 2626 4155 contra
2638 4101 2706 4161 de
2728 4099 2814 4154 his
2836 4100 2932 4171 qui
2952 4100 3119 4154 ﬁdem
3149 4101 3381 4157 nomine
3396 4105 3554 4155 tenus
3567 4096 3776 4152 retinent.

562 4200 734 4259 mine,
757 4202 1072 4264 exspectate
1084 4196 1305 4249 beatam
1327 4208 1503 4263 spem.
1526 4191 1713 4246 Nolite
1732 4189 1991 4245 dubitare
2006 4206 2157 4261 quae-
2240 4190 2448 4245 Paulus
2468 4190 2606 4244 dicit
2638 4206 2648 4236 :
2676 4190 3018 4256 Conﬁtentur
3046 4205 3098 4242 se
3121 4204 3271 4243 nosse
3316 4191 3512 4255 Deum,
3545 4187 3683 4255 factis
3701 4198 3778 4236 au-

562 4302 688 4341 rere
701 4302 824 4356 quae
843 4283 1079 4355 speratis
1106 4301 1117 4336 :
1153 4281 1284 4352 quia
1306 4282 1497 4349 justus
1520 4295 1585 4333 ex
1615 4278 1725 4333 ﬁde
1756 4278 1912 4332 vivit.
2190 4348 2195 4355 ‘
2243 4285 2350 4333 tem
2390 4283 2616 4348 negant.

576 4414 581 4421 .
632 4352 743 4428 Nos
760 4352 947 4427 autem
962 4388 1074 4425 non
1091 4385 1286 4425 sumus
1302 4369 1696 4421 subtractionis
1707 4370 1817 4434 ﬁlii
1828 4370 1890 4421 in
1903 4368 2167 4436 perdilio—
2186 4352 2234 4418 Ῐ)
2310 4367 2437 4421 Fide
2460 4370 2831 4434 intelligimus
2861 4372 3049 4435 aptata
3060 4383 3167 4421 esse
3194 4369 3397 4421 szcula
3428 4354 3575 4423 verbo
3599 4352 3697 4424 Dei,
3727 4360 3772 4411 ut

560 4477 707 4528 nem,
737 4462 830 4515 sed
859 4461 988 4529 ﬁdei
1016 4463 1078 4513 in
1102 4459 1527 4527 acquisitionem
1549 4459 1768 4510 animae.
1798 4456 1923 4510 Non
1937 4472 2154 4517 sumus,
2238 4474 2301 4509 cx
2332 4458 2707 4509 inuisibilibus
2730 4457 2976 4509 visibilia
3010 4458 3219 4523 ﬁerent.
3263 4454 3410 4518 Quid
3432 4453 3574 4509 enim
3599 4447 3776 4521 quidam

564 4549 771 4621 inquit.
794 4565 896 4620 ego
918 4553 976 4603 et
987 4564 1080 4604 vos
1102 4546 1204 4603 ﬁlii
1226 4546 1451 4601 illorum
1476 4561 1824 4616 paganorum
1841 4549 2010 4615 atque
2022 4560 2158 4614 gen-
2240 4544 2606 4598 Hebraeorum
2654 4543 2839 4597 adhuc
2893 4542 3104 4597 debiles
3133 4548 3297 4597 erant
3325 4549 3382 4597 et
3411 4559 3443 4595 a
3471 4540 3574 4595 ﬁde
3600 4534 3777 4609 quidem

554 4638 762 4706 tilium,
782 4637 879 4710 qui
899 4654 959 4692 se
979 4634 1320 4691 subtrahunt
1339 4649 1374 4687 a
1422 4633 1532 4687 vita
1562 4633 1693 4687 ﬁdei
1715 4638 1770 4687 et
1799 4634 1922 4687 luce
1947 4631 2155 4703 sempi-
2236 4632 2463 4687 initium
2494 4637 2874 4703 sumpserant,
2908 4648 2973 4686 ex
2996 4630 3351 4703 passionibus
3388 4636 3569 4685 autem
3589 4621 3778 4680 tribula-

556 4733 719 4784 terna
738 4728 808 4783 ad
825 4726 1197 4798 perditionem
1211 4722 1530 4778 animarum
1560 4737 1813 4783 suarum,
1841 4720 1940 4775 sed
1960 4737 2156 4774 sumus
2236 4722 2455 4776 tionum
2468 4720 2855 4792 pusillanimes
2867 4720 3532 4785 efﬁciebantur,minusve
3550 4715 3777 4790 patienter

556 4816 659 4873 ﬁlii
679 4796 1157 4888 patriarcharum,
1206 4811 1302 4882 qui
1345 4811 1405 4865 in
1444 4810 1554 4865 ﬁde
1584 4809 1803 4882 probati
1827 4815 1979 4874 sunt,
2011 4815 2066 4863 et
2098 4810 2157 4864 in
2238 4809 2390 4863 mala
2411 4808 2517 4863 sibi
2547 4810 2796 4880 irrogata
2822 4806 3097 4873 ferebant,
3122 4796 3389 4863 hortatur
3415 4824 3508 4862 eos
3531 4800 3776 4876 Apostolus

554 4904 665 4959 ﬁde
682 4903 914 4976 perfecti
946 4904 1178 4958 fuerunt
1210 4906 1275 4954 ut
1295 4898 1769 4970 acquirerentsibi
1787 4914 1918 4951 suas
1937 4897 2156 4953 animas
2237 4898 2418 4970 primo
2445 4914 2509 4952 ex
2549 4898 2752 4970 seipso.
2793 4898 2985 4951 dicens
3018 4915 3029 4949 :
3066 4898 3530 4952 Remomoramini
3557 4891 3777 4963 pristina!

555 4992 626 5046 ad
655 4992 895 5047 salutem
914 4996 972 5046 et
992 4992 1224 5062 insuper
1236 4988 1476 5043 aliorum
1508 5003 1610 5041 suo
1640 4985 1912 5057 exemplo.
2237 4988 2369 5050 dies,
2392 4986 2592 5042 deinde
2613 5003 2678 5040 ex
2691 4986 2987 5057 Scriptura
3006 4976 3202 5039 divina
3223 4985 3466 5051 dicente,
3494 4981 3618 5056 quia
3628 4981 3776 5049 just!"

2236 5091 2299 5129 ex
2317 5076 2421 5142 ﬁde
2440 5077 2593 5133 vivit,
2628 5074 2831 5130 deinde
2861 5078 3052 5130 autem
3083 5090 3148 5127 ex
3176 5064 3508 5139 rationibus,
3526 5064 3773 5127 ostendens

1162 5130 1396 5185 CAPUT
1431 5126 1531 5183 XL
2232 5162 2402 5218 ﬁdem
2428 5180 2551 5219 esse
2610 5162 2986 5218 substantiam
3031 5179 3222 5218 rerum
3259 5177 3372 5216 non
3400 5154 3768 5231 apparentium.

626 5259 722 5313 Est
740 5263 926 5312 autem
940 5258 1068 5324 ﬁdes
1083 5256 1490 5325 spcrandarum
1503 5254 1813 5307 substantia
1826 5267 2037 5318 rerum,
2057 5267 2151 5305 αν·
2231 5252 2393 5313 Nunc
2417 5268 2545 5307 vero
2562 5269 2626 5307 ex
2650 5251 3100 5324 progenitoribus
3129 5250 3323 5321 incipit
3352 5248 3522 5319 loqui,
3551 5236 3774 5299 mirabili-

551 5353 879 5418 gumenlum
905 5362 1015 5400 non
1038 5341 2146 5414 apparentium.Ordoverborum:Estau-
2230 5346 2317 5395 ter
2337 5358 2431 5395 eos
2460 5340 2516 5395 in
2543 5340 2858 5412 exemplum
2890 5355 3123 5411 ponens,
3169 5339 3302 5410 quia
3327 5337 3471 5391 sicut
3512 5333 3588 5389 illi
3622 5340 3773 5385 omnes

549 5415 667 5495 tam
698 5436 837 5491 ﬁdes
850 5433 1165 5490 substantia
1185 5432 1589 5504 sperandarum
1614 5446 1823 5493 rerum,
1844 5445 2143 5501 argumen—
2224 5446 2325 5500 per
2352 5429 2519 5485 ﬁdem
2546 5428 2743 5483 salvati
2766 5434 2916 5491 sunt,
2949 5428 3030 5482 ita
3061 5432 3118 5483 et
3154 5443 3259 5482 nos
3288 5441 3498 5504 omnes
3527 5438 3621 5494 per
3645 5415 3774 5471 ﬁdem

547 5533 675 5595 tum
700 5524 963 5591 videlicet
987 5538 1179 5580 rerum
1207 5502 1321 5578 non
1341 5521 1752 5594 apparentium.
1774 5519 1940 5576 Fides
1965 5524 2051 5575 est
2076 5534 2143 5573 ea
2224 5518 2524 5575 salvamur.
2549 5518 2690 5574 Cum
2704 5517 2854 5573 enim
2871 5515 3151 5573 invenerit
3168 5515 3356 5573 anima
3376 5502 3438 5570 in
3463 5502 3658 5568 eisdem
3672 5512 3773 5583 pa?
