3992 6166
223 279 327 339 901

901 278 1286 338 EXPOSlTlO
1324 282 1403 338 IN
1441 281 1594 337 EPP.
1637 284 1694 337 S.
1743 280 1981 339 PAULI.
2013 311 2083 326 -
2119 284 2197 341 IN
2235 284 2459 342 EPIST.
2500 287 2598 342 AD
2637 286 2851 344 HEBR.

3419 292 3525 353 902

225 407 486 463 sionibus
516 407 751 471 socium,
781 405 1081 476 requiescit
1105 422 1169 460 ac
1188 406 1445 477 respirat.
1472 408 1592 461 Hoc
1615 407 1673 461 in
1702 407 1832 471 fide,
1854 407 2035 466 Asive
2052 410 2201 479 quod
2222 409 2368 480 ignis
2391 410 2679 465 descendit
2702 411 2771 465 de
2792 411 2952 467 caelo.
2978 416 3042 466 ut
3058 413 3116 468 in
3146 414 3525 472 Theodotione

224 496 333 551 hoc
354 498 413 551 in
428 496 792 551 tribulatione
822 495 1199 566 qualicunque
1225 496 1369 550 solet
1392 496 1846 550 accidere.Valde

226 589 385 643 enim
414 593 502 649 est
528 587 725 658 fragile
751 603 935 657 genus
968 586 1277 640 humanum
1297 587 1649 657 nimiumque
1679 586 1843 642 haesi-

234 683 371 731 tans
397 677 454 730 in
483 675 859 746 cogitatione;
893 679 1237 746 quapropter
1264 675 1583 729 necessaria
1613 681 1699 729 est
1717 691 1844 729 con-

226 766 435 820 solatio
466 782 528 818 ex
559 764 992 835 przecedentium
1024 763 1133 816 fide
1158 768 1213 816 et
1246 764 1844 834 patientia.Apostolus

228 868 369 924 ergo
401 869 469 907 ex
503 851 757 921 patribus
782 868 878 905 eos
907 851 1132 922 quidem
1161 852 1550 906 hortatur.scd
1567 853 1747 923 primo
1778 869 1843 906 ex

228 942 519 996 communi
560 941 743 1005 initio,
775 940 1001 994 dicens:
1033 940 1393 994 Manifestum
1434 946 1536 1002 est,
1570 942 1703 1010 quia
1730 957 1844 996 non

229 1046 298 1084 ex
326 1029 608 1087 stantibus
629 1046 751 1100 quae
785 1034 920 1082 sunt
938 1029 1088 1083 Deus
1124 1028 1240 1083 haec
1268 1029 1418 1094 fecit,
1439 1029 1533 1082 sed
1556 1046 1621 1083 ex
1650 1029 1845 1084 invisi-

228 1117 440 1173 bilibus
470 1118 731 1183 visibilia,
758 1135 821 1171 ex
852 1134 963 1170 non
991 1117 1358 1172 existentibus
1381 1117 1699 1172 existentia.
1732 1118 1845 1172 Ra-

233 1207 563 1263 tiocinando
590 1206 694 1260 hoc.
718 1206 974 1260 invenire
1011 1222 1121 1260 non
1153 1222 1454 1276 possumus
1470 1207 1749 1277 quomodo
1769 1207 1843 1260 fe-

228 1296 375 1349 cerit
415 1312 480 1348 ex
512 1295 688 1348 nihilo
720 1294 926 1357 omnia,
963 1294 1049 1347 vel
1088 1311 1151 1347 ex
1184 1294 1556 1349 invisibilibus
1583 1295 1841 1361 visibilia,

229 1382 367 1456 quia
405 1399 517 1437 non
544 1398 769 1436 eramus
794 1383 1016 1453 quando
1053 1383 1200 1435 facta
1222 1382 1540 1437 sunt.Uude
1565 1400 1698 1453 ergo
1719 1400 1844 1436 cer-

229 1478 363 1533 tum
380 1471 651 1525 habetur?
672 1471 876 1541 Utique
897 1471 1257 1524 manifestum
1280 1478 1384 1536 est,
1417 1473 1565 1542 quod
1597 1472 1726 1525 fidei
1757 1489 1844 1526 res

234 1565 326 1613 est
355 1559 467 1613 ista
495 1560 741 1613 credere.
771 1559 907 1612 Fide
939 1560 1145 1629 quippe
1174 1560 1457 1613 credimus
1484 1565 1673 1631 aptata
1700 1577 1839 1623 esse,

230 1646 292 1701 id
325 1654 414 1702 est
454 1648 700 1718 perfecta
740 1665 838 1701 seu
870 1647 1034 1711 facta,
1060 1649 1281 1709 saecula,
1315 1648 1444 1718 quia
1468 1666 1577 1702 non
1613 1666 1677 1701 ex
1713 1648 1844 1701 visi-

1928 496 2294 567 legitur,quia
2315 499 2968 555 inﬂammavitDominus
2996 504 3312 573 superAbel
3343 516 3401 558 et
3427 523 3525 560 su-

1927 600 2027 654 per
2057 602 2294 639 munera
2322 588 2463 656 ejus,
2497 603 2595 641 seu
2640 604 2740 657 per
2780 589 2935 642 illam
2984 592 3321 646 sententiam
3354 610 3462 664 qua
3491 612 3527 650 a

1928 671 2170 727 Domino
2200 673 2257 727 in
2290 675 2588 744 Evangelio
2618 680 2703 729 est
2727 676 2990 732 laudatus
3019 680 3526 754 comprobatusque

1927 767 2013 814 est
2040 778 2163 815 esse
2189 763 2497 831 justus.Sic
2515 764 2664 818 enim
2688 764 2826 818 dixit
2844 767 3117 822 Dominus
3143 768 3201 822 in
3227 771 3526 840 Evangelia

1923 848 2076 917 (Luc.
2095 854 2193 914 x1):
2221 852 2397 904 Amen
2421 854 2539 905 dico
2568 854 2733 915 vobis,
2751 858 3069 921 requiratur
3092 862 3273 912 onmis
3296 864 3527 927 sanguis

1922 944 2199 1005 )ustorum
2224 943 2323 1007 qui
2336 942 2537 1006 e/I‘usus
2550 946 2625 993 est
2646 948 3029 1010 superterram
3052 962 3086 998 a
3105 950 3377 1014 sanguine
3396 951 3528 1004 Abel

1914 1030 2062 1093 justi
2092 1044 2260 1097 usque
2292 1030 2366 1081 ad
2392 1033 2723 1095 sanguinein
2761 1034 3043 1088 Zachariae
3088 1035 3189 1089 filii
3218 1037 3524 1093 Barachize.

1928 1114 2035 1168 Per
2062 1115 2216 1169 illam
2245 1117 2414 1170 etiam
2440 1118 2677 1172 hostiam
2698 1117 2883 1174 adhuc
2912 1122 3162 1193 loquitur
3184 1124 3301 1193 jam
3333 1126 3527 1182 defun-

1926 1208 2069 1267 ctus,
2094 1209 2155 1257 ut
2188 1204 2411 1258 dicitur:
2432 1205 2672 1273 Sanguis
2688 1209 2814 1261 Abel
2839 1212 3043 1264 clamat
3067 1214 3140 1265 ad
3166 1229 3248 1266 me
3289 1215 3352 1269 de
3374 1222 3527 1273 term

1929 1292 2076 1353 (Gen.
2113 1297 2208 1354 ιγ).
2245 1293 2361 1346 sive
2390 1293 2573 1347 adhuc
2600 1295 2867 1365 loquitur,
2894 1298 2998 1351 hoc
3029 1304 3133 1361 est,
3157 1301 3288 1355 licet
3317 1302 3527 1358 intere-

1929 1380 2096 1433 merit
2123 1397 2250 1434 eum
2272 1389 2727 1452 corpore,tamen
2755 1385 2877 1453 ejus
2899 1385 3136 1455 gloriam
3186 1405 3296 1442 non
3345 1392 3529 1460 potuit

1926 1469 2251 1523 interimere
2280 1486 2407 1523 cum
2455 1487 2540 1523 eo.
2578 1470 2721 1526 Dum
2753 1473 2900 1526 enim
2922 1475 3103 1544 gloria
3130 1475 3281 1530 illius
3312 1478 3369 1532 in
3409 1484 3526 1533 toto

1927 1558 2135 1611 mundo
2165 1558 2522 1628 praedicatur,
2551 1558 2685 1613 dum
2717 1561 2836 1630 ejus
2867 1562 2991 1617 laus
3028 1562 3085 1617 in
3132 1581 3229 1618 ore
3272 1566 3526 1620 omnium

1926 1647 2338 1707 versatur.dum
2357 1663 2486 1702 eum
2499 1664 2693 1702 omnes
2704 1649 2956 1703 admiran
2966 1653 3332 1723 tur,quotidie
3343 1655 3528 1717 adhuc

228 1735 465 1801 bilibus,
488 1736 582 1789 sed
608 1753 670 1789 ex
703 1736 1070 1789 invisibilibus
1091 1737 1233 1789 facta
1264 1745 1395 1789 sunt
1424 1754 1546 1806 quae
1563 1736 1821 1791 videntur
1868 1757 1905 1813 ῃ
1924 1735 2053 1787 licet
2081 1735 2375 1789 defunctus
2409 1737 2685 1806 loquitur:
2723 1737 2815 1807 qui
2843 1738 2988 1791 enim
3034 1740 3177 1794 alios
3206 1758 3308 1796 suo
3338 1758 3527 1798 exem-

230 1824 549 1879 lnvisibilia
576 1834 765 1881 autem
795 1825 880 1879 hic
894 1842 1191 1895 possumus
1211 1825 1526 1895 intelligere
1547 1827 1841 1879 informem

238 1913 544 1969 materiam
567 1913 635 1969 de
655 1930 762 1983 qua
786 1913 991 1967 dicitur
1015 1913 1072 1967 in
1086 1913 1311 1966 exordio
1329 1913 1578 1967 Genesis:
1598 1917 1661 1968 In
1680 1918 1844 1981 prin-

232 2005 384 2070 cipio
410 2005 537 2070 fecit
570 2005 710 2057 Deus
735 2005 929 2057 catlum
954 2008 1002 2055 et
1030 2002 1339 2069 terramqln
1375 2003 1498 2056 cceli
1528 2011 1715 2057 autem
1749 2020 1845 2056 no-

236 2091 399 2145 mine
427 2107 538 2145 non
557 2098 641 2145 est
665 2091 1091 2160 intelligendum
1124 2090 1275 2144 istud
1302 2092 1502 2144 caelum
1533 2092 1841 2162 corporale,

235 2174 392 2251 quod
424 2180 740 2251 appellatur
760 2179 1304 2235 firmamentum.sed
1336 2180 1587 2248 angelica
1617 2187 1840 2241 natura,

234 2268 477 2338 cxx-lique
506 2268 816 2339 spiritales:
852 2284 953 2338 per
984 2275 1191 2321 terram
1227 2284 1355 2320 vero
1387 2268 1721 2337 intelligitur
1759 2269 1844 2321 in-

241 2357 449 2412 formis
481 2358 836 2423 materies,de
866 2373 977 2427 qua
1011 2356 1152 2409 facta
1184 2362 1314 2409 sunt
1344 2357 1700 2425 postmodum
1733 2373 1848 2409 om-

243 2446 344 2499 nia
375 2446 707 2519 corporalia,
764 2462 885 2515 quae
923 2452 1059 2498 tunc
1104 2444 1517 2514 quodammodo
1551 2445 1850 2499 invisibilia

233 2535 655 2605 erant,quando
674 2526 918 2588 tenebrze
936 2540 1097 2586 erant
1118 2548 1286 2603 super
1305 2533 1504 2586 faciem
1530 2533 1735 2604 abyssi.
1774 2535 1846 2586 Ex

232 2622 510 2683 invisibili
540 2628 728 2678 autem
756 2620 994 2677 materia
1022 2622 1169 2675 facta
1193 2626 1322 2675 sunt
1348 2620 1601 2681 visibilia.
1622 2622 1847 2691 quando

230 2728 342 2783 per
373 2711 585 2783 species
604 2717 660 2765 et
698 2712 907 2764 formas
930 2710 1108 2765 divisa
1136 2716 1193 2763 et
1220 2710 1461 2765 discreta
1483 2717 1617 2764 sunt
1634 2711 1843 2764 omnia.

236 2800 443 2855 Potest
474 2805 531 2853 et
566 2800 675 2853 alio
707 2799 870 2852 modo
902 2799 1312 2868 intelligi.quod
1340 2798 1479 2852 dicit
1502 2814 1566 2853 ex
1598 2798 1846 2852 invisibi-

232 2889 397 2944 libus
421 2888 661 2942 visibilia
706 2888 844 2941 fieri.
882 2886 1245 2942 Invisibiliter
1272 2888 1514 2942 mundus
1543 2894 1847 2957 antequam

233 2962 591 3035 formaretur
615 2976 671 3030 in
694 2977 795 3032 Dei
824 2976 1103 3048 sapientia
1129 2982 1268 3039 erat,
1287 2976 1382 3045 qui
1412 2983 1600 3030 tamen
1631 2993 1730 3047 per
1751 2993 1847 3030 ex-

1926 1823 2016 1892 plo
2046 1824 2314 1877 admonet
2346 1832 2408 1878 ut
2429 1824 2571 1893 justi
2602 1825 2734 1888 sint,
2768 1827 2957 1895 aliquo
2988 1829 3152 1882 modo
3182 1830 3450 1900 loquitur.

1999 1910 2120 1971 Fide
2149 1913 2362 1966 Ilenoch
2417 1916 2724 1967 translatus
2750 1920 2826 1967 est
2857 1932 2921 1967 ne
2952 1918 3153 1970 rideret
3192 1924 3444 1986 mortem,
3477 1922 3527 1977 et

1926 2016 2037 2053 non
2061 2002 2465 2063 inveniebatur,
2482 2005 2613 2070 quia
2636 2005 2925 2056 transtulit
2954 2006 3118 2058 illum
3133 2005 3527 2065 Deus.Henocb

1928 2105 2027 2157 per
2050 2088 2216 2142 fidem
2240 2089 2449 2158 placuit
2476 2090 2744 2161 Deo,quae
2762 2090 2869 2144 fuit
2893 2089 3053 2146 bonis
3078 2094 3341 2164 operibus
3362 2082 3527 2151 exon-

1928 2177 2318 2240 nata,credens
2335 2193 2398 2230 se
2422 2178 2651 2231 omnino
2673 2195 2772 2248 per
2808 2179 2961 2233 illam
2985 2176 3203 2252 placere
3223 2183 3358 2239 Deo.
3378 2185 3524 2248 Qua-

1928 2270 2157 2335 prOpter
2174 2266 2485 2320 translatus
2511 2273 2598 2320 est
2626 2266 2683 2320 in
2710 2268 3033 2337 paradisum
3064 2274 3529 2335 terrenum,unde

1928 2354 2210 2424 quondam
2244 2355 2457 2423 ejectus
2482 2355 2665 2409 fuerat
2694 2356 2905 2409 Adam:
2940 2357 3195 2412 videlicet
3221 2376 3290 2414 ne
3321 2360 3533 2431 experi-

1927 2448 2084 2495 retur
2103 2449 2341 2497 mortem
2362 2444 2751 2513 temporalem,
2777 2445 2954 2499 donec
2982 2451 3204 2519 tempus
3224 2450 3384 2504 aDeo
3404 2466 3532 2504 con-

1927 2531 2187 2585 stitutum
2222 2538 2530 2602 percurrat.
2557 2534 2677 2596 Quo
2707 2533 2905 2591 habitu
2946 2552 3076 2590 vero
3124 2539 3208 2592 vel
3239 2555 3348 2609 quo
3376 2544 3530 2595 statu

1930 2619 2095 2672 modo
2117 2620 2393 2673 existatin
2413 2622 2692 2690 paradiso,
2708 2638 2818 2675 non
2837 2629 2921 2676 est
2943 2631 3197 2678 nostrum
3218 2626 3525 2697 inquirere.

1932 2709 2047 2763 l-loc
2066 2714 2253 2762 tamen
2277 2709 2616 2767 credendum
2629 2711 2875 2779 est,quia
2893 2712 3013 2766 sine
3023 2713 3212 2784 aliqua
3234 2716 3527 2782 modestia,

1931 2803 1985 2847 et
2006 2796 2127 2850 sine
2152 2797 2339 2868 aliquo
2362 2797 2551 2853 dolore
2567 2805 2668 2855 aut
2699 2798 2888 2854 labore
2908 2800 3145 2871 quiescit
3171 2802 3227 2857 in
3248 2802 3346 2857 illo
3362 2820 3531 2874 para-

1929 2885 2068 2938 diso:
2087 2880 2144 2938 et
2159 2886 2305 2940 sicut
2325 2886 2420 2941 ille
2436 2886 2567 2942 vivit
2585 2888 2707 2942 sine
2726 2888 2918 2959 aliqua
2946 2889 3370 2961 impugnatione
3400 2909 3527 2949 car-

1930 2974 2036 3035 nis,
2073 2974 2196 3029 sine
2247 2975 2437 3044 aliqua
2482 2974 2757 3042 molestia,
2798 2977 2876 3031 ita
2923 2978 3033 3033 nisi
3075 2979 3243 3034 homo
3280 2982 3530 3051 primum

234 3066 551 3139 pletionem
582 3066 767 3137 operis
784 3064 1018 3119 visibilis
1043 3066 1223 3121 factus
1244 3071 1330 3118 est
1352 3065 1613 3120 humanis
1635 3065 1846 3120 obtuti-
1869 3036 1911 3096 Ο
1934 3068 2238 3132 peccasset,
2263 3063 2539 3133 completo
2572 3064 2831 3121 omnium
2869 3083 3105 3121 numero
3134 3036 3467 3141 electorum,
3497 3085 3532 3124 a

234 3156 370 3231 bus.
403 3154 564 3219 Quod
593 3162 782 3209 autem
815 3154 968 3218 dicit,
1004 3155 1206 3208 saecula
1235 3154 1485 3224 perfecta
1512 3171 1634 3208 esse
1662 3154 1847 3208 Verbo

238 3244 481 3317 Dei,per
491 3243 693 3298 smcula
712 3242 980 3296 debemus
1007 3242 1321 3312 intelligere
1344 3243 1533 3296 omnia
1552 3260 1674 3313 quae
1703 3243 1849 3298 facta

239 3338 384 3388 sunt
414 3332 472 3386 in
494 3331 891 3402 tempore.sive
911 3332 1112 3385 sarcula
1142 3329 1310 3383 Verbi
1333 3330 1429 3384 Dei
1459 3331 1662 3395 Patris,
1687 3331 1848 3400 juxta

241 3421 399 3493 quod
447 3421 692 3475 Joannes
731 3420 900 3473 dicit:
949 3421 1149 3475 Omnia
1176 3434 1274 3485 per
1312 3422 1491 3486 ipsum
1528 3421 1678 3485 facta
1717 3425 1846 3475 sunt

236 3512 434 3579 (Joan.
464 3512 531 3575 1}:
563 3509 765 3574 saecula
789 3515 1001 3573 autem,
1032 3513 1096 3561 ut
1125 3506 1355 3560 Ovidius
1392 3507 1542 3561 Naso
1580 3508 1736 3571 dicit,
1768 3508 1850 3563 di-

238 3602 460 3663 cuntur
484 3614 520 3650 a
549 3597 857 3668 sequendo,
887 3613 951 3650 eo
982 3596 1129 3667 quod
1168 3612 1288 3649 sese
1318 3601 1645 3666 sequantur,
1679 3603 1849 3667 atque

240 3688 304 3742 in
336 3703 399 3741 se
420 3686 796 3747 revolvantur,
828 3690 971 3739 teste
1002 3686 1286 3737 Varrone:
1321 3686 1523 3739 saecula
1555 3691 1743 3739 autem
1785 3702 1849 3739 ex

240 3793 311 3831 eo
351 3775 465 3830 dici
510 3780 764 3845 possunt,
796 3790 862 3828 ex
907 3789 1016 3844 quo
1058 3775 1296 3830 varietas
1340 3774 1507 3845 coepit
1545 3790 1667 3828 esse
1706 3779 1852 3828 tem-

237 3863 401 3936 poris
414 3905 429 3919 .

314 3952 449 4004 Fide
476 3952 786 4018 plurimam
816 3952 1055 4004 hostiam
1092 3951 1221 4005 Abel
1270 3967 1441 4019 quam
1470 3952 1608 4006 Cain
1652 3950 1849 4004 obtulit

240 4041 374 4103 Deo,
384 4054 488 4108 per
506 4056 675 4108 quam
700 4043 1077 4093 testimonium
1089 4044 1405 4093 consecutus
1417 4044 1489 4093 est
1511 4054 1618 4092 esse
1635 4041 1850 4106 justus,

244 4130 633 4182 testimonium
644 4129 963 4196 per/libente
992 4129 1319 4182 muneribus
1347 4131 1466 4196 ejus
1476 4127 1654 4192 Deo,et
1670 4141 1770 4195 per
1786 4126 1854 4179 il-

246 4218 368 4269 lam
396 4216 694 4281 defunctus
742 4217 925 4270 adhuc
956 4218 1222 4285 loquitur.
1249 4214 1505 4271 Primum
1535 4213 1696 4286 ponit
1723 4229 1853 4268 eum

1929 3151 2188 3220 paradiso
2218 3158 2442 3204 terreno
2481 3154 2880 3208 transferretur
2909 3156 2979 3209 ad
3014 3157 3337 3226 paradisum
3362 3158 3531 3213 coele-

1929 3245 2089 3292 stem.
2127 3239 2200 3293 Ut
2229 3245 2418 3293 autem
2449 3241 2867 3305 transferretur,
2902 3261 3072 3298 causa
3101 3245 3205 3299 fuit
3229 3247 3377 3317 quod
3410 3247 3533 3316 pla-

1930 3329 2047 3381 cuit
2076 3326 2221 3382 Deo:
2253 3329 2349 3382 sed
2382 3318 2712 3399 ut'placeret
2736 3332 2866 3395 Deo,
2890 3349 3059 3386 causa
3085 3334 3191 3387 fuit
3216 3335 3339 3403 ejus
3369 3335 3527 3390 fides.

1931 3416 2050 3469 Nisi
2081 3416 2227 3469 enim
2258 3416 2513 3470 crederet
2557 3419 2704 3487 quod
2753 3419 3076 3476 redditurus
3116 3427 3263 3475 esset
3301 3422 3352 3476 ei
3382 3423 3532 3479 Deus

1933 3504 2270 3572 mercedem,
2323 3506 2601 3575 quomodo
2646 3507 2892 3577 placeret
2920 3507 3008 3561 ei?
3037 3510 3175 3562 Ante
3207 3514 3532 3565 translatio-

1934 3610 2057 3649 nem
2113 3596 2261 3646 enim
2309 3597 2683 3647 testimonium
2736 3595 2930 3665 habuit
2979 3599 3248 3663 placuisse
3284 3598 3409 3661 Deo,
3446 3598 3535 3651 di-

1932 3687 2093 3735 cente
2134 3682 2423 3751 Scriptura
2450 3682 2582 3752 quia
2609 3681 2917 3737 ambulavit
2961 3685 3191 3738 Henoch
3236 3701 3362 3740 cum
3391 3687 3529 3753 Deo,

1934 3769 2330 3840 obtemperans
2360 3770 2631 3824 voluntati
2661 3771 2802 3840 ejus.

2003 3859 2134 3914 Sine
2154 3860 2257 3926 ﬁde
2287 3862 2435 3913 enim
2467 3861 2799 3926 impossibile
2827 3865 2901 3914 est
2942 3862 3159 3928 placere
3186 3862 3307 3919 Deo.
3332 3862 3537 3916 Crede-

1933 3945 2032 4003 bat
2063 3947 2316 4011 Henoch,
2351 3946 2480 4017 quia
2509 3946 2556 3999 si
2587 3946 2712 4018 quis
2750 3948 3051 4004 crediderit
3092 3967 3213 4005 esse
3244 3951 3445 4014 Deum,
3479 3954 3537 4006 et

1933 4035 2005 4091 ad
2053 4051 2181 4089 eum
2238 4036 2555 4101 accesserit,
2605 4035 3030 4092 retributionem
3079 4038 3330 4093 haberet.
3391 4039 3538 4104 Quia

1934 4140 2067 4196 ergo
2098 4124 2239 4178 fides
2257 4124 2684 4179 fundamentum
2714 4129 2799 4180 est
2822 4126 3072 4181 omnium
3103 4124 3536 4195 bonorum,ideo

1934 4214 2054 4267 sine
2106 4212 2215 4266 ﬁde
2262 4229 2427 4267 nemo
2470 4219 2655 4283 potest
2702 4213 2819 4268 Deo
2867 4214 3108 4285 placere,
3144 4217 3357 4270 credere
3384 4220 3537 4273 enim

244 4304 350 4375 qui
375 4303 526 4357 mala
548 4320 746 4376 passus
775 4310 878 4368 est,
902 4310 961 4357 et
989 4305 1093 4358 hoc
1122 4323 1157 4360 a
1194 4296 1387 4367 fratre,
1412 4303 1701 4375 proprium
1734 4302 1855 4357 illo-
1937 4306 2141 4370 oportet
2171 4303 2506 4356 accedentem
2524 4303 2598 4355 ad
2627 4303 2798 4356 Deum
2836 4307 2973 4370 quia
3005 4307 3102 4367 est,
3148 4310 3199 4356 et
3238 4306 3538 4374 inquiren-

245 4409 380 4446 rum
403 4408 620 4462 ponens
640 4392 1203 4463 exemplumdﬂtenim
1236 4395 1428 4449 eadem
1454 4393 1607 4465 passi
1634 4391 1714 4445 illi
1742 4385 1923 4446 fue-D
1943 4392 2088 4443 tibus
2117 4407 2169 4443 se
2199 4395 2590 4444 remuneratur
2612 4393 2703 4444 sit.
2729 4390 3059 4462 Quicunque
3083 4392 3155 4445 ad
3176 4392 3360 4447 Deum
3388 4409 3542 4449 acce-

244 4486 383 4535 rant
405 4496 439 4533 a
460 4478 868 4534 contribulibus
898 4480 1035 4534 suis.
1070 4480 1421 4552 Quapropter
1449 4481 1710 4536 hortatur
1740 4495 1856 4544 eos,
1943 4477 2029 4532 dit
2055 4476 2350 4542 credendo,
2376 4477 2605 4531 credere
2631 4482 2892 4548 opportet
2910 4476 3070 4532 illum
3100 4478 3233 4549 quia
3256 4480 3406 4534 Deus
3434 4486 3540 4547 est,

249 4576 317 4625 ut
347 4569 500 4624 sicut
524 4569 617 4623 ille
648 4568 859 4639 injuste
889 4568 1104 4625 occisus
1133 4574 1219 4624 est
1248 4585 1282 4623 a
1301 4569 1560 4630 fratre,et
1577 4585 1689 4623 non
1707 4584 1861 4623 recu-
1942 4569 2052 4624 hoc
2079 4573 2184 4629 est,
2215 4583 2437 4638 semper
2465 4564 2637 4620 habet
2677 4582 2819 4631 esse,
2845 4567 3015 4637 juxta
3054 4569 3203 4637 quod
3244 4567 3363 4638 ipse
3404 4569 3545 4625 dixit

247 4658 399 4712 savit
427 4657 895 4728 persecutionem.
919 4656 1002 4712 ita
1020 4663 1077 4713 et
1106 4658 1186 4712 illi
1215 4673 1325 4712 non
1358 4663 1683 4713 recusarent
1702 4656 1748 4710 si
1779 4657 1863 4712 iu-
1946 4657 2017 4711 ad
2041 4657 2270 4727 Moysen
2298 4656 2484 4721 (Emod.
2521 4652 2599 4723 Ill)
2624 4672 2634 4707 :
2667 4655 2774 4721 Ego
2812 4670 2938 4707 sum
2981 4657 3081 4722 qui
3124 4670 3269 4707 sum.
3299 4656 3402 4709 Et:
3438 4656 3546 4722 Qui

243 4748 406 4816 juste
436 4751 768 4817 paterentur
791 4761 825 4799 a
853 4745 1256 4800 contribulibus
1285 4744 1666 4817 fratribusque
1719 4745 1857 4799 suis.
1946 4750 2022 4799 est
2052 4746 2203 4801 misit
2236 4760 2317 4797 me
2351 4743 2424 4795 ad
2451 4759 2565 4800 vos.
2598 4740 2839 4796 Credere
2867 4740 3037 4795 etiam
3077 4741 3264 4807 debet,
3291 4742 3424 4813 quia
3449 4742 3543 4797 in-

249 4834 571 4888 Plurimum
601 4834 891 4904 quippe,id
921 4839 1007 4887 est
1032 4835 1301 4903 majorem
1333 4833 1576 4889 hostiam
1595 4832 1734 4887 Abel
1762 4832 1864 4887 ob-

248 4922 390 4977 tulit
408 4922 525 4977 Deo
563 4938 729 4992 quam
760 4921 923 4987 Cain,
959 4937 1069 4975 non
1098 4922 1245 4993 quod
1276 4922 1371 4976 illa
1400 4922 1587 4977 hostia
1612 4922 1670 4977 in
1696 4921 1864 4976 rebus

249 5009 578 5066 carnalibus
627 5010 809 5079 major
849 5009 1173 5071 exstitisset,
1199 5010 1295 5064 sed
1346 5010 1618 5083 quidquid
1665 5010 1864 5066 melius

250 5098 456 5154 habuit
483 5097 623 5153 Abel
656 5115 756 5168 per
778 5099 944 5153 fidem
960 5099 1073 5154 Deo
1098 5097 1363 5153 benevolo
1385 5098 1572 5154 animo
1604 5099 1857 5169 protulit,

252 5195 315 5243 et
337 5187 537 5243 exinde
552 5187 605 5241 ei
638 5204 741 5243 sua
762 5188 1133 5259 multiplicata
1155 5187 1464 5253 fuerunt,et
1490 5186 1863 5257 intelligimus

252 5276 444 5345 ipsum
475 5292 577 5346 per
605 5276 710 5328 hoc
740 5276 1016 5347 placuisse
1048 5276 1182 5330 Deo.
1206 5274 1341 5328 Fide
1365 5289 1608 5343 namque
1637 5273 1743 5329 hoc
1775 5275 1860 5327 fe-

253 5364 357 5437 cit,
372 5364 504 5434 quia
531 5364 769 5417 credidit
798 5364 911 5417 haec
940 5380 1061 5434 qua:
1092 5363 1238 5418 bona
1263 5362 1549 5416 voluntate
1574 5361 1861 5428 offerebat,

255 5453 379 5511 Deo
406 5452 627 5523 placere
667 5458 726 5506 et
771 5468 832 5505 se
874 5452 1348 5505 remunerandum
1377 5449 1640 5504 credebat
1676 5449 1747 5504 ab
1775 5466 1859 5504 eo.

255 5541 673 5607 Testimonium
688 5557 910 5614 quoque
922 5542 1037 5597 Deo
1046 5540 1376 5613 perhibente
1386 5537 1714 5594 muneribus
1724 5540 1868 5613 ejus,

1948 4830 2302 4903 quirentibus
2329 4846 2390 4884 se
2417 4846 2518 4901 per
2541 4829 2688 4884 bona
2716 4845 2907 4899 opera,
2939 4829 3100 4899 juxta
3121 4830 3270 4900 quod
3300 4830 3543 4887 Psalmi-

1947 4928 2036 4977 sta
2060 4920 2214 4985 dicit,
2256 4916 2488 4987 Ouzrite
2519 4920 2841 4978 Dominum,
2866 4923 2914 4971 et
2936 4921 3353 4985 conﬁrmamini
3379 4922 3543 4989 (Psat.

1949 5012 2079 5075 CIV),
2106 5013 2350 5063 aeternus
2373 5013 2432 5065 et
2458 5023 2626 5061 verus
2657 5010 3048 5061 remuneratur
3074 5007 3167 5061 sit.
3206 5032 3234 5049 -
3440 5056 3445 5063 ,
3528 5053 3533 5083 τ

2017 5098 2142 5152 Fide
2171 5101 2229 5151 et
2252 5096 2384 5160 Noe,
2413 5111 2664 5164 responso
2706 5102 2915 5162 accepto
2952 5096 3015 5148 de
3062 5097 3149 5150 his
3204 5114 3323 5167 qua:
3367 5100 3550 5159 adhuc

1949 5202 2062 5240 non
2082 5186 2430 5250 videbantur,
2456 5182 2560 5237 hoc
2587 5188 2691 5246 est,
2722 5184 2790 5237 de
2818 5182 3366 5250 imbribus,metuens
3393 5195 3552 5259 apta-

1951 5278 2025 5330 vit
2065 5289 2258 5327 arcam
2283 5275 2344 5326 in
2363 5274 2595 5326 salutem
2620 5271 2812 5325 domus
2841 5289 2970 5335 sua,
2997 5290 3100 5341 per
3128 5293 3318 5344 quam,
3341 5278 3547 5336 subau-

1949 5363 2033 5416 dis
2064 5362 2251 5422 ﬁdem,
2275 5358 2562 5415 damnavit
2590 5360 3310 5433 mundum,comparatione
3339 5368 3551 5423 scilicet

1953 5449 2201 5504 melioris
2227 5448 2358 5502 fidei
2387 5452 2445 5503 et
2468 5446 2632 5515 facti;
2664 5453 2711 5500 et
2729 5450 2969 5515 justitia:
2997 5468 3116 5521 quae
3139 5470 3241 5521 per
3259 5456 3420 5519 ﬁdem
3447 5460 3541 5517 est,

1953 5540 2121 5596 haeres
2150 5542 2225 5594 est
2256 5538 2565 5591 institutus.
2584 5536 2718 5592 Fide
2734 5538 2973 5596 credidit
2990 5540 3106 5596 Deo
3120 5542 3271 5616 quod
3292 5540 3547 5598 inductu-
