3992 6166
522 268 624 328 903

966 266 1344 323 HAYMONIS
1387 265 1877 323 HALBERSTAT.
1912 264 2138 324 El’lSC.
2179 263 2338 320 OPP.
2365 264 2551 321 PARS
2579 265 2624 320 l.
2658 295 2723 309 -—-
2755 263 3131 324 COMMENT.
3169 269 3351 333 BIBL.

3644 276 3733 334 901

523 413 621 451 rus
646 402 795 451 esset
843 411 1019 466 aquas
1075 410 1245 465 super
1295 398 1528 458 terram,
1576 391 1797 446 dicente
1843 391 1949 446 sibi
1997 388 2534 460 illo,Agrinantem,
2558 394 2616 442 et
2644 376 2785 443 nihil
2824 389 3497 466 turbabatur.Quanquam
3520 399 3651 453 enim
3678 405 3734 455 ad

521 486 675 555 (Gen.
702 490 801 547 γης
838 486 989 538 Finis
1013 486 1281 537 universas-
1310 484 1498 536 earm's
1526 484 1675 534 venit
1703 497 1887 535 coram
1928 498 2031 542 me,
2064 484 2111 532 et

526 575 791 628 inducam
820 587 1021 640 aquam
1046 586 1209 637 super
1237 585 1347 622 eos:
1392 571 1482 637 fac
1510 570 1611 621 tibi
1639 585 1832 622 aream
1856 570 1918 621 de
1952 571 2120 636 lignis

526 664 773 729 lerigatis
793 665 839 713 et
858 664 1059 713 caetera
1092 674 1213 729 quae
1245 662 1595 727 sequuntur:
1630 662 1687 710 et
1715 656 1841 710 ideo
1870 656 2118 711 salvatus

526 756 613 806 est
639 766 765 804 cum
806 747 955 802 omni
987 748 1154 800 domo
1184 762 1305 804 sua.
1329 746 1435 799 hoc
1465 750 1567 809 est,
1594 745 1806 799 familia
1834 762 1953 799 sua.
1990 746 2119 799 Per-

521 839 726 894 fectum
785 842 972 890 autem
1027 834 1213 906 operis
1241 839 1340 887 aut
1369 834 1600 887 rationis
1647 834 2112 905 experimentum,

521 927 663 982 nihil
704 926 759 980 in
807 926 912 979 hac
941 940 1109 978 causa
1138 923 1387 994 profecit.
1423 921 1739 989 Nubebant,
1767 922 1970 993 inquit,
1998 922 2114 989 alii,

522 1026 585 1072 ut
634 1015 716 1070 ait
737 1014 1011 1070 Dominus
1040 1012 1095 1066 in
1128 1012 1451 1083 Evangelio,
1487 1017 1545 1066 et
1578 1028 1677 1066 aer
1701 1028 1934 1066 serenus
1972 1017 2112 1076 erat.

521 1106 683 1177 signa
703 1118 926 1174 quoque
947 1101 1123 1155 millia
1142 1100 1491 1172 apparebant
1508 1100 2114 1155 diluviizverumtamen

519 1195 615 1250 ille
642 1193 852 1260 timuit,
884 1197 1056 1260 atque
1076 1207 1177 1261 per
1197 1189 1361 1243 ﬁdem
1394 1188 1464 1243 de
1494 1188 1580 1242 his
1611 1205 1733 1259 quae
1761 1189 2000 1243 necdum
2029 1189 2113 1243 vi-

521 1282 800 1339 debantur
841 1286 1120 1344 metuens,
1153 1278 1462 1332 construxit
1517 1293 1704 1331 arcam
1762 1278 1819 1331 in
1873 1278 2110 1332 salutem

520 1372 749 1427 familia:
790 1386 925 1433 suae,
963 1385 1062 1438 per
1092 1383 1260 1438 quam
1302 1367 1471 1420 ﬁdem
1515 1365 1804 1420 damnavit
1839 1367 2112 1420 mundum

521 1458 942 1531 comparatione
993 1456 1122 1509 ﬁdei
1151 1471 1284 1521 sum,
1315 1471 1481 1525 quam
1515 1455 1758 1509 mundus
1785 1454 1991 1510 habere
2021 1472 2119 1510 no-

520 1548 644 1604 luit.
677 1545 939 1603 Ostendit
975 1546 1122 1599 enim
1164 1560 1260 1597 eos
1287 1544 1487 1613 dignos
1543 1543 1647 1597 hoc
1696 1544 1985 1615 supplicio,
2020 1544 2117 1614 qui

2202 477 2383 548 ipsum
2435 476 2645 531 dictum
2677 484 2843 544 esset,
2873 479 3007 550 quia
3035 480 3135 534 tibi
3162 481 3302 535 dabo
3340 491 3396 538 et
3432 487 3614 541 semini
3638 494 3742 557 tuo,

2200 581 2310 620 non
2325 582 2426 637 per
2444 582 2502 620 se
2510 582 2634 620 men
2649 566 2871 633 tibi,sed
2886 567 2988 621 tibi
3005 573 3062 622 et
3075 570 3575 639 seminituo,tameu
3595 592 3743 648 neque

2199 654 2530 725 ipse,neque
2551 653 2919 727 Isaac,neque
2938 657 3108 711 Iacob
3127 660 3289 729 potiti
3307 662 3743 735 suuthacpromis-

2198 742 2374 805 sione,
2401 743 2498 797 sed
2551 744 2827 798 successio
2875 744 3117 800 illorum.
3152 747 3217 802 Et
3255 749 3384 819 quia
3412 753 3618 821 quando
3643 754 3744 809 obe-

2198 830 2339 885 divit
2366 832 2502 898 Deo,
2536 832 2726 886 exiens
2777 833 2847 887 de
2876 839 3026 888 terra
3079 852 3201 905 sua,
3230 853 3342 892 non
3383 838 3662 895 vocabatur
3691 844 3747 897 A-

2200 918 2458 987 braham,
2490 921 2587 975 sed
2635 921 2868 978 Abram.
2902 921 3037 978 Ideo
3065 926 3431 993 considerate,
3460 928 3591 982 dixit
3634 930 3748 1001 Apo-

2198 1009 2376 1064 stolus
2401 1028 2411 1061 :
2440 1011 2565 1064 Fide
2587 1014 2687 1079 qui
2703 1016 2931 1065 vocatur
2945 1015 3406 1076 nuncAbraham,
3437 1021 3563 1070 tunc
3587 1025 3742 1073 autem

2196 1097 2500 1152 vocabatur
2524 1097 2754 1165 Abram,
2790 1106 3041 1154 moratus
3081 1106 3156 1155 est
3199 1106 3263 1157 in
3309 1109 3457 1157 terra
3498 1111 3748 1174 repromis-

2194 1189 2369 1240 sionis
2399 1190 2562 1255 quasi
2608 1190 2670 1241 in
2710 1190 2916 1243 aliena.
2944 1188 3198 1244 Primum
3241 1192 3463 1262 quidem
3492 1193 3747 1249 vocabatur

2195 1275 2291 1328 ille
2320 1274 2548 1339 Abram,
2574 1275 2776 1331 deinde
2806 1293 2936 1331 vero
2955 1277 3260 1334 Abraham.

2247 1394 2254 1401 ι
2270 1363 2624 1433 Exspectabat
2646 1368 2794 1419 cnim
2814 1368 3183 1433 fundamenta
3195 1370 3474 1423 habentem
3490 1374 3742 1439 ciritatem,

2197 1455 2357 1520 cujus
2385 1454 2593 1519 arti/ea:
2618 1458 2669 1507 et
2690 1456 2939 1507 conditor
2964 1456 3124 1509 Deus.
3158 1456 3367 1511 Civitas
3395 1474 3619 1530 superna
3639 1460 3742 1516 fun-

2197 1538 2464 1594 damenta
2494 1540 2702 1596 habere
2725 1542 2932 1597 dicitur
2960 1549 3189 1616 propter
3214 1546 3568 1602 stabilitatem
3593 1554 3643 1602 et
3663 1550 3746 1603 tir-

521 1651 703 1708 neque
731 1651 833 1706 per
858 1637 1081 1688 centum
1114 1648 1391 1685 annorum
1428 1631 1611 1701 spatia
1635 1632 1785 1686 illius
1813 1649 1956 1687 arcte
1985 1650 2117 1687 con-
2197 1626 2452 1682 mitatem
2481 1629 2596 1687 sui.
2636 1630 2698 1684 In
2732 1646 2845 1701 qua
2890 1631 2987 1701 qui
3043 1633 3217 1687 semel
3269 1633 3449 1688 locum
3494 1634 3745 1703 invenerit.

519 1724 827 1781 structione
854 1721 1057 1791 corrigi
1081 1720 1395 1774 voluerunt.
1414 1719 1523 1773 Per
1550 1720 1717 1774 ﬁdem
1749 1737 1970 1792 quoque
1998 1738 2111 1776 non
2129 1708 2176 1768 Β
2199 1731 2486 1787 nunquam
2520 1719 2728 1788 poterit
2775 1719 3162 1775 exbml‘edital'i
3199 1738 3384 1794 neque
3429 1725 3595 1778 θνεηίο
3624 1726 3743 1790 Ideo.

519 1830 621 1887 per
654 1813 839 1883 legem
867 1811 1046 1865 haeres
1090 1809 1319 1874 iustitia:
1357 1813 1443 1862 est
1483 1808 1797 1877 institutus,
1826 1809 1959 1864 dum
1992 1810 2111 1881 ipse

517 1904 670 1957 solus
697 1900 864 1955 ﬁdem
889 1903 1115 1971 patrum
1147 1896 1351 1965 tenuit,
1370 1913 1537 1969 quam
1568 1896 1637 1951 ab
1675 1898 1770 1952 illo
1802 1898 1990 1953 caeteri
2035 1898 2116 1953 di-

516 1991 789 2048 dicarunt.
826 1989 1018 2043 Haeres
1060 1991 1248 2041 autem
1296 1986 1455 2056 regni
1505 1987 1771 2041 caelorum
1816 1988 1898 2041 vel
1939 1988 2114 2043 haeres

520 2080 716 2137 mundi
746 2077 969 2143 dicitur,
999 2075 1132 2147 quia
1177 2074 1246 2129 de
1276 2075 1490 2129 semine
1539 2091 1642 2129 sua
1688 2074 1795 2129 fuit
1834 2076 2115 2146 reparatio

520 2169 737 2235 mundi,
771 2172 829 2221 et
843 2183 906 2221 ex
924 2166 1031 2219 hoc
1052 2164 1317 2236 apparuit
1331 2165 1541 2233 justus,
1569 2163 1698 2234 quia
1711 2164 1949 2219 credidit
1975 2164 2112 2221 Deo.

589 2258 715 2313 Fide
737 2258 836 2324 qui
861 2258 1089 2309 vocatur
1109 2269 1261 2307 nunc
1289 2251 1573 2308 Abraham
1596 2252 1830 2306 obedirit
1855 2255 1919 2307 in
1936 2255 2116 2307 locum

518 2350 686 2411 exire,
710 2360 869 2413 quem
882 2347 1202 2411 accepturus
1221 2346 1339 2395 erat
1359 2344 1422 2394 in
1463 2341 1851 2396 hzreditatem.
1881 2346 1931 2395 et
1945 2344 2116 2396 exivit

520 2438 761 2490 nesciens
804 2450 909 2503 quo
957 2435 1082 2497 iret,
1115 2430 1274 2502 quasi
1316 2429 1544 2493 diceret,
1577 2433 1633 2482 et
1680 2428 1800 2499 ipse
1833 2428 2113 2483 Abraham

518 2540 621 2595 per
646 2523 813 2578 ﬁdem
837 2520 1047 2593 placuit
1064 2520 1198 2574 Deo:
1224 2518 1415 2573 statim
1434 2518 1583 2572 enim
1606 2522 1671 2571 ut
1697 2517 1748 2572 ei
1774 2517 1915 2571 dixit
1932 2516 2111 2573 Deus:

522 2612 628 2666 Emi
653 2612 716 2664 de
742 2615 893 2663 terra
919 2608 1239 2669 tua,etrade
1270 2608 1331 2659 in
1363 2613 1571 2659 terram
1592 2621 1762 2674 quam
1781 2611 2115 2661 monstrare-

522 2716 585 2753 ro
608 2700 727 2764 tibi,
758 2699 999 2765 daboque
1048 2698 1209 2749 illam
1242 2695 1344 2747 tibi
1369 2699 1416 2747 et
1446 2696 1650 2747 semini
1694 2700 1785 2747 tuo
1812 2695 1959 2759 (Gen.
1993 2697 2110 2760 xu),

525 2786 764 2843 credidit
784 2786 922 2851 Deo,
954 2790 1013 2839 et
1041 2783 1211 2838 exivit
1239 2782 1297 2836 in
1330 2782 1509 2835 locum
1551 2781 1610 2835 in
1644 2797 1809 2852 quem
1835 2782 1887 2836 ei
1915 2798 2114 2854 praece-

2195 1803 2399 1874 inquit,
2430 1805 2513 1859 illi
2544 1805 2654 1860 ﬁde
2687 1806 2888 1860 morati
2918 1813 3050 1863 sunt
3086 1809 3145 1863 in
3176 1815 3331 1865 terra
3352 1812 3747 1883 repromissionis

2196 1893 2356 1963 quasi
2386 1893 2441 1947 in
2474 1894 2678 1960 aliena,
2704 1895 2835 1965 quia
2866 1897 3331 1969 repromissiones
3360 1900 3417 1954 in
3445 1906 3583 1974 terra
3608 1901 3747 1955 tactas

2196 1997 2309 2035 non
2335 1982 2719 2046 attendebant,
2748 1985 2848 2039 sed
2879 1985 3125 2040 futuram
3159 1987 3408 2059 quietem
3454 1989 3746 2061 quaerebant.

2200 2071 2585 2127 Ostenderunt
2638 2073 2787 2127 enim
2838 2073 3050 2146 seipsos
3086 2076 3401 2146 majoribus
3427 2095 3542 2133 esse
3566 2078 3747 2150 dignos,

2197 2158 2405 2213 idcirco
2436 2177 2546 2214 non
2578 2162 2834 2232 permisit
2862 2179 2958 2217 eos
2982 2165 3234 2235 accipere
3266 2166 3394 2226 ista.
3423 2167 3544 2238 quia
3572 2169 3748 2238 majora

2198 2248 2334 2303 dare
2361 2248 2598 2303 volebat.

2270 2339 2398 2391 Fide
2426 2343 2474 2391 et
2514 2342 2632 2408 ipsa
2660 2340 2805 2395 Sara
2836 2345 3041 2396 sterilis
3070 2346 3335 2398 virtutem
3370 2348 3427 2398 in
3459 2349 3747 2415 conceptione

2198 2428 2429 2479 seminis
2456 2431 2862 2496 accepit,etiam
2888 2437 3089 2499 prater
3119 2438 3338 2501 tempus
3365 2437 3532 2488 atatis
3553 2449 3751 2505 genera-

2198 2514 2565 2583 vit,quoniam
2599 2518 2810 2583 ﬁdelem
2833 2520 3067 2572 credidit
3086 2524 3186 2588 qui
3218 2521 3752 2588 repromiserat.Qua3-

2196 2602 2305 2656 stio
2356 2603 2445 2657 hic
2491 2604 2673 2659 oritur
2703 2622 2877 2675 quare
2928 2606 3080 2662 dicat
3129 2608 3239 2663 ﬁde
3281 2610 3551 2682 accepisse
3592 2610 3750 2665 Seram

2200 2693 2466 2745 virtutem
2508 2694 2877 2765 concipiendi,
2924 2712 3049 2749 cum
3106 2696 3178 2750 ab
3215 2699 3421 2769 angelo
3466 2699 3753 2769 reprehensa

2197 2779 2291 2844 sit,
2324 2796 2426 2834 cur
2455 2781 2645 2835 riserit
2672 2798 2839 2837 causa
2870 2783 3219 2839 inﬁdelitatis
3240 2785 3271 2838 ?
3302 2785 3473 2841 Risus
3509 2787 3642 2843 enim
3678 2786 3751 2841 ille

517 2882 699 2950 perat,
731 2876 986 2931 nesciens
1035 2890 1145 2945 quo
1183 2872 1385 2927 abiret.
1419 2871 1653 2942 Ignotus
1699 2871 1848 2925 enim
1895 2874 1946 2925 ei
2001 2878 2121 2927 erat
2204 2866 2425 2921 etiamsi
2451 2869 2643 2938 gaudii
2676 2876 2731 2924 et
2765 2871 2946 2941 plena:
2974 2872 3099 2927 ﬁdei
3132 2889 3241 2927 non
3280 2874 3405 2936 fuit,
3437 2876 3573 2931 risus
3597 2880 3750 2929 autem

516 2967 670 3022 locus
698 2971 757 3021 et
785 2964 1061 3019 habitatio
1099 2962 1254 3016 illius
1275 2966 1477 3015 terrae:
1513 2966 1569 3014 et
1597 2960 1653 3013 in
1686 2965 1961 3030 quantum
2002 2977 2118 3015 am-

516 3054 730 3110 bulavit
751 3071 851 3125 per
868 3053 1034 3107 ﬁdem
1067 3048 1392 3105 ambulavit.
1426 3048 1551 3103 Sive
1571 3048 1823 3103 nesciens
1848 3064 1958 3120 quo
1985 3048 2111 3117 iret,

516 3143 782 3215 quoniam
812 3158 977 3214 quem
1013 3138 1337 3195 imitaretur
1357 3153 1467 3191 non
1499 3136 1757 3192 habebat.

584 3233 709 3286 Fide
736 3235 984 3285 moratus
1012 3234 1085 3282 est
1110 3231 1169 3281 in
1202 3233 1349 3281 terra
1378 3229 1819 3295 repromissionis
1848 3230 2115 3294 tanquam

512 3324 575 3375 in
603 3323 791 3375 aliena
824 3322 885 3373 in
906 3320 1110 3372 casulis
1128 3318 1197 3369 ab
1229 3316 1594 3369 inhabitamlo
1624 3331 1748 3367 cum
1776 3315 1988 3368 Isaaeet
2014 3316 2115 3368 Ja-

512 3410 604 3463 cob
628 3407 991 3463 cohwredibus
1023 3405 1468 3474 repromissionis
1495 3403 1753 3470 ejusdem.
1792 3402 1996 3456 Casula
2032 3402 2113 3455 di-

510 3484 847 3552 minutivum
874 3499 961 3549 est
1004 3510 1038 3547 a
1079 3508 1225 3557 casa,
1251 3491 1306 3545 id
1334 3496 1421 3545 est
1448 3490 1635 3556 domo,
1665 3489 1752 3544 hic
1783 3496 1971 3544 autem
2007 3507 2108 3561 pro

512 3585 771 3642 tentoriis
827 3581 1318 3651 tabernaculisque
1371 3579 1616 3651 positum
1647 3585 1749 3641 est,
1796 3579 1854 3633 in
1908 3578 2109 3650 quibus

509 3675 793 3731 Abraham
822 3689 949 3727 cum
994 3673 1152 3726 Isaac
1197 3675 1254 3723 et
1293 3668 1468 3722 Jacob
1496 3667 1769 3721 habitavit
1800 3684 1956 3722 more
1985 3666 2110 3721 via-

510 3770 695 3818 torum
737 3767 796 3817 et
837 3759 1285 3832 peregrinorum,
1310 3757 1516 3811 docens
1541 3773 1637 3811 eos
1678 3755 1844 3810 ﬁdem
1874 3755 1995 3823 Dei,
2023 3761 2110 3810 ut-

510 3856 641 3925 pote
673 3848 990 3904 cohaaredes
1021 3845 1407 3919 promissionis
1435 3845 1668 3902 sum.Ea
1692 3844 1840 3899 enim
1870 3844 2114 3915 promis-

510 3939 593 3995 sio
615 3956 739 4011 qua:
769 3939 915 3992 facta
943 3941 1030 3992 est
1054 3936 1122 3991 ad
1153 3934 1461 3999 Abraham,
1489 3933 1632 3987 facta
1660 3937 1743 3986 est
1781 3932 1851 3986 ad
1874 3934 2029 3988 Isaac
2056 3938 2114 3988 et

507 4028 698 4091 Jacob,
712 4043 1017 4098 omnesque
1039 4025 1134 4097 qui
1159 4023 1326 4079 simul
1347 4021 1664 4077 coheredes
1684 4026 1819 4075 sunt
1846 4022 1904 4075 in
1924 4038 2113 4094 repro-

509 4116 871 4174 missionibus
902 4114 1160 4170 Abrahae.
1203 4111 1440 4165 Abrahae
1468 4126 1712 4180 namque
1742 4109 1953 4165 dictum
1984 4116 2106 4167 est:

510 4209 579 4262 In
618 4212 664 4261 te.
695 4206 1082 4260 benedicentur
1111 4216 1296 4255 omnes
1332 4204 1514 4266 gentes
1555 4202 1712 4252 terras
1743 4200 1893 4261 (Gen.
1933 4204 2105 4270 xxn);

508 4299 567 4347 et
596 4296 659 4347 in
688 4294 842 4347 Isaac
869 4291 1155 4344 vocabitur
1186 4289 1287 4341 tibi
1308 4302 1488 4340 semen
1513 4287 1648 4356 (Gen
1691 4288 1820 4356 xxi).
1848 4288 1931 4343 Ad
1953 4288 2110 4343 Isaac

2202 2954 2441 3011 Abrahae
2462 2964 2519 3011 et
2545 2958 2738 3029 gaudii
2765 2965 2823 3014 et
2846 2962 3025 3031 plena:
3055 2962 3184 3015 ﬁdei
3222 2969 3377 3018 sunt.
3411 2963 3538 3028 Quae
3576 2963 3647 3017 ita
3667 2959 3751 3015 sol-

2201 3044 2381 3098 vitur:
2442 3045 2584 3111 Quia
2637 3048 2740 3102 etsi
2792 3049 3037 3120 primum
3085 3050 3384 3117 dubitavit,
3442 3051 3747 3124 postmodum

2198 3137 2392 3188 tamen
2419 3134 2599 3189 verbis
2623 3137 2808 3207 angeli
2840 3138 3075 3193 solidata
3105 3146 3188 3194 est
3216 3141 3276 3193 in
3300 3142 3428 3206 ﬁde,
3451 3147 3506 3195 et
3528 3144 3749 3195 evacuata

2198 3220 2567 3278 dubitationis
2604 3241 2791 3291 causa,
2825 3226 3140 3281 introducta
3183 3235 3274 3282 est
3331 3229 3487 3284 ﬁdes.
3512 3229 3746 3283 Virtutem

2193 3310 2252 3365 in
2295 3313 2656 3384 conceptione
2685 3315 2916 3370 seminis
2963 3317 3194 3388 accepit,
3226 3317 3363 3388 quia
3398 3318 3515 3389 jam
3550 3315 3744 3371 mortiﬁ-

2195 3407 2320 3454 cata
2354 3407 2477 3455 erat
2517 3406 2682 3457 mtate
2708 3410 2766 3458 et
2801 3404 3027 3460 sterilis.
3054 3405 3271 3477 Duplex
3303 3406 3453 3462 enim
3496 3412 3606 3461 erat
3629 3421 3743 3477 pm-

2192 3488 2394 3543 clusio:
2427 3489 2551 3544 Una
2576 3490 2863 3562 temporis,
2897 3498 3161 3547 senuerat
3212 3494 3425 3566 quippe
3465 3495 3611 3565 jam;
3658 3490 3745 3545 alia

2190 3593 2321 3632 vero
2375 3594 2441 3631 ex
2489 3583 2715 3645 natura,
2767 3580 2946 3634 sterili
2995 3581 3143 3635 enim
3187 3588 3349 3649 erat;
3380 3582 3475 3637 sed
3503 3581 3568 3637 ad
3608 3577 3746 3635 susci-

2192 3666 2458 3736 piendum
2492 3671 2549 3722 et
2599 3668 2955 3723 retinendum
3013 3687 3205 3724 semen
3257 3672 3475 3743 arcoliit
3502 3672 3740 3725 virtutem.

2189 3755 2454 3809 Mulieres
2481 3771 2726 3827 namque
2746 3773 2811 3810 ex
2839 3757 3057 3812 duabus
3086 3760 3367 3831 praecipue
3386 3760 3547 3815 rebus
3563 3756 3741 3813 steriles

2195 3859 2315 3897 esse
2336 3844 2541 3913 solent,
2565 3844 2676 3899 sive
2705 3845 2837 3916 quia
2863 3846 2922 3899 in
2952 3846 3119 3900 vulva
3146 3848 3353 3902 caloris
3383 3848 3626 3902 virtutem
3653 3859 3741 3899 non

2194 3930 2425 3999 habent,
2456 3949 2567 4003 qua
2597 3939 2911 4005 excoquant
2941 3937 3313 4006 semen,quod
3338 3943 3393 3991 et
3420 3936 3475 3990 in
3505 3936 3745 3989 senectute

2193 4019 2379 4074 evenit
2408 4037 2534 4075 cum
2565 4021 2834 4077 deﬁciunt
2862 4023 3197 4093 muliebria;
3228 4024 3347 4079 sive
3379 4024 3590 4097 quando
3617 4020 3744 4075 vulva

2192 4109 2544 4164 concluditur
2569 4111 2741 4165 etiam
2780 4111 2838 4165 in
2888 4112 3204 4182 juventute,
3240 4119 3305 4167 ut
3355 4130 3465 4168 non
3501 4109 3745 4184 perveniat

2190 4214 2382 4252 semen
2412 4198 2483 4252 ad
2519 4200 2644 4253 loca
2671 4200 3283 4272 conceptionis.Contm
3316 4220 3439 4274 quae
3468 4201 3612 4256 dedit
3625 4200 3743 4255 Deus

2190 4287 2489 4342 virtutem:
2522 4288 2627 4343 hoc
2655 4294 2760 4358 est,
2793 4295 2990 4345 contra
3018 4291 3397 4354 sterilitatem,
3426 4289 3742 4346 stabilitatem

509 4385 699 4437 autem
728 4379 939 4451 inquit:
964 4378 1246 4444 Comptens
1274 4376 1412 4429 Deus
1422 4373 1815 4442 juramentum
1827 4378 2104 4445 quodspo—
2128 4368 2171 4426 D
2191 4382 2248 4430 et
2268 4382 2639 4432 senectutem.
2667 4378 2753 4432 Ad
2782 4378 2965 4433 locum
3008 4379 3216 4433 etenim
3243 4379 3613 4451 conceptionis
3635 4373 3744 4430 satis

501 4469 680 4540 pandi
718 4467 939 4522 4brahas
969 4468 1129 4534 patri
1167 4468 1279 4528 tuo,
1312 4465 1694 4533 multiplicabo
1725 4481 1906 4519 semen
1947 4470 2106 4520 tuum

506 4560 651 4613 sicut
705 4558 890 4611 stellas
941 4555 1078 4619 cati,
1104 4553 1346 4620 daboque
1391 4554 1622 4621 posteris
1678 4555 1788 4606 tuis
1818 4556 2108 4608 universas

506 4650 750 4716 regiones
775 4646 874 4700 has
903 4644 1059 4711 (Gen.
1092 4645 1252 4706 xxvx).
1291 4640 1374 4695 Ad
1428 4639 1597 4695 Jacob
1654 4657 1875 4712 quoque
1928 4640 2103 4698 dixit:

506 4738 617 4805 Ego
642 4737 784 4791 Deus
814 4735 1177 4802 omnipctens.
1210 4731 1454 4786 Crescere
1485 4734 1532 4781 et
1556 4731 1934 4797 multiplicari
1969 4746 2034 4783 ea:
2063 4736 2111 4785 te

503 4829 686 4892 gentes
712 4824 941 4891 faciam,
966 4820 1206 4887 (taboque
1237 4818 1339 4871 tibi
1358 4821 1562 4870 terram
1586 4833 1755 4885 quam
1784 4818 1910 4869 dedi
1936 4817 2109 4870 Abra-

506 4913 637 4966 ham
659 4917 708 4965 et
732 4913 887 4966 Isaac
923 4909 1071 4979 (Gen.
1106 4911 1291 4969 xxxv).
1331 4905 1469 4959 Ecce
1497 4904 1775 4975 quomodo
1804 4920 2001 4959 omnes
2020 4921 2107 4959 co-

506 4998 759 5054 haeredes
801 5003 935 5052 sunt
962 4996 1018 5049 in
1049 4992 1578 5066 repromissionibus
1601 4992 1856 5047 Abrahae.
1890 4993 2108 5048 Notan-

506 5086 640 5142 dum
675 5091 862 5140 autem
902 5083 1034 5153 quia
1059 5082 1198 5137 ﬁdes
1228 5080 1464 5136 Abrahae
1495 5080 1817 5152 duplicatur
1845 5097 1945 5152 pro
1981 5097 2103 5135 ma-

506 5173 803 5246 gnitudine
846 5171 996 5227 ﬁdei.
1025 5170 1186 5225 Unde
1237 5175 1295 5224 et
1342 5174 1511 5241 caput
1547 5169 1675 5223 ﬁdei
1705 5169 1927 5224 dicitur.
1957 5170 2102 5225 Nam

510 5264 656 5317 sicut
674 5261 783 5316 ﬁde
813 5259 981 5313 exivit
1008 5259 1076 5311 de
1106 5264 1254 5312 terra
1286 5274 1384 5312 sua
1435 5258 1690 5312 ncsriens
1728 5274 1837 5329 quo
1869 5257 1996 5320 iret,
2024 5258 2103 5312 sic

510 5351 622 5406 ﬁde
653 5349 859 5403 mansit
898 5354 955 5402 et
980 5347 1306 5401 demoratus
1335 5350 1422 5399 est
1457 5348 1514 5399 in
1544 5350 1697 5400 terra
1724 5362 1825 5400 sua
1859 5346 2018 5417 quasi
2047 5345 2106 5400 in

514 5439 716 5496 aliena.
752 5436 906 5490 Vidit
932 5434 1109 5490 ﬁlium
1140 5432 1217 5487 ibi
1247 5438 1312 5487 ut
1348 5433 1705 5503 peregrinum
1735 5432 2105 5500 habitantem,

520 5528 658 5585 vidit
704 5531 984 5600 nepotem,
1025 5523 1164 5578 vidit
1185 5521 1430 5593 seipsum
1463 5522 1519 5575 in
1549 5522 1732 5577 aliena
1759 5528 1914 5577 terra
1955 5538 2110 5595 pere-

2191 4465 2444 4535 pervenit
2473 4482 2667 4520 semen
2693 4484 2705 4520 :
2728 4471 2787 4521 et
2804 4474 3099 4539 postquam
3128 4467 3556 4538 pervenit,dedit
3587 4468 3745 4536 partus

2175 4553 2530 4613 soliditatem
2575 4554 2818 4610 mulieri.
2852 4555 3198 4627 Factumque
3234 4563 3316 4611 est
3358 4563 3423 4611 ut
3450 4555 3570 4611 ﬁdei
3597 4548 3747 4607 solidi-

2190 4645 2307 4695 tate
2329 4641 2476 4695 uteri
2502 4641 2744 4695 insolida
2763 4643 3231 4710 confortarentur,
3254 4649 3313 4698 et
3340 4644 3527 4698 omnia
3553 4634 3746 4713 possibi-

2191 4729 2267 4782 lia
2295 4729 2499 4784 ﬁerent
2525 4730 2797 4784 credenti.

2258 4818 2488 4885 Propter
2514 4819 2659 4886 quod
2685 4822 2732 4870 et
2758 4818 2827 4871 ab
2856 4835 2967 4872 uno
3000 4823 3112 4873 orti
3138 4824 3268 4873 sunt
3308 4825 3360 4873 et
3397 4821 3493 4871 hoc
3518 4818 3741 4869 emortuo.

2192 4911 2457 4973 tanquam
2472 4907 2655 4959 sidera
2669 4909 2788 4959 caeli
2811 4909 2868 4960 in
2886 4909 3251 4961 multitudine
3273 4908 3405 4962 facti
3421 4907 3615 4963 sunt.et
3630 4902 3742 4954 sicut

2186 5007 2359 5045 arena
2389 5008 2507 5061 qua
2534 4997 2610 5046 est
2627 4994 2699 5046 ad
2718 5009 2876 5047 oram
2894 4994 3745 5062 maris,innumerabilzs.Proptel‘

2187 5079 2521 5151 hoc,inquit,
2541 5080 2672 5151 quia
2690 5087 2928 5153 uterque
2956 5099 3142 5137 veram
3178 5084 3341 5138 ﬁdem
3361 5083 3569 5145 habuit,
3596 5078 3742 5134 Abra-

2186 5167 2317 5222 ham
2350 5168 2606 5223 videlicet
2652 5175 2709 5223 et
2739 5170 2899 5236 Sara,
2929 5168 3000 5224 ab
3038 5187 3151 5225 uno
3194 5187 3425 5243 corpore
3462 5169 3674 5225 Abraha:
3697 5168 3742 5217 et

2189 5256 2341 5311 Sara:
2371 5257 2480 5310 orti
2510 5263 2643 5311 sunt
2673 5257 3111 5313 innumerabiles
3140 5259 3452 5330 populi.His
3475 5255 3640 5312 verbis
3663 5267 3739 5303 vo-

2191 5342 2296 5398 luit
2339 5344 2653 5411 ostendere,
2683 5346 2816 5416 quia
2844 5363 2955 5400 non
2984 5347 3162 5401 solum
3194 5346 3351 5401 Isaac
3382 5346 3573 5417 genuit
3608 5343 3736 5398 Sara.

2190 5449 2383 5488 verum
2407 5433 2577 5488 etiam
2610 5434 2799 5506 plures
2828 5451 2995 5505 quam
3032 5436 3223 5506 aliqua
3269 5435 3615 5490 fecundarum
3643 5442 3740 5482 mu-

2190 5521 2413 5581 lierum.
2428 5522 2612 5578 Unum
2636 5529 2827 5578 autem
2849 5540 3051 5595 corpus
3078 5525 3216 5579 dicit
3242 5524 3444 5579 habere
3470 5522 3585 5576 illos
3605 5519 3735 5579 duos,
