3992 6166
203 344 301 401 905

812 342 814 345 ’
851 347 1230 403 EXPOSITIO
1267 349 1346 403 IN
1382 350 1537 404 EPP.
1580 350 1637 404 S.
1679 347 1914 403 PAULI.
1960 378 2022 389 —
2063 350 2143 405 IN
2180 350 2402 405 EPIST.
2444 352 2541 407 AD
2581 351 2792 407 HEBR.

3354 352 3461 414 906

201 474 425 540 propter
450 470 554 524 hoc
584 471 732 541 quod
762 470 819 525 in
847 471 1050 526 Genesi
1080 471 1302 528 dicitur.
1325 471 1457 543 quia
1483 477 1654 527 erunt
1675 472 1851 531 tiqu
1870 469 1935 524 In
1956 472 2057 525 hoc
2076 488 2206 526 vero
2235 473 2367 543 quia
2385 475 2607 544 plenam
2633 478 3062 548 promissionem
3085 480 3278 550 patriae
3303 481 3463 535 caele-

204 563 261 612 in
303 575 468 612 carne
492 575 610 612 una
640 560 790 628 (Gen.
824 564 910 627 u).
952 561 1184 614 Addidit
1226 577 1448 631 quoque
1496 562 1700 625 adhuc,
1733 566 1790 615 et
1868 559 1971 613 stis
2000 577 2112 614 non
2132 567 2265 615 sunt
2292 564 2595 630 consecuti,
2620 566 2780 635 quasi
2810 583 2920 620 non
2944 574 3313 638 perceperunt
3338 585 3465 639 pro-

202 648 320 710 hoc,
352 647 628 717 inquiens,
654 664 885 718 corpore
943 656 1198 703 emortuo
1229 649 1345 702 nati
1377 655 1511 703 sunt
1538 666 1653 704 non
1678 649 1792 703 vita

204 741 437 797 mortua,
447 736 543 789 sed
559 735 791 789 semine.
803 738 980 791 Senex
994 737 1144 791 enim
1160 737 1328 790 homo
1345 753 1536 790 semen
1566 736 1790 807 quidem

196 828 309 894 jam
348 828 580 883 fundere
603 835 819 900 potest:
851 831 949 884 sed
982 835 1170 884 tamen
1227 830 1510 884 soliditate
1563 828 1792 883 seminis

203 922 370 980 caret,
402 924 465 971 ut
493 918 638 971 ﬁlios
671 934 963 989 procreare
990 918 1185 989 possit,
1214 918 1322 972 nisi
1354 917 1496 971 forte
1544 918 1613 970 de
1663 917 1792 970 ado-

201 1005 527 1071 lescentula,
552 1012 615 1060 ut
643 1007 739 1060 alii
764 1007 1012 1061 fuerunt.
1044 1006 1200 1061 Sicut
1230 1006 1433 1071 sidera,
1463 1003 1793 1076 inquit,coali

204 1093 283 1145 vel
331 1109 506 1147 arena
546 1093 738 1147 maris.
782 1093 1150 1165 Hyperbolice
1171 1094 1284 1147 .hoc
1315 1094 1527 1148 dictum
1559 1101 1660 1147 est.
1687 1094 1795 1146 Per

203 1181 387 1235 sidera
430 1187 618 1235 autem
651 1182 795 1247 caeli,
826 1182 959 1235 boni
990 1182 1340 1252 intelligendi
1364 1188 1498 1235 sunt
1541 1198 1608 1235 ex
1636 1186 1793 1235 utro-

205 1287 310 1340 que
334 1271 541 1341 pepulo
571 1270 671 1323 ﬁlii
696 1270 933 1324 Abrahae
964 1287 1064 1340 per
1087 1271 1277 1335 ﬁdem,
1311 1276 1371 1324 at
1397 1286 1528 1324 vero
1556 1286 1653 1340 per
1676 1285 1796 1322 are-

203 1374 335 1411 nam
368 1360 538 1411 maris
566 1358 790 1428 reprobi
819 1359 1166 1428 accipiuntur
1197 1375 1264 1412 ex
1318 1358 1550 1413 Judaico
1591 1357 1795 1428 pepulo

202 1447 305 1500 ﬁlii
340 1446 580 1501 Abrahae
610 1464 710 1516 per
743 1462 993 1516 carnem,
1019 1448 1114 1517 qui
1137 1454 1367 1501 terrena
1393 1463 1616 1516 semper
1643 1462 1795 1516 qure-

201 1535 665 1605 rentes,pondere
683 1540 1037 1605 peccatorum
1057 1541 1382 1605 gravantur.
1411 1536 1479 1589 Et
1494 1535 1541 1588 si
1560 1534 1798 1589 homini-

205 1623 308 1678 bus
333 1624 508 1677 stellze
537 1623 678 1688 cmli,
709 1624 822 1677 sive
857 1640 1027 1677 arena
1055 1624 1226 1678 maris
1255 1625 1339 1678 vel
1386 1623 1556 1677 etiam
1589 1623 1671 1675 illi
1701 1621 1797 1693 qui

202 1712 483 1782 designati
514 1717 648 1766 sunt
675 1728 776 1780 per
802 1712 1374 1776 hoc,innumerabiles
1404 1711 1678 1777 sunt,Deo
1703 1726 1801 1763 au-

200 1807 318 1854 tem
352 1801 442 1854 cui
465 1801 653 1854 omnia
678 1806 873 1870 patent
898 1801 1277 1855 numerabiles
1297 1800 1561 1855 existunt.

270 1893 447 1943 Juarta
474 1891 655 1955 ﬁdem,
692 1889 747 1942 id
774 1895 860 1943 est
883 1906 1009 1943 cum
1040 1890 1168 1953 ﬁde,
1188 1891 1438 1956 defuncti
1458 1892 1589 1941 sunt
1615 1903 1799 1940 onmes

204 1979 318 2038 isti,
356 1993 469 2030 non
497 1980 726 2044 acceptis
749 1979 1265 2044 repromissionibus
1298 1995 1313 2030 :
1345 1978 1434 2029 sed
1462 1992 1497 2028 α
1536 1979 1690 2041 longe
1713 1990 1801 2027 cas

202 2067 932 2131 αδρίείεηείι.ς,είι1ιιιαηζωοί
962 2068 1270 2130 confitentes
1299 2066 1431 2131 quia
1452 2064 1735 2129 peregrini
1753 2064 1803 2113 et

201 2153 436 2220 hospites
464 2157 596 2205 sunt
630 2166 796 2219 super
834 2156 1061 2205 terram.
1106 2152 1214 2218 Qui
1240 2153 1390 2204 enim
1438 2152 1546 2203 hac
1586 2151 1800 2213 dicunt,

204 2240 451 2293 scilicet:
488 2239 620 2310 quia
648 2238 930 2309 peregrini
950 2244 1086 2292 sunt
1121 2255 1291 2309 super
1326 2243 1557 2302 terram,
1588 2238 1805 2304 signiﬁ—

202 2334 335 2381 cant
361 2345 415 2381 se
438 2332 691 2395 patriam
720 2330 1027 2394 inquirere.
1056 2328 1119 2380 Et
1144 2328 1413 2394 siquidem
1443 2325 1597 2378 illius
1640 2330 1806 2377 terrae

204 2419 590 2469 meminissent
611 2417 675 2469 de
696 2431 806 2483 qua
836 2418 1105 2479 exierant,
1139 2414 1209 2468 ad
1238 2415 1344 2468 hoc
1379 2420 1446 2468 ut
1473 2414 1682 2467 vellent
1709 2428 1808 2465 re-

203 2505 641 2565 verti,habebant
658 2507 847 2572 utique
860 2508 1069 2572 tempus
1088 2504 1415 2557 revertendi:
1435 2518 1586 2555 nunc
1598 2505 1807 2566 autem,

203 2594 339 2663 quia
373 2593 578 2646 nolunt
602 2592 804 2646 reverti
830 2592 897 2646 ad
930 2608 1053 2646 eam
1071 2592 1141 2646 de
1168 2608 1277 2662 qua
1290 2589 1667 2653 exierunt,sed
1687 2605 1807 2641 mo-

202 2671 414 2735 rantur
442 2681 499 2734 in
529 2681 714 2734 aliena
741 2681 902 2750 quasi
928 2680 1517 2751 peregrini,metiorem
1546 2681 1808 2745 appetunt

202 2772 356 2823 idest
378 2774 653 2823 catestem.
665 2770 785 2822 Duo
807 2769 1061 2839 quaedam
1075 2768 1166 2821 hic
1178 2768 1411 2837 dignum
1428 2774 1514 2820 est
1534 2781 1804 2836 quaerere.

205 2859 351 2912 Cum
385 2856 537 2910 enim
566 2856 991 2927 supradixisset,
1024 2857 1333 2910 translatus
1363 2860 1449 2908 est
1477 2852 1706 2907 Henoch
1738 2870 1809 2907 ne

204 2947 431 3001 videret
459 2951 717 3007 mortem,
750 2953 805 2998 et
833 2961 945 2998 non
967 2943 1370 3009 inveniebatur,
1404 2944 1494 2996 hic
1520 2941 1812 3011 dicit,quia

203 3033 524 3087 secundum
556 3032 723 3085 ﬁdem
765 3031 974 3085 mortui
1023 3037 1157 3085 sunt
1202 3047 1394 3084 omnes
1424 3029 1537 3083 isti.
1563 3027 1637 3081 Et
1681 3044 1807 3082 cum

1825 3078 1869 3138 Ο

1872 648 2437 721 missiones,delonge
2461 658 2652 706 tamen
2675 654 3022 724 aspiciebant
3044 657 3459 726 promissiones,

1874 753 2014 807 quas
2054 738 2277 792 veniens
2296 739 2571 793 Dominus
2596 742 2851 796 Christus
2880 744 3218 814 praedicavit,
3250 746 3459 801 dicens:

1873 826 2147 888 Quoniam
2170 827 2216 880 si
2238 828 2364 898 quis
2384 828 2661 884 dimiserit
2678 833 2901 886 domum
2915 838 3014 886 aut
3036 836 3364 901 fratres,aut
3384 852 3465 889 so-

1874 920 2147 982 rores,aut
2162 920 2505 983 patrem,aut
2532 923 2765 972 matrem
2786 926 3011 988 propter
3039 926 3468 991 me,centuptum

1873 1004 2121 1069 accipiet,
2153 1008 2201 1056 et
2238 1006 2410 1056 vitam
2448 1010 2709 1060 aeternam
2748 1009 3040 1074 possidebit
3090 1011 3298 1078 (Matth.
3329 1015 3463 1075 xIx).

1875 1090 2048 1143 Istam
2078 1090 2503 1160 promissionem
2550 1100 2841 1148 non'sunt
2896 1096 3179 1151 consecuti
3207 1097 3287 1150 illi
3336 1104 3468 1152 ante

1876 1178 2102 1232 Domini
2131 1179 2591 1246 adventum,licet
2611 1182 2797 1235 omnia
2818 1199 2921 1236 sua
2941 1184 3473 1255 reliquissent,sicut

1877 1271 1935 1320 et
1954 1267 2192 1337 apostoli
2216 1286 2228 1321 :
2261 1268 2377 1322 sive
2406 1269 2578 1322 etiam
2610 1270 3004 1339 promissiones
3034 1273 3103 1326 de
3124 1274 3344 1327 Domini
3366 1276 3469 1329 ad-

1877 1361 2044 1408 ventu
2062 1371 2172 1409 non
2184 1356 2627 1420 suntconsecuti,
2653 1359 2939 1428 quoniam,
2964 1359 3095 1413 licet
3122 1360 3203 1414 eis
3228 1363 3467 1431 promis-

1879 1460 1976 1498 sus
2001 1451 2167 1509 esset,
2199 1450 2388 1499 tamen
2417 1462 2530 1500 non
2554 1447 2815 1501 viderunt
2853 1444 2982 1501 eum
3032 1456 3365 1519 praesentem
3410 1451 3470 1504 in

1881 1532 2110 1586 mundo.
2135 1533 2468 1587 Salutabant
2493 1550 2718 1605 quoque
2741 1536 2964 1589 easdem
2987 1537 3471 1606 promissiones,id

1880 1626 1967 1674 est
1983 1620 2254 1691 optabant
2275 1627 2332 1675 et
2358 1622 2771 1685 desiderabant,
2804 1624 2950 1678 sicut
2997 1626 3271 1679 Dominus
3299 1626 3380 1680 ait
3413 1627 3471 1680 in

1881 1709 2212 1779 Evangelia:
2240 1711 2574 1777 Muttireges
2603 1716 2653 1763 et
2666 1713 2939 1778 prophetae
2967 1715 3261 1767 vetuerunt
3292 1716 3473 1768 ridere

1818 1777 1861 1836 Β
1881 1812 1998 1864 qua:
2014 1813 2102 1849 vos
2124 1797 2389 1854 videtis.et
2411 1814 2523 1852 non
2542 1800 2874 1861 viderunt,et
2893 1802 3092 1853 audire
3110 1817 3227 1869 qua:
3241 1803 3470 1869 auditis,

1880 1890 1928 1937 et
1958 1901 2070 1938 non
2108 1886 2412 1938 audierunt
2447 1888 2590 1945 (Luc.
2629 1889 2704 1955 x).
2740 1887 2815 1940 Ex
2842 1889 3169 1958 metaphora
3213 1890 3477 1959 navigan-

1883 1972 2025 2026 tium
2056 1972 2197 2026 dixit
2219 1975 2690 2045 salutantes.quia
2718 1992 2752 2028 a
2778 1976 2941 2045 longe
2963 1977 3478 2047 prospicientesde-

1885 2060 2158 2115 sideratas
2188 2062 2440 2116 civitates
2469 2068 2769 2133 antequam
2803 2064 3196 2133 ingrediantur
3212 2067 3479 2129 eas,salu-

1889 2149 2101 2202 tatione
2127 2149 2492 2220 praeveniunt,
2516 2166 2722 2221 easque
2743 2151 2851 2204 sibi
2868 2151 3176 2207 familiares
3206 2154 3476 2208 efﬁciunt.

1887 2237 2247 2307 Aspiciebant
2275 2244 2462 2293 autem
2492 2240 2549 2292 in
2578 2239 2687 2293 ﬁde
2708 2240 2845 2293 istas
2866 2241 3284 2311 promissiones,
3303 2244 3479 2297 salva-

1889 2324 2026 2378 bant
2048 2326 2413 2389 desiderio,et
2439 2327 2853 2382 conﬁtebantur
2874 2345 3133 2384 sermone
3154 2331 3300 2401 quod
3325 2347 3480 2402 pere-

1887 2412 2036 2481 grini
2076 2420 2282 2480 essent,
2304 2414 2467 2484 juxta
2514 2416 2661 2484 quod
2692 2416 2991 2471 Psalmista
3036 2417 3189 2483 dicit,
3214 2420 3479 2489 quoniam

1883 2504 2232 2569 peregrimus
2279 2519 2404 2555 sum
2460 2506 2610 2570 apud
2661 2509 2726 2570 te,
2749 2508 2893 2559 sicut
2921 2522 3105 2560 omnes
3146 2514 3334 2575 patres
3373 2512 3483 2563 mei

1892 2591 2057 2655 (Psat.
2090 2594 2306 2659 xxxvn).
2346 2590 2683 2660 Peregrinus
2711 2608 2745 2645 a
2775 2609 3024 2663 peregre,
3055 2594 3112 2648 id
3143 2600 3226 2648 est
3246 2611 3280 2648 a
3317 2596 3484 2666 longe

1890 2677 2291 2748 proﬁciscendo
2311 2679 2492 2733 dictus
2519 2687 2621 2734 est.
2661 2679 2973 2749 Peragrare
3000 2682 3149 2735 enim
3180 2683 3485 2753 perambu-

1892 2765 2011 2819 lare
2047 2766 2303 2822 dicimus.
2326 2767 2473 2821 Nam
2498 2769 2594 2838 qui
2623 2768 2679 2822 in
2724 2769 3102 2823 tabernaculis
3132 2770 3480 2837 habitabant,

1893 2853 1987 2923 qui
2012 2855 2269 2924 sepulcra
2296 2855 2548 2925 pecuniis
2572 2856 2853 2922 emebant,
2884 2865 3211 2928 certumque
3240 2866 3325 2912 est
3351 2876 3484 2929 quo~

1893 2941 2045 2995 niam
2074 2942 2356 3012 peregrini
2385 2950 2549 2997 erant
2575 2944 2635 2997 in
2662 2950 2885 2998 tantum
2916 2952 2977 2999 ut
3007 2946 3176 2999 etiam
3207 2946 3301 3000 ubi
3350 2964 3483 3002 suos

1893 3030 2194 3100 sepelirent
2223 3047 2336 3085 non
2383 3030 2675 3086 haberent.
2713 3033 3066 3104 Quapropter
3102 3035 3284 3104 prima
3312 3035 3488 3091 virtus

202 3122 421 3175 iterum
453 3120 700 3183 dixisset,
724 3136 835 3173 non
876 3120 1157 3191 accepisse
1186 3136 1282 3173 eos
1321 3117 1804 3189 repromissiones,
1825 3117 1869 3138 υ
1891 3122 1975 3171 est
2005 3119 2363 3189 peregrinum
2387 3136 2509 3174 esse
2536 3120 2732 3174 mundi
2755 3121 2921 3189 hujus
2943 3127 3000 3175 et
3022 3122 3491 3194 hospitem.nihil-

202 3211 305 3264 sed
334 3210 554 3279 alonge
580 3209 879 3279 aspexisse,
921 3208 1181 3278 superius
1209 3207 1352 3261 dixit
1378 3208 1449 3261 de
1486 3205 1644 3272 Abel,
1678 3204 1812 3275 quia

200 3298 607 3351 testimonium
629 3278 965 3352 consecutus
979 3303 1062 3351 est
1078 3297 1222 3368 quod
1247 3302 1396 3351 esset
1414 3297 1604 3366 justus
1629 3314 1639 3348 :
1664 3300 1722 3347 et
1740 3293 1808 3346 de

204 3387 472 3451 Henoch,
496 3386 630 3454 quia
652 3388 958 3441 translatus
1002 3392 1105 3441 est.
1138 3386 1219 3440 De
1246 3385 1366 3439 Noe
1412 3399 1633 3454 quoque
1676 3381 1809 3451 quia

200 3476 466 3529 salvatus
486 3481 571 3528 est
590 3474 660 3529 de
683 3475 1148 3529 condemnatione
1176 3472 1468 3531 mundi,de
1502 3470 1801 3531 Abraham,

200 3565 390 3617 etiam
421 3564 581 3617 Isaac
618 3568 675 3617 et
700 3564 891 3628 Jacob,
918 3563 1058 3618 nulli
1095 3562 1326 3616 dubium
1358 3560 1495 3630 quin
1539 3558 1808 3628 plurimas

201 3652 623 3723 promissioncs
647 3659 763 3705 tam
783 3652 853 3705 de
882 3652 1103 3706 Christo
1133 3666 1304 3721 quam
1333 3649 1403 3703 de
1431 3654 1585 3703 terra
1616 3662 1812 3716 repro-

206 3741 509 3795 missionis
539 3746 875 3810 acceperunt
892 3741 917 3793 ’t
942 3741 1075 3803 Quae
1103 3739 1214 3793 duo
1233 3737 1553 3808 hujusmodi
1586 3735 1813 3790 solutio-

204 3846 284 3883 ne
319 3836 511 3898 egent.
547 3829 705 3892 Quod
736 3829 977 3897 primum
1035 3828 1191 3888 dixit.
1215 3844 1410 3881 omnes
1467 3825 1562 3878 isti
1602 3823 1813 3877 mortui

205 3924 359 3972 sunt
387 3934 515 3971 cum
556 3917 683 3979 ﬁde,
714 3916 796 3970 ita
820 3922 907 3970 est
933 3916 1400 3985 intelligendum;
1433 3914 1580 3985 quod
1620 3929 1815 3967 omnes

202 4008 292 4061 illi
328 4005 540 4059 mortui
572 4010 723 4068 sunt,
755 4010 959 4075 praeter
986 4004 1168 4058 solum
1198 4004 1444 4067 llenoch,
1478 4019 1643 4074 quem
1668 4001 1819 4055 novi-

202 4112 348 4150 mus
383 4110 507 4148 esse
543 4092 1206 4157 translatum.Quodvero
1235 4092 1552 4157 subintulit,
1587 4108 1698 4145 non
1722 4107 1818 4144 ac-

199 4182 438 4253 cepisse
467 4198 563 4235 eos
601 4181 1085 4252 repromissiones,
1127 4181 1489 4235 manifestum
1543 4186 1647 4246 est,
1688 4178 1821 4250 quia

203 4272 271 4325 in
307 4269 655 4341 quibusdam
693 4270 858 4324 rebus
887 4276 1243 4340 acceperunt.
1272 4270 1331 4323 in
1363 4269 1696 4340 quibusdam
1719 4267 1822 4321 mi-

1893 3223 2000 3276 que
2029 3207 2234 3260 habere
2254 3224 2551 3262 commune
2570 3225 2696 3262 cum
2724 3208 2950 3278 regibus
2979 3211 3147 3281 hujus
3175 3213 3487 3277 saeculi,sed

1894 3295 2172 3348 removeri
2196 3294 2265 3348 ab
2291 3295 2372 3349 eis
2395 3296 2541 3350 sicut
2570 3298 2919 3367 peregrinus.

1965 3384 2085 3437 Ideo
2116 3399 2225 3436 non
2251 3386 2635 3451 confumtitur,
2671 3385 2725 3438 id
2770 3392 2856 3439 est
2884 3402 2993 3439 non
3017 3386 3315 3451 erubescit,
3349 3392 3489 3445 Deus

1888 3473 2076 3524 vocari
2087 3472 2225 3524 Deus
2244 3474 2724 3528 illorum.Parav.'t
2736 3477 2885 3527 enim
2906 3478 3018 3528 ittis
3034 3477 3487 3543 civitatemldeo,

1890 3557 2094 3627 inquit,
2128 3559 2263 3628 quia
2289 3560 2370 3613 illi
2400 3561 2515 3614 Deo
2536 3561 2914 3627 crediderunt,
2934 3563 3191 3633 nihilque
3220 3564 3289 3617 de
3318 3570 3494 3619 terre-

1893 3644 1981 3697 nis
2000 3644 2106 3697 sibi
2132 3647 2703 3716 praesumpseruntmd
2729 3647 2833 3700 hoc
2853 3654 2913 3701 ut
2946 3649 3002 3701 in
3032 3648 3142 3701 illis
3157 3666 3311 3719 spem
3327 3667 3489 3705 suam

1894 3732 2332 3802 ponent,idcirco
2347 3751 2459 3787 non
2476 3734 2749 3789 erubescit
2771 3736 3121 3806 omnipotens
3144 3739 3290 3792 Deus
3309 3739 3492 3793 vocari

1895 3823 2044 3878 Deus
2073 3822 2297 3876 illorum
2342 3822 2460 3877 ‘Sic
2490 3824 2637 3876 enim
2671 3824 2788 3893 ipse
2820 3824 2982 3877 dicit:
3014 3827 3121 3893 Ego
3171 3842 3295 3880 sum
3346 3829 3490 3882 Deus

1896 3911 2195 3973 Abraham,
2231 3913 2372 3965 Deus
2401 3912 2572 3975 Isaac,
2602 3917 2649 3965 et
2671 3914 2809 3967 Deus
2832 3915 3011 3968 Iacob.
3043 3916 3218 3981 (Deut.
3248 3916 3353 3983 In),
3392 3932 3494 3986 per

1900 3999 2065 4052 ﬁdem
2097 3999 2356 4053 videlicet
2387 4000 2623 4070 vitaeque
2654 4004 2937 4058 meritum.
2966 4003 3122 4057 Sicut
3147 4004 3292 4057 enim
3322 4004 3492 4073 glori-

1902 4087 2103 4141 ﬁcatur
2124 4088 2347 4159 quando
2359 4088 2725 4159 benignorum
2749 4098 2805 4146 et
2835 4092 3174 4162 optimorum
3197 4092 3489 4147 hominum

1901 4176 2051 4230 Deus
2079 4181 2309 4230 vocatur
2337 4182 2395 4232 et
2423 4178 2725 4261 colentium
2757 4181 3041 4247 virtutem,
3073 4181 3151 4235 sic
3178 4181 3493 4235 econtrario

1904 4264 2269 4319 confunditur
2296 4271 2353 4319 et
2377 4266 2654 4320 erubescit
2682 4267 2738 4320 in
2768 4268 2907 4323 actis
2935 4269 3303 4324 nefandorum
3332 4269 3378 4323 si
3401 4269 3493 4323 in-

203 4362 404 4413 nime.
432 4358 663 4427 Accepit
691 4358 966 4429 siquidem
987 4358 1216 4412 Henoch
1241 4374 1311 4412 ne
1325 4358 1540 4412 videret
1554 4362 1814 4418 mortem,
1834 4417 1879 4429 _
1905 4359 2139 4408 vocatur
2163 4353 2235 4407 ab
2255 4354 2385 4409 illis.
2411 4354 2569 4409 Unde
2599 4355 2732 4409 dicit
2755 4373 2855 4426 per
2873 4357 3201 4427 prephetam
3232 4375 3243 4410 :
3276 4361 3378 4412 Per
3405 4375 3494 4412 ros

203 4446 446 4518 accepit
458 4417 663 4501 Noe-ut
692 4417 1365 4518 saivaretur,acceperunt
1385 4452 1441 4500 et
1463 4446 1553 4499 alii
1569 4444 1816 4517 plurimi.
1834 4417 1884 4477 D
1906 4459 2105 4497 nomen
2142 4458 2326 4495 meum
2358 4417 2769 4511 blasphematur
2796 4417 2945 4498 inter
2970 4417 3150 4512 pentcs
3189 4447 3344 4513 (Isai.
3383 4452 3491 4509 Ill).

205 4537 336 4591 Sed
370 4536 491 4590 haec
510 4535 735 4606 quidem
769 4542 933 4590 erant
947 4536 1057 4589 illis
1075 4536 1339 4590 libamina
1366 4535 1640 4606 quaedam,
1664 4538 1828 4588 erant

204 4632 272 4678 et
290 4624 501 4695 prima:
521 4624 942 4692 degustationes
958 4624 1413 4687 futurorum,non
1434 4621 1723 4693 plenitudo
1743 4638 1828 4675 re-

202 4711 689 4784 promissionum.
720 4712 867 4766 Deus
898 4712 1046 4765 enim
1103 4728 1214 4765 non
1258 4712 1438 4766 solum
1469 4727 1591 4781 qua:
1637 4711 1829 4765 futura

202 4807 363 4856 sunt
398 4799 561 4853 nobis
590 4800 844 4871 largitur.
876 4800 973 4854 sed
999 4800 1169 4854 etiam
1200 4816 1322 4870 quae
1352 4801 1515 4869 hujus
1546 4800 1668 4853 vita:
1696 4805 1832 4853 sunt

203 4888 554 4944 necessaria
577 4893 821 4958 praestat,
857 4887 1002 4943 sicut
1051 4888 1336 4959 discipulis
1387 4888 1505 4941 suis
1561 4886 1822 4941 dicebat:

1907 4531 1996 4585 llli
2040 4537 2228 4585 autem
2260 4531 2340 4585 ita
2368 4537 2530 4585 erant
2557 4532 2694 4586 clari
2722 4532 3022 4587 virtutibus
3068 4539 3125 4586 et
3159 4534 3499 4588 conﬁdentia

1908 4619 2080 4690 pleni,
2112 4626 2174 4673 ut
2196 4635 2307 4673 non
2337 4620 2791 4685 confunderetur,
2814 4621 2912 4674 sed
2938 4621 3121 4690 potius
3148 4621 3497 4689 gloriﬁcare-

1908 4715 2021 4773 tur,
2052 4725 2178 4762 cum
2207 4708 2428 4762 illorum
2466 4714 2757 4762 vocaretur
2776 4709 2924 4763 Deus
2952 4709 3166 4762 Dicitur
3192 4714 3379 4760 autem
3403 4724 3498 4777 ge-

1909 4796 2180 4850 neraliter
2210 4797 2359 4851 Deus
2379 4804 2542 4851 terrae
2573 4804 2629 4850 et
2658 4798 2806 4851 Deus
2830 4796 3254 4865 cmli,siquidem
3276 4802 3333 4848 et
3351 4795 3499 4849 Deus

1910 4884 2188 4955 gentium,
2219 4892 2278 4938 et
2306 4901 2415 4938 non
2446 4886 2627 4939 solum
2678 4885 2952 4955 gentium,
2987 4884 3081 4937 sed
3108 4884 3276 4937 etiam
3326 4883 3501 4938 totius

201 4982 493 5033 Primum
515 4980 739 5045 quaerite
760 4992 995 5043 regnum
1013 4978 1108 5030 Dei
1125 4979 1469 5044 etjustitiam
1494 4979 1630 5043 ejus,
1657 4976 1830 5028 etha’c
1914 4974 2127 5034 mundi,
2162 4990 2227 5027 eo
2264 4974 2411 5044 quod
2466 4974 2586 5042 ipse
2633 4974 2820 5029 omnia
2863 4973 3130 5026 condidit.
3157 4973 3493 5057 Sanctorum

206 5066 793 5135 omnia,temporalia
822 5065 1306 5134 vitae,inquantum
1339 5064 1659 5135 expediunt,
1678 5064 1828 5131 adji-
1913 5075 2047 5114 vero
2078 5060 2302 5114 illorum
2331 5076 2440 5113 non
2472 5059 2549 5112 sic
2576 5059 2779 5113 dicitur
2812 5060 2958 5113 Deus
3002 5060 3353 5114 solummodo
3403 5078 3505 5131 per

211 5156 469 5206 cientur
500 5153 648 5205 vobis
681 5153 898 5221 (Matth.
943 5150 1117 5208 v1).In
1143 5152 1246 5204 hoc
1278 5151 1425 5205 enim
1451 5151 1583 5221 quia
1609 5150 1669 5203 in
1689 5166 1833 5220 prae-
1916 5148 2278 5212 creationem,
2315 5147 2409 5200 sed
2440 5147 2582 5199 sicut
2615 5146 2847 5213 amicus,
2874 5148 3082 5202 dicitur
3110 5156 3168 5201 et
3196 5165 3343 5203 nunc
3390 5150 3506 5203 Do-

206 5241 383 5295 senti
397 5240 605 5294 saeculo
626 5257 688 5293 ex
704 5247 862 5311 parte
884 5240 1107 5294 laudem
1121 5239 1354 5309 justitize
1379 5242 1829 5309 promeruerunt,
1916 5236 2104 5289 minus
2140 5236 2289 5289 Deus
2314 5234 2780 5289 Christianorum.
2818 5236 3054 5301 l‘aravit,
3089 5237 3407 5308 inquit,illis
3434 5238 3509 5292 ci-

208 5345 341 5383 nec
366 5344 494 5381 cum
538 5327 724 5397 impiis
751 5328 1038 5399 perierunt
1058 5328 1472 5398 locupletesque
1492 5326 1721 5381 fuerunt
1744 5325 1837 5380 bo-
1915 5324 2146 5378 vitatem
2204 5322 2534 5386 Jerusalem,
2567 5323 2777 5377 scilicet
2803 5325 3105 5388 caelestem,
3129 5326 3365 5396 ideoque
3392 5342 3506 5379 non

206 5419 325 5473 nis
358 5415 786 5486 temporalibus,
814 5416 947 5471 licet
981 5416 1259 5487 peregrini
1290 5419 1494 5480 essent,
1526 5423 1592 5468 ut
1616 5420 1747 5485 pote
1763 5415 1839 5468 le-
1918 5413 2075 5467 dedit
2103 5412 2212 5465 illis
2233 5411 2287 5464 in
2318 5411 2790 5480 prmsentiszeculo
2820 5414 3311 5479 haereditatemwel
3335 5413 3507 5467 etiam

202 5505 476 5579 giturde
501 5504 945 5575 Abraham,quia
964 5512 1091 5559 erat
1104 5504 1257 5559 dives
1274 5503 1336 5557 in
1351 5509 1585 5573 argento
1602 5510 1658 5557 et
1677 5518 1836 5568 auro,
1922 5502 2046 5556 ideo
2070 5516 2183 5554 non
2208 5498 2487 5553 erubescit
2514 5500 2700 5553 vocari
2734 5503 2877 5555 Deus
2908 5502 3292 5571 i!lorum,quia
3316 5515 3508 5554 secum

202 5595 465 5664 aliquas
513 5592 937 5663 degustationes
975 5592 1409 5664 promissionum
1446 5597 1836 5664 perceperunt.
1923 5586 2341 5661 praedestinavit
2359 5586 2487 5641 illos
2507 5604 2742 5658 regnare
2770 5589 2825 5643 in
2856 5590 3065 5644 caelesti
3085 5589 3327 5643 civitate.

487 5692 760 5753 PATROL.
811 5691 1047 5752 CXVII.
2197 5708 2211 5720 '
3198 5680 3275 5740 29
