3992 6166
575 276 679 334 907

1047 278 1427 334 HAYMONIS
1457 278 1944 333 HALBERSTAT.
1978 275 2198 332 EPISC.
2232 274 2390 330 OPP.
2425 274 2610 330 PARS
2640 276 2686 336 I.
2724 305 2790 316 —
2821 247 3193 330 CCMMENT.
3224 275 3396 330 BIBL.

3680 275 3767 335 908

640 404 764 457 Fide
783 404 1270 458 obtutitAbrabam
1294 404 1447 457 Isaac
1476 420 1602 457 cum
1636 406 1944 456 tentaretur
1965 407 2011 454 et
2034 403 2161 454 uni-
2178 401 2227 458 A
2244 416 2403 466 quem
2426 403 2485 453 tu
2513 402 2849 468 percussisti,
2865 400 2969 454 hoc
2997 406 3100 464 est,
3131 402 3337 472 percuti
3364 402 3652 472 permisisti,
3668 421 3771 472 per-

570 495 822 561 gcnitum
837 493 1174 559 offerebam}:
1190 507 1296 560 quo
1307 497 1609 558 susceperat
1625 506 1835 558 reprom
1847 490 2167 552 issiones,ad

574 598 736 652 quem
761 583 976 635 dictum
998 586 1072 634 est
1089 583 1224 649 quia
1253 584 1317 633 in
1346 583 1500 635 Isaac
1526 582 1812 633 vocabitur
1841 580 1943 631 tibi
1960 594 2161 641 semen,

573 672 861 724 arbitram
880 671 1011 737 quia
1033 674 1081 722 et
1096 685 1133 721 a
1162 671 1399 722 mortuis
1414 671 1682 721 suscitare
1705 673 1893 736 potens
1906 672 1983 720 est
2000 669 2159 721 Deus.

574 758 721 823 Quid
748 762 835 811 est
851 757 1004 828 quod
1027 756 1224 815 beatus
1244 756 1482 811 Iacobus
1507 756 1562 810 in
1605 756 1841 826 epistola
1868 771 1973 809 sua
2003 770 2164 808 men-

571 847 781 901 tionem
809 846 1050 900 Abrahze
1096 846 1306 900 faciens
1333 845 1528 899 laudat
1551 862 1681 899 eum
1708 859 2069 914 summopere
2095 857 2164 895 ex

571 934 834 1006 operibus
860 935 1007 1001 suis;
1043 934 1241 989 beatus
1262 951 1393 988 vero
1429 934 1718 1005 apostolus
1755 949 1866 987 non
1896 949 2068 1002 opera
2092 930 2164 983 ll-

568 1023 696 1087 lius,
722 1023 821 1077 sed
850 1023 1019 1077 ﬁdem
1049 1023 1427 1077 attentissime
1446 1022 1802 1076 commendat
1829 1022 2035 1075 ?Recte
2061 1020 2163 1090 igi-

565 1116 664 1167 tur
696 1112 896 1167 beatus
918 1111 1165 1166 Jacobus
1193 1128 1259 1165 ex
1286 1111 1548 1182 Operibus
1575 1127 1705 1164 eum
1746 1110 1957 1174 laudat,
1992 1126 2158 1179 quem

563 1201 775 1256 sciebat
790 1202 960 1255 etiam
989 1200 1101 1257 ﬁde
1127 1186 1727 1270 perfectum,quoniam
1748 1199 1857 1251 illis
1885 1197 2163 1252 scribebat

565 1291 663 1362 qui
691 1291 858 1344 ﬁdem
892 1289 1118 1360 quidem
1145 1287 1474 1342 videbantur
1499 1287 1724 1349 habere,
1754 1287 1851 1340 sed
1898 1286 2158 1341 eamdem

565 1380 731 1433 fidem
754 1378 913 1433 bonis
928 1377 1191 1448 operibus
1206 1393 1317 1430 non
1331 1376 1693 1430 exornabant.
1712 1377 1783 1428 At
1803 1391 1932 1429 vero
1956 1374 2156 1428 beatus

566 1468 793 1532 Paulus,
825 1466 922 1537 qui
945 1466 1057 1520 illis
1085 1465 1366 1519 scribebat
1388 1465 1483 1535 qui
1509 1481 1679 1534 opera
1725 1464 1872 1517 bona
1912 1464 2052 1533 legis
2074 1463 2156 1516 vi-

564 1554 844 1608 debantur
869 1554 1198 1619 habere,sed
1221 1554 1386 1607 ﬁdem
1402 1553 1702 1624 perfectam
1721 1569 1832 1606 non
1854 1552 2151 1614 habebant,

552 1645 688 1714 jure
718 1643 883 1696 ﬁdem
911 1642 1149 1696 Abrahae
1161 1642 1432 1695 attentius
1451 1647 2157 1710 commemorat,quatenus

2247 492 2418 541 secuti
2456 495 2586 542 sunt
2637 491 2803 553 (Psat.
2839 496 3013 557 LXIII).
3049 492 3118 543 Et
3146 491 3290 544 Deus
3321 491 3477 544 Pater
3503 508 3590 561 per
3607 493 3776 547 Zacha-

2247 576 2419 630 riam:
2447 579 2761 631 Percutiam
2779 583 3051 644 pastorem
3079 580 3299 646 (Matth.
3323 584 3477 644 xxvi).
3507 579 3558 633 id
3583 588 3776 651 est,per-

2245 663 2358 719 cuti
2389 665 2732 735 permittam.
2767 666 2920 735 Ignis
2948 682 3168 737 quoque
3206 684 3368 737 quem
3413 668 3626 731 terebat,
3652 670 3775 722 calor

2246 758 2304 806 et
2327 754 2510 808 fervor
2536 770 2775 808 summa:
2799 754 3116 808 dilectionis
3142 754 3290 809 illius
3317 761 3418 822 est,
3446 772 3551 827 qua
3576 772 3666 810 nos
3681 757 3777 810 dili-

2243 840 2425 908 git,de
2447 858 2560 912 qua
2573 842 2811 896 dicitur:
2829 842 2922 898 Sic
2941 844 3081 897 Deus
3098 845 3291 898 ditarit
3308 847 3647 908 matutinum!
3667 846 3775 898 (Ini-

2243 933 2433 996 gem’tu
2443 948 2495 982 m
2508 947 2677 984 suum
2703 933 2861 983 daret
2880 948 2983 1000 pro
2996 932 3206 987 mundo
3230 934 3383 1000 (Joan
3393 973 3404 985 .
3414 934 3643 997 IIi;.Nam
3661 934 3774 987 sicut

2242 1016 2525 1079 Abraham
2554 1018 2785 1072 unicum
2814 1026 2874 1071 et
2898 1019 3162 1073 dilectum
3189 1020 3373 1074 ﬁlium-
3405 1037 3560 1075 suum
3587 1020 3686 1075 Deo
3710 1023 3774 1075 vi-

2241 1106 2469 1160 ctimam
2495 1107 2719 1172 obtulit,
2752 1107 2831 1160 ita
2857 1109 3006 1162 Deus
3043 1110 3213 1163 Pater
3250 1110 3586 1179 unigenitum
3613 1110 3772 1164 Filium

2244 1211 2344 1264 pro
2374 1195 2533 1248 nobis
2562 1196 2825 1249 omnibus
2843 1197 3094 1250 tradidit.
3129 1198 3284 1252 Isaac
3315 1206 3498 1252 autem
3544 1199 3651 1269 ipse
3692 1199 3771 1252 sibi

2241 1284 2395 1353 ligna
2438 1283 2700 1353 gestabat
2752 1284 2957 1355 quibus
3001 1291 3123 1341 erat
3163 1286 3543 1358 imponendos,
3571 1288 3688 1357 quia
3724 1297 3768 1340 et

2241 1373 2496 1429 Christus
2525 1373 2784 1444 portabat
2811 1374 2868 1428 in
2894 1377 3142 1429 humeris
3177 1377 3391 1447 lignum
3418 1378 3586 1431 crucis
3611 1378 3660 1431 in
3685 1393 3769 1447 quo

2239 1462 2650 1531 cruciﬁgendus
2680 1471 2821 1517 erat.
2853 1464 3016 1517 Aries
3045 1464 3323 1534 signiﬁcat
3350 1482 3565 1520 carnem
3586 1464 3770 1518 Christi.

2239 1550 2395 1603 Isaac
2421 1550 2645 1605 oblatus
2663 1557 2766 1617 est,
2799 1557 2857 1605 et
2885 1568 2998 1607 non
3026 1553 3376 1619 interfectus,
3409 1554 3501 1608 sed
3528 1554 3657 1608 aries
3681 1560 3774 1607 tan-

2237 1643 2379 1701 tum,
2413 1640 2548 1709 quia
2574 1640 2832 1693 t'.hristus
2858 1640 2917 1694 in
2950 1641 3207 1712 passione
3227 1642 3447 1697 oblatus
3471 1648 3571 1707 est,
3595 1642 3677 1695 sed
3708 1641 3775 1694 di-

558 1731 853 1785 studerent
879 1748 1007 1785 eum
1038 1730 1266 1797 imitari,
1291 1731 1375 1783 vel
1395 1735 1545 1783 certe
1576 1735 1638 1783 ut
1664 1730 1985 1783 ostenderet
2021 1730 2156 1799 quia
2179 1748 2221 1811 Β
2241 1726 2442 1779 vinitas
2470 1727 2618 1782 illius
2647 1728 3009 1799 impassibilis
3035 1730 3267 1784 mansit.

560 1819 658 1891 qui
688 1819 1047 1874 ﬁliiAbrahze
1078 1820 1272 1873 volunt
1312 1835 1453 1883 esse,
1482 1834 1709 1871 necesse
1751 1824 1839 1871 est
1880 1818 2049 1871 ﬁdem
2095 1823 2153 1870 et

560 1925 732 1979 opera
752 1908 1016 1973 habeant,
1048 1908 1250 1961 merito
1273 1923 1419 1960 unus
1450 1923 1514 1960 ex
1535 1907 1665 1971 ﬁde,
1690 1907 1834 1959 alter
1863 1905 2152 1959 nihilomi-

557 2013 664 2051 nus
694 1996 942 2051 laudavit
958 2012 1089 2051 eum
1111 2013 1177 2049 ex
1229 1995 1509 2066 cperibus.
1543 1996 1689 2060 Fide,
1720 1994 1925 2066 inquit,
1954 1996 2152 2047 obtulit

555 2087 840 2140 Abraham
870 2086 1023 2139 Isaac
1067 2101 1196 2138 cum
1237 2088 1563 2144 tentaretur,
1598 2082 1729 2136 licet
1774 2099 1884 2136 non
1921 2082 2154 2136 haberet

557 2174 734 2228 tilium
757 2173 997 2226 liberum
1023 2172 1132 2225 nisi
1151 2173 1333 2236 illum,
1364 2177 1422 2224 et
1444 2170 1502 2223 in
1534 2171 1632 2223 illo
1655 2172 1993 2240 percepisset
2021 2186 2151 2241 pro-

557 2262 855 2315 missiones
885 2261 1034 2331 quod
1058 2260 1361 2314 multarum
1377 2260 1632 2327 gentium
1651 2265 1801 2312 esset
1820 2258 2042 2313 futurus
2060 2275 2151 2329 pa-

556 2356 661 2412 ter,
693 2360 886 2403 tamen
915 2364 1027 2401 non
1060 2348 1170 2401 fuit
1198 2347 1324 2400 ideo
1352 2346 1677 2400 inobediens
1705 2348 1820 2400 Deo
1844 2365 1857 2403 :
1883 2352 1941 2400 et
1968 2363 2151 2416 quan-

554 2453 722 2508 quam
753 2436 1036 2490 contraria
1067 2435 1272 2490 iterum
1315 2433 1554 2495 audiret,
1588 2434 1811 2488 dicente
1856 2433 1964 2487 sibi
1996 2435 2148 2487 Deo:

550 2526 702 2580 Oﬁ‘er
719 2526 875 2579 Isaac
891 2524 1066 2578 ﬁlium
1108 2528 1270 2578 tuum
1292 2522 1429 2576 mihi
1458 2523 1607 2577 )Gen.
1643 2524 1797 2591 χχιι),
1829 2538 1863 2575 a
1908 2538 2019 2593 quo
2034 2522 2152 2591 jam

550 2614 832 2669 audierat:
866 2616 1007 2682 Quia
1037 2616 1099 2666 in
1124 2616 1278 2668 Isaac
1306 2614 1590 2665 vocabitur
1617 2613 1719 2664 tibi
1757 2627 1937 2664 semen
1980 2611 2141 2667 εϐεη.

557 2706 683 2770 xxI),
718 2719 831 2758 non
860 2701 1141 2757 haesitavit
1166 2701 1236 2755 de
1259 2699 1744 2771 promissionibus,
1760 2699 1993 2752 credens
2016 2698 2151 2769 quia

548 2808 584 2845 a
612 2792 849 2846 mortuis
878 2797 1067 2862 posset
1094 2789 1254 2843 illum
1282 2788 1556 2843 suscitare
1582 2789 1816 2851 Deus;et
1844 2803 1908 2841 ex
1929 2804 1995 2840 eo
2008 2788 2149 2840 mul-

546 2879 788 2934 titudine
820 2879 1157 2949 populorum
1189 2876 1562 2947 multiplicare
1588 2877 1942 2945 Quapropter
1964 2875 2145 2929 tilium

547 2984 676 3021 mox
695 2969 897 3021 otierre
928 2966 1122 3031 voluit,
1146 2965 1280 3036 quia
1307 2981 1341 3018 a
1365 2966 1481 3018 Deo
1510 2964 1658 3017 hunc
1685 2964 1953 3017 continuo
1977 2979 2141 3016 resu-

2308 1816 2432 1868 Firte
2470 1821 2519 1868 et
2548 1818 2612 1869 de
2648 1818 2863 1883 futuris
2894 1818 3169 1871 benedixit
3201 1821 3356 1873 Isaac
3379 1821 3535 1873 Jaoob
3560 1824 3604 1871 et
3626 1819 3762 1874 Esau.

2234 1901 2368 1956 Fide
2391 1903 2462 1957 de
2489 1904 2695 1958 futuris
2726 1905 3007 1960 benedixit
3034 1907 3134 1966 eis,
3167 1907 3304 1977 quia
3350 1908 3507 1976 juxta
3531 1907 3659 1977 quod
3703 1907 3765 1960 eis

2232 1989 2574 2061 imprecatus
2592 2000 2697 2058 est,
2730 1994 2811 2048 ita
2835 2002 3028 2065 postea
3067 1995 3261 2048 omnia
3292 1995 3441 2049 illius
3464 1995 3660 2049 evenire
3679 2011 3772 2048 cre-

2236 2079 2461 2143 didit,et
2487 2097 2610 2151 quae
2640 2082 2830 2136 futura
2854 2083 2964 2136 illis
2993 2088 3253 2143 erant,ea
3285 2083 3774 2152 benedicendooPta~

2234 2166 2330 2220 vit.
2350 2168 2542 2222 Potest
2559 2176 2617 2223 et
2635 2170 2801 2223 aliter
2831 2170 3069 2241 intelligi
3140 2171 3218 2225 De
3276 2172 3478 2226 futuris
3540 2171 3771 2243 mysteriis

2235 2253 2516 2311 benedixit
2544 2258 2783 2329 eis.quia
2801 2259 2972 2315 Iacob
3001 2260 3241 2330 ﬁguram
3274 2261 3481 2315 Christi
3509 2260 3613 2315 sive
3630 2275 3764 2331 popu-

2234 2343 2272 2396 li
2300 2345 2609 2399 Christiani
2638 2346 2934 2417 gestabat:
2968 2348 3113 2401 Esau
3136 2365 3269 2403 vero
3298 2349 3535 2405 Judaici.

2302 2435 2429 2487 Fide
2446 2437 2610 2489 Jacob
2630 2440 2872 2489 moriens
2906 2439 3154 2504 singulos
3172 2440 3428 2504 ﬁliorum
3453 2439 3629 2505 Joseph
3655 2439 3771 2489 bene-

2231 2523 2394 2586 dixit,
2424 2528 2473 2575 et
2493 2525 2749 2577 adoravit
2785 2526 3079 2592 fastigium
3116 2527 3289 2592 virgae
3318 2530 3450 2594 ejus.
3483 2525 3710 2595 Legimus
3732 2524 3775 2577 in

2233 2610 2439 2664 Genesi
2469 2613 2615 2679 (cap.
2650 2624 2864 2678 XLVIII),
2897 2614 3044 2683 quod
3068 2612 3309 2667 audiens
3338 2614 3536 2684 Joseph
3556 2619 3776 2683 aegrotare

2232 2704 2450 2769 patrem
2479 2716 2645 2753 suum
2676 2701 2833 2754 venit
2851 2701 2921 2754 ad
2945 2717 3095 2766 eum,
3124 2709 3182 2755 et
3207 2700 3417 2757 obtulit
3435 2702 3483 2756 ei
3503 2704 3627 2755 duos
3660 2701 3771 2754 ﬁlios

2230 2803 2379 2848 suos,
2408 2786 2672 2857 k‘phi‘aim
2699 2793 2755 2841 et
2774 2787 3069 2841 Manassen
3085 2789 3153 2841 ad
3180 2788 3776 2858 benedicendum,quiﬁ-

2227 2873 2352 2927 dem
2382 2874 2593 2929 habens
2620 2875 2813 2928 omnia
2857 2876 2969 2929 illis
2996 2877 3218 2930 evenire
3240 2879 3418 2947 juxta
3440 2878 3579 2949 quod
3626 2876 3716 2930 illis
3740 2890 3767 2927 a

2228 2962 2342 3016 Deo
2370 2963 2678 3035 inspiratus
2696 2964 3259 3035 oplassetbenedixit
3278 2966 3598 3020 eos.ldcirco
3624 2970 3772 3018 autem

546 3055 863 3109 scitundum
887 3071 1011 3108 esse
1047 3026 1331 3107 credebat.
1358 3052 1468 3106 Sed
1520 3067 1591 3105 ne
1622 3057 1810 3122 posset
1839 3050 2138 3122 quisquam
2158 3026 2434 3107 Cdicitur
2461 3026 2753 3121 -singulos.
2792 3053 3017 3107 illorum
3076 3054 3443 3119 benedixisse,
3477 3055 3598 3125 quia
3641 3067 3773 3123 super

548 3143 734 3197 dicere
755 3143 888 3212 quia
908 3142 1150 3196 habebat
1177 3141 1418 3194 alterum
1444 3139 1618 3193 ﬁlium
1645 3156 1712 3193 ex
1739 3155 1851 3210 quo
1881 3138 2145 3209 sperabat

548 3231 1040 3301 repromissionem
1093 3228 1460 3299 implendam,
1516 3234 1810 3299 propterea
1858 3227 2145 3281 conﬁdens

547 3320 753 3374 obtulit
779 3318 947 3371 istum
956 3316 1112 3385 ,dicit
1133 3316 1449 3386 Apostolus:
1473 3315 1652 3370 Etiam
1676 3318 2028 3382 unigenitum
2051 3313 2147 3367 ob-

547 3407 807 3478 tulitipse
832 3405 1246 3474 Abraham,qui
1277 3406 1722 3471 repromissione:
1738 3403 1808 3455 de
1836 3403 1931 3455 illo
1951 3418 2142 3472 perce-

546 3502 726 3568 perat.
757 3496 946 3560 Quare
974 3511 1108 3566 ergo
1147 3493 1385 3547 tentavit
1434 3492 1594 3545 illum
1655 3491 1843 3546 Deus?
1873 3490 2142 3560 Nunquid

544 3584 843 3656 ignorabat
870 3584 1072 3638 fortem
1101 3599 1224 3637 esse
1251 3582 1429 3636 virum
1458 3581 1617 3634 illum
1647 3580 1703 3633 in
1732 3580 1840 3633 ﬁde
1866 3585 1924 3633 et
1944 3578 2143 3649 proba-

544 3674 714 3728 bilem
735 3674 761 3726 ?
783 3673 1005 3728 Sciebat
1035 3669 1514 3743 utique.Tentavit
1539 3676 1729 3722 autem
1758 3668 1917 3721 illum
1948 3683 2059 3720 non
2078 3679 2142 3720 ut

543 3762 666 3833 ipse
692 3761 1174 3831 cognosceret,sed
1199 3766 1263 3813 ut
1289 3758 1414 3812 aliis
1440 3758 1936 3819 demonstraret,et
1962 3755 2138 3808 mani-

544 3849 745 3905 festam
774 3850 897 3919 ejus
922 3848 1307 3902 fortitudinem
1328 3844 1709 3901 faceret.sicut
1730 3844 1977 3897 ostendit
1997 3843 2135 3913 ipse,

542 3938 770 3993 dicens:
804 3938 968 3993 Nunc
996 3939 1218 4004 cognoui
1254 3935 1397 4003 quod
1425 3937 1620 3986 timeas
1649 3934 1951 3986 Dominum
1977 3932 2132 4001 (Gen.

542 4032 680 4097 XXII)
709 4028 766 4082 id
796 4034 899 4087 est,
933 4026 1072 4079 alios
1100 4039 1437 4094 cognoscere
1478 4022 1581 4076 feci
1611 4022 1760 4092 quod
1789 4020 1993 4073 timeas
2025 4020 2138 4073 Do-

544 4118 787 4171 minum.
818 4116 963 4170 Unde
994 4130 1121 4168 eum
1153 4120 1201 4167 et
1232 4116 1293 4165 ia
1319 4112 1584 4180 parabole
1615 4114 1834 4177 accepit.
1862 4108 2137 4163 Parabola

543 4206 740 4260 Graeco
756 4203 1245 4267 vocabulo,Latine
1259 4200 1465 4253 dicitur
1478 4198 1788 4251 similitudo
1805 4196 1918 4250 sive
1932 4198 2108 4266 ﬁgura
2118 4235 2131 4249 .

543 4293 773 4363 Accepit
800 4309 930 4346 eum
962 4292 1019 4345 in
1050 4290 1319 4362 parabole
1345 4289 1416 4342 de
1456 4295 1638 4342 morte
1668 4288 1739 4340 ab
1768 4304 1835 4341 eo
1855 4286 1954 4358 qui
1993 4287 2136 4340 dixit

2228 3144 2531 3210 utrumque
2560 3142 2843 3212 propriam
2876 3141 3324 3197 benedictionem
3354 3143 3765 3213 fudit.posuitque

2227 3228 2501 3282 minorem
2520 3236 2653 3282 ante
2672 3231 2962 3299 majorem,
2990 3232 3257 3301 quoniam
3279 3231 3599 3302 prandebat
3614 3247 3688 3284 res
3710 3229 3771 3281 ita

2225 3315 2755 3387 futuras.Quodque
2775 3321 3104 3388 sequitur,ct
3125 3321 3385 3374 adoravit
3409 3324 3675 3389 fastigium
3688 3322 3771 3371 tir-

2224 3404 2520 3474 gw.cius,id
2535 3411 2621 3458 est
2641 3406 2810 3475 virgae
2829 3407 3593 3477 Joseph.dupliciterintelligi
3609 3410 3766 3479 potest

2227 3491 2439 3561 Spiritu
2466 3492 2744 3563 siquidem
2765 3495 3086 3564 prophetico
3099 3494 3331 3549 afﬂatus
3346 3497 3528 3559 Iacob,
3551 3492 3759 3564 cognovit

2224 3579 2509 3649 designari
2538 3598 2638 3651 per
2656 3582 2867 3651 virgam
2898 3582 3051 3635 illam
3072 3584 3537 3654 Joseph,regnum
3557 3578 3760 3636 Christi:

2222 3684 2323 3738 per
2344 3668 2630 3738 fastigium
2660 3684 2807 3732 vero,
2842 3669 2900 3722 id
2931 3677 3016 3723 est
3033 3672 3425 3726 summitatem
3449 3673 3763 3742 virgzepoten-

2223 3756 2360 3809 tiam
2400 3764 2460 3811 et
2490 3758 2756 3813 honorem
2802 3758 2961 3827 regni
3006 3758 3236 3825 Christi,
3260 3761 3335 3815 de
3382 3777 3492 3832 qua
3521 3758 3762 3813 l’salmista

2222 3845 2335 3902 ait:
2379 3846 2536 3912 Virga
2565 3851 2721 3899 recta
2748 3851 2834 3899 est
2880 3849 3038 3914 virga
3092 3850 3255 3915 regni
3312 3854 3399 3903 tui
3450 3850 3607 3918 (Psat.
3635 3848 3761 3907 xm).

2223 3932 2370 4002 Ergo
2399 3948 2508 3986 non
2530 3934 2743 4004 virgam
2773 3934 3029 3989 adoravit
3051 3951 3151 4005 pro
3180 3936 3298 3990 Deo
3317 3936 3611 3991 secundum
3630 3934 3761 3985 ritum

2218 4022 2511 4090 gentilium
2551 4022 2647 4092 qui
2678 4023 2826 4076 idola
2872 4022 3146 4084 colebant,
3177 4025 3280 4078 sed
3331 4025 3390 4079 in
3439 4025 3586 4094 virga
3633 4018 3758 4075 Chii-

2218 4116 2390 4170 stum,
2428 4111 2591 4179 cujus
2618 4126 2851 4179 regnum
2885 4117 2943 4164 et
2971 4112 3280 4181 potentiam
3314 4111 3761 4183 pmvidebatpra-

2218 4197 2447 4267 ﬁgurari
2469 4198 2529 4251 in
2558 4198 2671 4251 illa.
2704 4198 2990 4261 Quantum
3014 4215 3147 4255 vero
3171 4200 3242 4253 ad
3270 4201 3517 4257 litteram
3544 4197 3758 4271 pertinet.

2217 4286 2471 4340 fortassis
2507 4286 2815 4343 secundum
2843 4289 3310 4345 consuetudinem
3344 4290 3493 4343 illius
3530 4284 3752 4356 temporis

544 4382 597 4435 ei
619 4399 631 4434 :
665 4382 744 4435 Ne
766 4382 1022 4433 extendas
1051 4394 1286 4433 manum
1316 4382 1472 4430 tuam
1500 4390 1666 4444 super
1685 4390 1928 4443 puerum
1980 4367 2189 4430 (Gem!)
2208 4374 2459 4431 adoravit
2475 4375 2683 4445 virgam
2700 4376 3102 4447 Joseph,quem
3122 4378 3346 4435 videbat
3367 4378 3752 4433 Dominumesse

542 4470 701 4539 χχιι),
731 4469 864 4539 quia
892 4467 1069 4521 ariete
1097 4466 1278 4520 occiso
1300 4465 1406 4519 iste
1423 4464 1669 4518 salvatus
1681 4463 2020 4518 est.0ccisus
2046 4470 2134 4518 est

539 4556 702 4612 Isaac
720 4562 993 4630 quantum
1010 4556 1081 4609 ad
1101 4556 1445 4607 voluntatem
1467 4554 1709 4624 pertinet
1731 4551 2134 4622 patris,deinde

539 4645 833 4701 redonavit
851 4645 1010 4699 illum
1036 4645 1184 4698 Deus
1206 4642 1538 4713 patriarchae
1557 4641 1612 4694 in
1637 4640 1919 4711 parabole,
1949 4640 2003 4693 id
2025 4645 2131 4703 est,

536 4735 595 4789 in
616 4736 800 4806 ﬁgura
819 4738 877 4788 et
903 4732 1271 4787 similitudine
1291 4730 1567 4801 passionis
1602 4728 1903 4783 ChristiJn
1931 4728 2137 4782 simili-

537 4823 735 4877 tudine
765 4822 916 4877 enim
943 4828 1107 4875 erant
1158 4820 1350 4873 omnia
1374 4835 1498 4889 qua:
1539 4824 1675 4871 tunc
1712 4816 2027 4887 agebantur
2072 4817 2132 4870 in

533 4912 840 4978 Abraham,
873 4928 996 4981 qua:
1026 4926 1126 4981 pro
1152 4908 1311 4963 nobis
1340 4924 1503 4961 verus
1530 4906 1833 4968 Abraham,
1862 4906 2011 4959 Deus
2060 4904 2137 4957 vi-

536 4999 738 5053 delicet
764 5001 933 5053 Pater
961 5004 1019 5051 et
1043 5005 1263 5051 creator
1292 4996 1542 5050 omnium
1592 4993 1870 5064 gentium,
1911 4994 1970 5047 in
2018 4994 2130 5047 ﬁne

536 5087 727 5141 saeculi
756 5102 925 5157 agere
945 5086 1326 5156 disposuerat:
1360 5082 1650 5138 Abraham
1680 5082 1957 5152 siquidem
1985 5082 2129 5152 ﬁgu-

532 5189 656 5228 ram
678 5172 779 5227 Dei
795 5175 975 5227 Patris
1001 5172 1276 5241 gestabat,
1287 5173 1440 5225 lsaae
1469 5185 1601 5223 vero
1622 5170 1859 5238 ﬁguram
1890 5169 2121 5224 Christi.

528 5261 814 5315 Abraham
874 5259 1151 5329 siquidem
1208 5259 1487 5329 portabat,
1520 5263 1583 5311 ut
1632 5257 1919 5327 Scriptura
1963 5258 2122 5319 dicit,

526 5350 715 5420 ignem
747 5355 807 5403 et
823 5347 1237 5418 gladium,quia
1266 5348 1413 5400 Deus
1436 5349 1599 5399 Pater
1615 5346 1866 5414 gladium
1916 5347 2125 5416 passio-

525 5440 615 5494 nis
645 5436 890 5510 portavit
920 5435 1354 5508 quodammodo,
1386 5435 1610 5505 quando
1640 5451 1770 5488 eum
1793 5435 1970 5489 occidi
1996 5452 2122 5506 per-

522 5520 693 5595 misit,
719 5526 871 5583 unde
894 5524 1030 5582 dicit
1048 5523 1223 5580 Filius
1241 5527 1303 5579 in
1327 5523 1544 5595 psalmo
1568 5523 1641 5578 ad
1659 5539 1821 5579 eum:
1843 5525 2121 5594 Quoniam

2216 4463 2391 4517 totius
2420 4469 2583 4519 terrae
2611 4464 2856 4535 Egypti,
2882 4482 2969 4530 ea,
2997 4466 3208 4520 scilicet
3227 4469 3449 4521 ratione
3487 4482 3590 4537 qua
3603 4463 3760 4518 Esther

2216 4552 2422 4621 legitur
2440 4553 2702 4607 adorasse
2726 4554 2936 4623 virgam
2956 4555 3187 4609 Assueri
3216 4556 3392 4625 (Esth.
3423 4568 3491 4618 vi.

2286 4641 2413 4693 Fide
2448 4641 2639 4707 Ioseph
2663 4644 2904 4694 moriens
2929 4642 3339 4709 deperfectione
3367 4646 3606 4710 ﬁliorum
3625 4635 3760 4692 Israel

2217 4733 2552 4781 memoratus
2582 4734 2678 4793 est,
2700 4735 2751 4783 et
2777 4731 2841 4782 de
2870 4731 3078 4783 ossibus
3095 4732 3214 4783 suis
3247 4729 3633 4784 mandaritDe
3654 4740 3757 4797 pro-

2215 4817 2456 4871 hotione
2477 4818 2720 4873 ﬁliorum
2746 4815 2921 4874 Israel
2950 4818 3170 4872 locutus
3199 4825 3305 4883 est,
3341 4819 3570 4874 credens
3611 4812 3758 4869 omnia

2214 4921 2345 4958 vera
2397 4922 2519 4960 esse
2568 4922 2691 4977 quae
2730 4906 3066 4976 promiserat
3095 4908 3245 4962 Deus
3277 4908 3528 4979 patribus
3581 4915 3755 4959 eorum.

2216 4992 2493 5063 praecipue
2522 4994 2670 5064 quod
2697 4994 2917 5048 dixerat
2945 4994 3017 5048 ad
3053 4994 3342 5050 Abraham
3369 5018 3381 5052 :
3414 4996 3554 5052 Scito
3590 5005 3759 5062 prmo.

2210 5098 2358 5135 scen:
2374 5081 2507 5151 quia
2520 5085 2877 5149 peregrinum
2888 5084 3188 5138 eritsemcn
3201 5090 3365 5140 tuum
3378 5086 3434 5139 in
3444 5092 3586 5138 terra
3595 5081 3756 5137 aliena.

2211 5170 2468 5239 maleque
2481 5169 2803 5225 tractabant
2813 5170 2949 5224 illud
2964 5175 3131 5226 annis
3145 5174 3760 5241 quadringentis;rrrum-

2212 5265 2398 5312 tamen
2428 5265 2645 5324 gentem
2673 5258 2761 5311 rui
2794 5260 3086 5314 servierint
3097 5262 3363 5328 judicabo
3389 5278 3498 5328 ego,
3529 5257 3647 5312 dicit
3671 5254 3758 5308 Do-

2210 5347 2711 5413 minus,etposthaec
2733 5356 3083 5403 revertentur
3100 5348 3159 5402 in
3185 5355 3398 5402 terram
3422 5356 3630 5419 patrum
3654 5355 3753 5394 suo-

2208 5438 2525 5491 rumiGeth
2536 5449 2964 5507 v;;nequaquam
2984 5453 3119 5508 ergo
3131 5438 3200 5491 de
3213 5438 3331 5491 suis
3343 5438 3557 5492 ossibus
3574 5428 3755 5486 manda-

2208 5531 2297 5581 ret
2313 5524 2653 5598 “septimm
2673 5526 2841 5598 plena
2864 5526 2975 5582 ﬁde
2996 5531 3250 5599 speraret
3259 5525 3504 5582 reditum
3522 5533 3689 5580 eorum
3708 5515 3752 5568 il
