3992 6166
215 224 313 283 909

913 222 1292 279 EXPOSITIO
1323 222 1400 276 IN
1429 221 1587 278 EPP.
1623 222 1680 274 S.
1713 220 1949 277 PAULI.
1980 249 2049 261 —
2079 220 2156 274 IN
2189 218 2410 273 EPIST.
2448 218 2542 272 AD
2571 218 2784 272 HEBR.

3373 218 3488 277 910

212 354 412 403 terram
441 348 906 421 repromissionis.
931 345 1079 401 Dicit
1115 345 1351 399 enimeis
1378 344 1640 399 visitans:
1679 345 1809 397 Visio
1826 346 1876 403 Α
1894 344 2211 413 prmposito,
2241 343 2423 396 noluit
2442 341 2712 395 admirari
2734 340 3047 411 Egyptiaci
3064 343 3221 413 regni
3239 344 3491 414 pulchris

212 440 335 492 tabit
350 441 637 494 io;[)omin
647 455 708 492 us
722 435 1416 508 postdiesmultoszeﬁ‘erte
1426 451 1543 487 ossa
1556 433 1808 487 meahinc

210 526 486 581 vobiscum
510 527 635 588 (Gen
647 526 811 594 .L).Et
831 541 944 580 non
956 524 1135 579 solum
1152 523 1332 576 tribus
1352 522 1557 593 Joseph
1570 537 1698 574 ossa
1712 537 1807 590 pa-

208 614 306 669 tris
323 615 407 669 sui
435 614 871 684 deportaverunt
886 628 1075 665 secum
1092 627 1194 681 per
1214 610 1497 687 desertum
1518 610 1574 663 in
1595 615 1805 662 terram

210 702 670 774 repromissionis,
704 702 801 757 sed
829 701 999 755 etiam
1029 699 1256 769 reliquae
1295 698 1507 753 tribus:
1552 697 1804 751 omnium

210 792 647 863 patriarcharum
665 807 794 844 ossa
807 805 994 843 secum
1009 787 1810 858 detulerunt,sepelieruntque

211 897 273 935 ea
300 880 359 933 in
388 880 760 949 Sichem,quae
784 877 964 932 evenit
997 877 1055 931 in
1083 876 1489 947 possessionem
1517 874 1700 929 tribus
1714 875 1809 928 Jo-

211 969 364 1038 seph.
388 968 531 1023 Nam
557 966 860 1030 Abraham,
885 967 1043 1020 Isaac
1072 969 1129 1018 et
1155 963 1325 1018 Jacob
1351 963 1407 1018 in
1430 963 1698 1034 spelunca
1714 961 1812 1014 du-

211 1056 337 1127 plici
369 1055 634 1111 Mambrae
662 1055 747 1109 vel
771 1054 986 1115 Arbeae,
1021 1068 1188 1123 quam
1225 1051 1505 1106 Abraham
1537 1038 1750 1103 emerat
1780 1064 1815 1101 a

212 1145 342 1199 ﬁliis
366 1144 746 1215 lleth,scpulti
769 1148 902 1197 sunt
930 1158 1054 1195 cum
1097 1141 1236 1196 Sara
1254 1148 1310 1193 et
1339 1139 1585 1193 Rebecca
1614 1145 1672 1192 et
1691 1137 1809 1199 Lia,

214 1234 305 1288 ubi
328 1240 388 1287 et
409 1233 586 1287 Adam
620 1249 747 1287 cum
770 1231 886 1285 Eva
913 1230 1169 1300 sepultus
1194 1226 1816 1299 quiescebat.Fortassis

214 1339 341 1376 vero
371 1322 572 1392 quaerit
612 1320 816 1391 aliquis
847 1336 969 1390 quae
1000 1334 1170 1372 causa
1198 1316 1491 1379 exstiterit,
1526 1322 1591 1369 ut
1621 1331 1816 1368 omnes

218 1410 296 1463 illi
327 1414 507 1463 sancti
535 1414 724 1479 patres
754 1407 812 1461 in
840 1418 993 1460 terra
1032 1404 1483 1476 repromissionis
1515 1403 1819 1457 maluerint

1887 431 2164 496 tudinem,
2182 431 2362 502 magis
2385 431 2598 500 eligens
2625 447 2751 484 cum
2770 430 2974 500 populo
2998 430 3284 502 Deiaffligi
3317 450 3487 504 quam

1888 520 2211 591 temporalis
2221 519 2528 590 peccatoris
2541 518 2746 574 habere
2754 518 3494 589 jucunditatem.Peccatum

1888 625 2130 678 namque
2156 608 2464 679 deputavit,
2493 608 2540 662 si
2571 613 2826 661 maneret
2851 607 2908 660 in
2940 607 3067 662 aula
3098 609 3266 679 regis.
3294 610 3491 667 laetitia

1889 698 2186 767 temporali
2242 698 2455 761 fruens,
2487 712 2732 767 suosque
2775 696 2976 753 fratres
3022 696 3082 753 in
3119 698 3487 757 tribulatione

1891 786 2384 856 relinqueret.Non
2405 785 2857 857 afﬂigi,inquam,
2876 802 3002 838 cum
3034 786 3161 840 aliis
3200 795 3495 858 peccatum

1893 891 2013 928 esse
2036 874 2324 944 judicavit.
2360 875 2415 928 Si
2448 873 2624 943 igitur
2650 874 2742 927 ille
2774 890 2918 928 nova
2941 874 3115 944 affligi
3144 877 3350 932 acriter
3367 896 3496 934 cum

1892 963 2018 1016 aliis
2048 968 2336 1034 peccatum
2378 979 2498 1016 esse
2544 962 2832 1032 judicavit.
2877 970 3150 1033 quantum
3205 968 3495 1023 cumulum

1894 1050 2105 1120 peccati
2136 1049 2382 1103 habituri
2408 1055 2559 1113 sunt,
2593 1049 2685 1119 qui
2715 1051 3205 1120 congregationem
3239 1055 3493 1111 ﬁdelium

1895 1139 2207 1193 deserunt?
2239 1139 2370 1202 Vos,
2403 1137 2610 1207 inquit,
2644 1154 2744 1207 pro
2771 1137 3061 1209 vobisipsis
3099 1142 3375 1212 patimini,
3405 1146 3502 1201 ille

1896 1234 2086 1282 autem
2116 1244 2227 1281 non
2263 1227 2442 1280 solum
2466 1243 2566 1297 pro
2596 1243 2656 1279 se
2687 1227 2826 1288 solo,
2850 1228 3126 1298 aSpiciens
3152 1229 3210 1285 in
3239 1248 3497 1289 remune-

1898 1318 2299 1381 rationem,scd
2325 1318 2495 1371 etiam
2528 1333 2628 1387 pro
2657 1317 2783 1370 aliis
2809 1317 2912 1370 hoc
2934 1318 3195 1389 e1egit,ut
3223 1323 3493 1393 majorem

1900 1408 2210 1461 mercedem
2255 1406 2549 1477 reciperet,
2584 1405 2847 1475 ultroque
2888 1422 2947 1459 se
2989 1408 3226 1476 proiecit
3252 1410 3311 1463 in
3339 1416 3502 1467 tanta

213 1498 435 1569 sepeliri
467 1513 635 1568 quam
665 1496 777 1549 alio
809 1497 867 1549 in
905 1495 1071 1549 loco?
1098 1494 1201 1547 Cui
1226 1492 1675 1564 respondendum
1710 1497 1815 1558 est,
1900 1496 2165 1569 pericula,
2199 1512 2325 1549 cum
2360 1495 2411 1549 ei
2454 1496 2649 1549 liceret
2685 1495 2774 1565 pie
2807 1494 3006 1560 vivere,
3050 1502 3107 1550 et
3141 1501 3502 1558 saecularibus

212 1603 323 1642 non
354 1602 547 1641 curam
589 1585 838 1655 gerendo
869 1584 1255 1655 sepulcrorum
1296 1582 1402 1635 hoc
1429 1580 1688 1651 agebant,
1722 1580 1818 1634 sed
1840 1652 1867 1655 _
1900 1584 2062 1638 bonis
2086 1584 2581 1654 perfrui.Majores,
2600 1583 2800 1655 inquit,
2818 1583 3039 1639 divitias
3068 1587 3356 1644 aestimans
3381 1591 3504 1647 the-

216 1675 406 1747 potius
434 1673 565 1744 quia
590 1652 689 1743 per
718 1652 988 1742 Spiritum
1019 1677 1273 1725 sanctum
1310 1668 1688 1740 praevidcbant
1713 1652 1881 1722 Do.B
1901 1690 2067 1728 sauro
2088 1652 2485 1744 Egyptionim
2515 1652 2920 1743 improperium
2953 1674 3176 1729 Christi.
3218 1679 3503 1751 Imprope-

217 1765 434 1819 minum
470 1762 527 1815 in
553 1777 621 1815 ea
650 1766 799 1815 terra
827 1776 1006 1831 genus
1035 1760 1344 1813 humanum
1372 1757 1818 1828 redempturum,
1902 1761 2046 1817 rium
2061 1759 2270 1814 Christi
2301 1758 2597 1830 dicit,quia
2617 1775 2718 1829 pro
2736 1760 2961 1814 Christo
2986 1763 3257 1818 sustinuit
3278 1767 3501 1838 Moyses

217 1851 405 1922 ibique
435 1856 879 1905 resurrecturum
906 1864 1128 1902 summo
1150 1863 1277 1900 cum
1316 1846 1591 1900 desiderio
1608 1844 1823 1899 ibicon-
1903 1847 2428 1919 improperium,qui
2448 1848 2615 1903 unius
2640 1848 2894 1902 essentiae
2920 1851 3225 1906 secundum
3246 1854 3503 1911 divinita-

216 1940 443 2011 sepeliri
456 1928 743 2009 optabant,
777 1943 1056 2007 quatenus
1068 1952 1132 1989 eo
1147 1935 1824 2004 resurgente,pariterque
1904 1942 2018 1992 tem
2040 1953 2164 1991 cum
2196 1937 2364 1990 Patre
2384 1943 2487 1990 est:
2517 1936 2643 1991 Sive
2665 1936 3072 2009 improperium
3102 1941 3309 1997 Christi
3338 1944 3495 2010 dicit,

219 2046 345 2083 cum
377 2044 443 2081 eo
472 2031 850 2096 resurgerent.
870 2026 985 2079 Nos
1016 2030 1206 2079 autem
1236 2040 1348 2077 non
1372 2023 1642 2077 debemus
1654 2022 1823 2093 pusil-
1903 2025 2009 2081 hoc
2034 2031 2118 2079 est
2143 2025 2307 2096 quale
2343 2025 2600 2079 Christus
2644 2026 2913 2080 sustinuit
2939 2043 2974 2081 a
3004 2028 3121 2083 suis
3148 2032 3500 2105 propinquis.

219 2116 460 2171 lanimes
489 2115 609 2169 ﬁeri
657 2114 975 2183 ubicunque
998 2112 1356 2183 sepeliamur,
1388 2127 1516 2164 cum
1556 2110 1822 2182 plurimo-
1904 2114 2061 2169 Sicut
2102 2113 2253 2167 enim
2284 2112 2539 2167 Christus
2582 2114 2987 2185 improperium
3016 2118 3288 2175 sustinuit
3322 2140 3357 2177 a
3384 2125 3504 2180 suis

218 2221 342 2259 rum
377 2209 690 2273 martyrum
718 2201 1036 2256 nesciamus
1073 2199 1170 2255 ubi
1193 2216 1387 2255 eorum
1427 2214 1664 2270 corpora
1698 2198 1822 2268 glo-
1906 2218 2046 2272 quos
2073 2206 2302 2256 venerat
2328 2201 2857 2272 redimere,quando
2886 2203 2937 2256 ei
2983 2203 3267 2263 dixerunt:
3298 2212 3502 2268 Dama.

216 2293 365 2347 riose
389 2293 615 2361 jaceant
634 2291 902 2344 humana.
1905 2294 2069 2345 nium
2105 2292 2265 2344 habes
2309 2292 2489 2359 (Joan.
2535 2293 2675 2359 VIII),
2722 2295 2851 2356 etc.,
2882 2292 3035 2346 mala
3083 2294 3135 2351 ei
3191 2296 3507 2358 intulerunt.

286 2383 418 2435 Fide
438 2382 639 2449 Moyses
663 2380 1159 2444 natus,occullatus
1185 2383 1257 2431 cst
1284 2377 1559 2431 mensibus
1582 2376 1759 2428 tribus
1786 2389 1822 2427 a
1904 2396 2082 2449 usque
2095 2379 2163 2432 ad
2196 2378 2531 2449 passionem:
2556 2378 2637 2432 ita
2656 2382 2715 2432 et
2740 2379 2960 2450 Moyses
2987 2381 3393 2456 improperium
3414 2407 3507 2446 ευ-

211 2470 544 2538 parentibus
565 2470 763 2533 suis,eo
786 2468 929 2534 quod
948 2468 1205 2519 vidissent
1227 2468 1521 2532 elegantem
1546 2464 1820 2530 infantem
1903 2468 2103 2522 stinuit
2122 2484 2155 2520 a
2173 2466 2444 2521 fratribus
2460 2466 2743 2537 suis,quos
2755 2466 2977 2522 volebat
2996 2469 3256 2529 liberare;
3284 2476 3507 2534 dicebat

215 2562 263 2609 et
295 2573 414 2612 non
438 2559 748 2609 timuerunt
773 2558 916 2621 regis
936 2554 1438 2607 edictum.Nonsua
1459 2552 1567 2605 ﬁde
1583 2550 1823 2604 occulta-
1905 2558 2054 2611 enim
2075 2556 2125 2610 ei
2146 2572 2292 2611 unus
2314 2572 2379 2610 ex
2402 2556 2501 2610 eis:
2528 2557 2660 2623 Quis
2691 2561 2737 2609 te
2765 2560 3052 2613 constituit
3079 2565 3383 2633 principem
3401 2578 3507 2629 aut

217 2650 312 2700 tus
331 2647 649 2715 estMoyses
663 2643 755 2714 qui
768 2643 949 2696 adhuc
967 2642 1075 2696 fari
1095 2658 1207 2695 non
1234 2647 1469 2712 poterat:
1489 2640 1583 2694 sed
1601 2639 1709 2693 ﬁde
1724 2655 1824 2709 pa-
1896 2648 2146 2714 judicem
2173 2660 2340 2714 super
2368 2650 2492 2698 nos?
2519 2659 2657 2697 num
2686 2642 3001 2701 interﬁcere
3032 2664 3115 2701 me
3144 2653 3226 2704 vis
3255 2655 3399 2709 sicut
3423 2657 3511 2715 in-

216 2741 449 2789 rentum
477 2749 730 2796 suorum,
754 2731 930 2802 patris
960 2731 1177 2785 scilicet
1202 2747 1268 2783 ac
1296 2730 1512 2792 matris,
1535 2729 1630 2799 qui
1661 2728 1827 2782 ﬁdem
1910 2733 2177 2788 terfecisti
2193 2734 2316 2787 heri
2334 2733 3264 2800 EgyptiumNand.n).Similiter
3280 2746 3506 2812 quando

217 2823 500 2877 habentes
528 2822 675 2893 quod
694 2821 1048 2891 omnipotens
1066 2820 1214 2874 Deus
1231 2824 1420 2889 posset
1440 2834 1569 2872 eum
1588 2817 1828 2871 liberare

216 2917 276 2966 et
330 2911 639 2977 custodire,
673 2910 1063 2964 custodierunt
1099 2908 1257 2961 illum
1306 2906 1486 2961 tribus
1516 2905 1823 2972 mensibus,

217 3000 429 3054 deinde
452 3016 579 3053 vero
608 3016 734 3054 cum
758 3015 869 3052 non
891 2998 1205 3069 potuissent
1242 3012 1368 3050 eum
1390 2995 1571 3049 celare
1600 3002 1828 3065 propter

216 3089 371 3159 vagit
384 3105 452 3142 us
470 3089 979 3159 ipsiusposuerunt
998 3087 1056 3140 in
1078 3086 1342 3140 ﬁscellam
1364 3084 1829 3154 sirpeam.posue-

215 3185 474 3248 runtque
491 3178 547 3230 in
565 3183 783 3230 carecta
805 3175 1071 3229 fluminis.
1083 3174 1335 3228 Edictum
1349 3173 1496 3227 enim
1512 3170 1831 3241 hujusmodi

213 3267 374 3336 regis
397 3272 612 3329 erat,ut
629 3280 821 3319 omnes
838 3264 996 3335 pueri
1016 3264 1073 3318 in
1096 3263 1324 3317 fluvium
1342 3260 1830 3332 jactarentur.Sed

216 3356 361 3425 quid
382 3362 473 3408 est
495 3354 642 3424 quod
660 3354 932 3415 dicit,non
947 3352 1205 3406 timuisse
1227 3352 1329 3404 hos
1349 3350 1497 3420 regis
1539 3349 1784 3403 edictum
1803 3346 1830 3399 Ἰ

213 3445 276 3503 Si
308 3462 432 3500 non
457 3445 787 3507 timuerunt,
820 3459 993 3513 quare
1023 3440 1435 3495 custodierunt?
1465 3440 1528 3493 In
1562 3439 1664 3493 hoc
1699 3454 1832 3507 ergo

213 3533 709 3602 timuerunt.quia
738 3548 849 3585 non
873 3538 1005 3585 sunt
1032 3530 1157 3585 ausi
1186 3530 1429 3583 retinere
1457 3544 1611 3583 eum:
1639 3527 1698 3581 in
1728 3527 1833 3580 hoc

216 3640 356 3677 vero
376 3622 542 3693 quasi
559 3637 669 3675 non
690 3618 1282 3689 timuerunt,quianon
1298 3617 1653 3688 projecerunt
1669 3616 1828 3668 illum

211 3712 273 3766 in
308 3716 580 3782 apertum
610 3708 864 3774 fluvium,
898 3707 995 3760 sed
1018 3707 1077 3760 in
1106 3706 1315 3760 ﬁscella
1330 3708 1655 3775 posuerunt
1678 3719 1827 3769 eum,

212 3801 427 3871 sicque
459 3798 818 3853 immiserunt
847 3802 1066 3851 carecto
1093 3794 1362 3851 ﬂuminis.
1381 3792 1651 3846 habentes
1675 3807 1835 3862 spem

209 3897 401 3960 atque
434 3887 697 3942 ﬁduciam
721 3887 869 3956 quod
895 3884 1249 3955 omnipotens
1270 3883 1419 3937 Deus
1438 3880 1747 3935 custodiret
1772 3879 1836 3933 il-

207 3979 724 4048 lum,quapropter
742 3991 807 4029 ac
835 3974 882 4028 si
910 3989 1023 4027 non
1043 3972 1382 4038 timuissent,
1409 3970 1490 4025 ita
1511 3972 1834 4040 reputatum

208 4073 304 4123 est
338 4065 648 4121 illis.Unde
678 4079 811 4133 ergo
834 4062 929 4116 isti
956 4066 1321 4133 speraverunt
1340 4059 1554 4113 salvare
1573 4073 1830 4128 puerum,

207 4156 326 4211 nisi
352 4171 467 4226 per
486 4153 679 4208 ﬁdem?
699 4148 1519 4220 Viderunt,inquit.elegantem
1539 4146 1831 4201 infantem.

208 4243 531 4315 Siquidem
557 4240 626 4295 ab
657 4247 785 4294 ortu
814 4238 1124 4294 nativitatis
1154 4253 1363 4306 magna
1406 4235 1512 4289 fuit
1540 4235 1622 4289 illi
1650 4234 1835 4289 infusa

1912 2822 2149 2894 quilibet
2176 2839 2210 2875 a
2235 2821 2576 2887 domesticis,
2618 2821 2703 2875 vel
2742 2820 2812 2875 ab
2843 2822 2923 2876 eis
2943 2824 3146 2893 quibus
3168 2827 3504 2889 beneﬁcium

1911 2909 2272 2982 prmstititjm
2282 2909 2600 2980 properium
2617 2910 3284 2984 sustinet,improperium
3297 2920 3508 2979 Christi

1910 3000 2167 3054 sustinet.
2225 2997 2565 3068 Aspiciebat,
2624 2997 2828 3067 inquit,
2885 2998 2945 3053 in
2994 3008 3510 3066 remunerationem

1911 3105 2091 3145 suam.
2126 3093 2184 3142 et
2211 3087 2385 3141 totius
2416 3086 2624 3158 populi.
2649 3088 2736 3141 Ita
2774 3089 2997 3157 quando
3028 3090 3262 3163 quisque
3290 3097 3512 3155 adversi

1912 3177 2125 3249 aliquid
2146 3176 2378 3247 patitur,
2394 3176 2560 3230 debet
2587 3176 2854 3231 reducere
2881 3178 2953 3231 ad
2979 3182 3312 3238 memoriam
3341 3203 3512 3257 quam

1913 3266 2426 3321 remunerationem
2449 3282 2483 3318 a
2505 3264 2744 3320 Domino
2763 3265 2961 3320 exinde
2986 3267 3056 3321 sit
3090 3277 3436 3342 recepturus.

1984 3356 2110 3408 Fide
2134 3357 2362 3422 reliquit
2402 3356 2836 3422 ngyptummon
2865 3358 3073 3410 veritus
3099 3362 3514 3421 animositatem

1918 3443 2423 3510 regis:invisibitem
2434 3445 2583 3495 enim
2597 3447 2862 3511 tanquam
2878 3451 3209 3513 praisentem
3219 3454 3509 3509 sustinuit.

1912 3531 2177 3600 Legimus
2198 3530 2257 3584 in
2289 3529 2495 3589 Exodo,
2527 3529 2656 3599 quia
2695 3546 2821 3583 cum
2852 3531 3030 3601 Moysi
3054 3532 3265 3590 dictum
3305 3544 3453 3593 esset
3479 3557 3519 3596 ει

1918 3618 2160 3688 quodam
2194 3616 2423 3671 Hebraeo
2453 3616 2547 3686 qui
2585 3616 2826 3670 faciebat
2853 3618 3120 3687 injuriam
3148 3622 3330 3690 fratri,
3346 3642 3517 3696 quem

1918 3706 2139 3775 Moyses
2168 3703 2346 3757 voluit
2375 3703 2691 3773 increpare:
2719 3704 2991 3772 Nunquid
3012 3706 3330 3766 interﬁcere
3349 3718 3414 3767 ut
3432 3731 3518 3769 me

1917 3795 1998 3847 vis
2008 3795 2151 3846 sicut
2178 3791 2513 3846 interfecisti
2534 3792 2656 3844 heri
2668 3793 3015 3860 ﬂgyptium?
3034 3794 3201 3866 Fugit
3212 3798 3438 3872 Moyses
3459 3803 3520 3860 in

1917 3879 2085 3937 verbo
2120 3880 2250 3945 isto,
2286 3897 2352 3936 eo
2397 3879 2546 3950 quod
2593 3880 2812 3935 Pharao
2858 3882 3051 3937 audito
3102 3885 3209 3941 hoc
3245 3896 3521 3958 quaereret

1918 3986 2045 4025 eum
2102 3969 2452 4024 interﬁcere:
2491 3968 2588 4022 sed
2622 3985 2748 4024 cum
2780 3970 3140 4028 manifestum
3185 3975 3257 4030 sit
3307 3978 3522 4050 fugisse

1916 4058 2077 4113 illum
2132 4058 2194 4112 in
2246 4056 2498 4123 Madian,
2528 4056 2662 4127 quid
2693 4062 2779 4125 est
2808 4058 2955 4128 quod
2985 4059 3185 4117 beatus
3219 4065 3524 4137 Apostolus

1917 4147 2086 4201 dicit:
2117 4147 2247 4200 Non
2264 4145 2475 4200 veritus
2499 4145 2911 4211 animositatem
2942 4149 3134 4220 regis?
3160 4151 3218 4207 Si
3238 4155 3385 4210 enim
3410 4172 3525 4215 non

1917 4235 2127 4299 timuit,
2165 4250 2340 4305 quare
2369 4234 2537 4305 fugit?
2570 4234 2728 4298 Quod
2761 4252 2895 4306 ergo
2923 4238 3070 4308 fugit
3085 4240 3217 4295 ﬁdei
3244 4242 3371 4309 fuit,
3403 4263 3528 4302 cre-

207 4333 417 4402 gratia
452 4329 901 4395 venustatis,non
919 4332 1125 4382 natura
1143 4326 1249 4381 hoc
1269 4323 1712 4394 operante,quod
1732 4338 1832 4377 na-
1853 4316 1903 4375 D
1922 4324 2061 4379 dens
2088 4322 2314 4378 liberari
2356 4340 2390 4377 a
2430 4323 2547 4377 Deo
2586 4330 2645 4377 et
2670 4325 2968 4394 praetendit
2993 4329 3239 4385 exterius
3266 4332 3529 4391 timorem

206 4427 311 4477 tus
345 4426 449 4476 est
478 4419 746 4475 honestus
774 4416 1104 4471 infantulus:
1139 4414 1234 4469 sed
1250 4413 1446 4484 gratia:
1473 4412 1672 4466 divina:
1689 4411 1837 4466 dono

208 4529 351 4583 quae
397 4509 578 4565 etiam
622 4505 916 4561 barbaram
964 4505 1120 4560 illam
1159 4503 1452 4558 mulierem
1492 4500 1834 4572 Egyptiam,

209 4601 414 4656 ﬁliam
444 4596 709 4651 videlicet
734 4593 1063 4658 Pharaonis,
1092 4592 1163 4646 ad
1192 4593 1298 4646 hoc
1319 4590 1665 4655 excitavit,ut
1682 4604 1840 4643 ama-

206 4697 309 4747 ret
335 4705 507 4752 eum,
538 4694 604 4742 ut
621 4690 870 4740 sumeret
906 4689 963 4738 et
998 4682 1261 4738 nutriret.

288 4781 440 4834 Fide
467 4778 672 4843 Moyses
695 4774 927 4842 grandis
951 4774 1153 4839 factus,
1188 4772 1405 4838 negavit
1432 4786 1486 4823 se
1515 4785 1621 4823 esse
1659 4770 1844 4836 ﬁlium

204 4872 356 4937 filia
371 4864 898 4929 Pharaonis,magis
927 4862 1130 4927 eligens
1149 4860 1334 4927 afﬂigi
1352 4874 1478 4912 cum
1498 4861 1702 4926 populo
1721 4858 1841 4921 Dei,

207 4973 409 5029 quam
428 4953 748 5021 temporalis
755 4951 965 5017 peccati
975 4948 1582 5015 haberejucunditatem
1592 4949 1848 5014 ,maiores

202 5050 342 5102 divi
346 5048 476 5098 tias
485 5044 766 5096 aestimans
783 5040 1038 5093 thesauro
1050 5039 1432 5105 [Egyptiorum
1448 5038 1852 5104 improperium

206 5130 785 5198 0hristi.Aspiciebat
794 5130 944 5183 enim
958 5129 1021 5179 in
1034 5127 1538 5179 remunerationem
1561 5124 1854 5193 Tanquam

202 5223 261 5278 si
294 5221 539 5276 diceret
569 5216 640 5270 ad
666 5231 762 5269 eos
800 5213 1004 5284 quibus
1045 5213 1161 5267 haec
1189 5212 1495 5268 scribebat:
1518 5212 1721 5265 Nullus
1759 5228 1854 5265 ve-

204 5317 425 5365 strum
447 5304 664 5359 dimisit
683 5303 872 5357 aulam
892 5302 1137 5371 regalem
1154 5302 1401 5372 amplam
1423 5306 1480 5357 et
1499 5302 1725 5364 claram,
1752 5317 1846 5354 ne-

200 5416 335 5473 que
364 5393 570 5464 regios
587 5393 902 5454 thesauros,
926 5390 1073 5443 sicut
1094 5392 1313 5462 Moyses
1333 5390 1479 5455 fecit,
1510 5390 1605 5459 qui
1622 5405 1734 5443 non
1762 5405 1849 5442 so-

198 5492 349 5546 lum
384 5481 761 5557 contempsit,
788 5480 890 5537 sed
913 5480 1086 5536 etiam
1112 5479 1428 5552 abnegavit.
1461 5479 1612 5536 Caelo
1641 5477 1847 5551 quippe

1923 4427 2052 4466 cum
2074 4411 2314 4465 interius
2346 4410 2567 4467 nullum
2590 4410 2827 4466 haberet
2854 4419 3091 4482 metum,
3115 4416 3352 4491 ideoque
3369 4422 3451 4476 sic
3479 4422 3532 4477 ei

1924 4506 2248 4572 reputatur,
2276 4498 2438 4571 quasi
2467 4515 2580 4555 non
2604 4500 2903 4556 timuisset.
2933 4504 3147 4561 Idcirco
3172 4509 3319 4564 enim
3349 4512 3534 4567 noluit

1925 4589 2005 4645 ibi
2031 4605 2358 4653 manere,ne
2372 4605 2576 4643 causas
2600 4590 2890 4659 iactantiae
2907 4592 3193 4650 videretur
3205 4614 3266 4651 se
3285 4597 3344 4657 in
3364 4615 3529 4670 aper»

1925 4684 2047 4734 tum
2093 4672 2405 4749 periculum
2451 4678 2821 4750 praecipitare,
2865 4696 2929 4734 ac
2965 4686 3186 4738 tentare
3224 4685 3528 4744 Dominum

1925 4768 2105 4823 Deum
2134 4784 2321 4832 suum,
2356 4767 2505 4838 quod
2557 4767 2786 4822 omnino
2823 4768 3160 4826 diabolicum
3203 4779 3306 4829 est.
3340 4775 3533 4833 Sancti

1927 4857 2139 4912 etenim
2162 4856 2266 4911 viri
2289 4856 2539 4926 quandiu
2559 4855 2767 4911 habent
2788 4857 2933 4927 quod
2954 4858 3179 4925 faciant,
3199 4862 3379 4919 Deum
3405 4869 3534 4922 ten-

1931 4949 2053 4999 tare
2073 4960 2184 4998 non
2203 4943 2531 5008 debent,sed
2552 4942 2759 4999 debent
2780 4944 2992 4999 imitari
3014 4946 3311 5006 Dominum
3336 4969 3526 5023 suum,

1935 5035 2031 5107 qui
2055 5034 2378 5104 frequenter
2403 5034 2587 5088 locum
2614 5033 2771 5089 dedit
2797 5034 3024 5102 Iudaeis,
3057 5038 3351 5098 audientes
3378 5046 3530 5115 quod

1935 5123 2054 5194 ipse
2081 5122 2365 5195 praecepit,
2391 5122 2581 5176 dicens
2604 5140 2618 5177 :
2650 5124 2789 5178 Cum
2817 5139 2907 5178 vos
2924 5131 3198 5193 persecuti
3223 5132 3441 5197 fuerint
3464 5138 3530 5191 in

1936 5215 2153 5266 civitate
2182 5226 2321 5275 una,
2351 5212 2526 5278 fugite
2554 5212 2617 5264 in
2654 5213 2832 5265 aliam
2862 5209 3078 5281 (Matth.
3112 5220 3175 5286 Χ)
3216 5219 3374 5291 Fuga
3397 5239 3531 5293 ergo

1935 5300 2115 5371 Moysi
2141 5304 2262 5354 tota
2288 5297 2531 5353 exterior
2559 5298 2665 5353 fuit
2692 5317 2705 5351 :
2736 5301 3000 5370 quoniam
3039 5306 3282 5363 maxime
3323 5309 3394 5365 de
3428 5311 3533 5367 Dei

1928 5390 2136 5445 auxilio
2157 5387 2383 5443 ﬁdebat.
2416 5388 2575 5443 Unde
2605 5390 2906 5460 Apostolus
2934 5391 3071 5447 dicit
3090 5397 3534 5466 inm‘sibitem,in-

1929 5478 2161 5552 quiens:
2192 5477 2375 5533 Deum
2402 5481 2673 5551 tanquam
2702 5485 3037 5552 praesentem
3059 5484 3348 5554 sustinuit,
3379 5485 3532 5555 quod
