3992 6166
569 307 670 366 911

1017 309 1395 364 llAYMONlS
1437 309 1929 364 HALBERS’I‘AT.
1967 309 2190 364 El’lSC.
2230 309 2388 363 OPP.
2416 309 2674 364 PARS].
2711 339 2774 350 -—
2809 308 3186 366 COMMENT.
3225 310 3402 368 BlBL.

3685 319 3770 372 illi

565 441 652 489 est
678 433 899 492 dicere:
931 432 1021 489 Ita
1070 440 1193 488 erat
1222 435 1357 488 ﬁsus
1405 433 1473 488 de
1504 433 1610 487 Dei
1647 433 1930 503 adjutorio
1968 437 2025 486 et
2079 433 2220 492 itaA
2246 432 2510 486 tem.Non
2533 433 2681 485 enim
2706 431 2966 486 tubarum
2989 432 3205 486 sonitus
3228 450 3496 488 murorum
3515 453 3631 491 saxa
3647 439 3772 508 deje-

565 515 790 594 semper
815 521 886 576 de
924 523 1046 592 ejus
1085 521 1428 593 protectione
1462 539 1691 576 securus
1717 528 1857 584 erat,
1888 529 2160 592 tanquam

565 611 1006 682 omnipotentem
1061 610 1240 665 Deum
1301 610 1395 681 qui
1452 616 1659 665 natura
1715 615 1801 664 est
1851 610 2161 672 invisibilis,

527 718 534 726 ⁴
563 715 786 770 semper
811 703 1143 771 prtesentem
1171 699 1464 770 aspiceret.

633 789 760 842 Fide
797 789 1084 842 celebravit
1113 789 1320 842 Pascha
1351 793 1398 841 et
1435 791 1729 855 sanguinis
1757 791 2166 853 e/I‘asz’onem,ne

561 879 663 945 qui
670 878 916 930 vastabat
933 878 1248 944 primitz'ra,
1278 881 1522 942 tangeret
1551 893 1652 929 eos.
1673 875 1807 930 Fide
1825 893 1934 946 qua
1951 877 2168 947 Moyses

559 964 797 1018 credidit
817 981 917 1035 per
947 964 1102 1018 illum
1133 963 1465 1033 sanguinem
1494 963 1824 1018 salvandum
1851 982 1973 1019 esse
1998 983 2168 1036 popu-

558 1053 700 1118 lum,
731 1051 1032 1108 celebravit
1060 1051 1271 1106 Pascha
1300 1057 1357 1105 et
1385 1052 1680 1121 sanguinis
1709 1052 2034 1106 eﬁ‘usionem
2054 1071 2164 1124 quo

557 1140 741 1196 linivit
796 1146 1004 1212 postes,
1023 1157 1094 1194 ne
1144 1140 1381 1208 angelus
1437 1139 1530 1210 qui
1573 1139 1828 1194 vastabat
1878 1141 2164 1211 primitiva

556 1228 1254 1302 Egyptiorum,aﬁligeret
1278 1226 1590 1290 Israelitas,
1621 1245 1685 1280 ac
1709 1229 1756 1281 si
1786 1228 1997 1283 diceret
2024 1229 2153 1283 illis:

559 1316 618 1370 Si
644 1315 874 1387 sanguis
903 1315 1032 1385 agni
1068 1315 1238 1386 typici
1267 1316 1323 1368 in
1349 1314 1532 1368 medio
1561 1313 1983 1385 z‘Egyptiorum,
2016 1322 2069 1370 et
2100 1317 2157 1370 in

555 1409 717 1457 tanta
751 1403 1137 1458 devastatione
1167 1403 1370 1456 illaesos
1399 1402 1896 1469 servavitJudteos,
1920 1421 2155 1474 quorum

559 1499 746 1564 postes
769 1492 998 1546 fuerunt
1028 1491 1267 1561 respersi
1301 1491 1395 1544 illo
1423 1491 1899 1558 sanguine,m‘ulto
1920 1493 2160 1563 amplius

556 1579 792 1634 salvabit
821 1597 924 1634 nos
945 1579 1175 1649 sanguis
1204 1578 1304 1632 viri
1336 1577 1486 1647 agni,
1508 1578 1611 1631 hoc
1641 1587 1723 1632 est
1751 1580 1983 1640 Christi.
2015 1598 2156 1650 quo-

554 1685 678 1723 rum
703 1668 866 1732 ostia,
901 1668 954 1721 id
987 1674 1070 1721 est
1103 1667 1315 1720 frontes
1345 1666 1563 1720 munita
1593 1673 1728 1720 sunt
1753 1667 1914 1737 signo
1943 1669 2157 1739 passio-

2243 521 2338 583 cit,
2372 521 2466 574 sed
2489 521 2626 574 ﬁdes
2659 537 2770 592 qua
2802 521 2882 574 illi
2907 521 3266 575 crediderunt
3291 522 3417 586 Deo,
3441 524 3620 594 dejecit
3643 527 3764 584 illos.

2247 609 2510 679 Legimus
2539 610 2684 680 quod
2708 610 2947 663 Domino
2976 610 3346 680 praecipiente,
3375 609 3534 666 Josue
3558 616 3772 686 praecepit

2248 713 2434 750 arcam
2469 697 2570 752 Dei
2601 699 2810 768 portari
2835 715 2937 769 per
2963 703 3178 769 septem
3201 699 3316 753 dies
3331 699 3385 752 in
3401 699 3614 756 circuitu
3629 702 3772 757 Hieri-

2211 790 2216 794 '
2251 786 2356 838 cho
2393 803 2458 840 ac
2490 803 2792 856 personare
2817 785 3243 858 tubis.Septimo
3263 793 3442 840 autem
3470 788 3552 842 die
3577 805 3682 843 cum
3705 791 3772 845 in-

2249 875 2602 944 crepuissent
2630 875 2798 937 tubis,
2840 881 3176 929 corruerunt
3204 876 3346 929 muri
3393 875 3632 930 Hiericho
3657 880 3770 948 quod

2247 978 2283 1015 a
2309 979 2518 1032 magno
2549 963 2818 1034 mysterio
2860 980 2973 1017 non
3013 969 3173 1016 vacat
3224 964 3475 1017 Hiericho
3501 982 3610 1035 qua:
3634 965 3770 1021 inter-

2247 1057 2503 1121 pretatur
2531 1051 2685 1117 luna,
2721 1053 2963 1122 speciem
2998 1051 3162 1122 hujus
3191 1052 3382 1105 mundi
3410 1059 3568 1116 tenet,
3581 1053 3688 1122 quia
3713 1055 3768 1108 si-

2244 1145 2343 1192 cut
2387 1138 2520 1192 luna
2559 1140 2862 1194 menstruis
2910 1139 3370 1210 completionibus
3397 1140 3587 1204 deficit,
3609 1141 3675 1195 ita
3704 1143 3769 1196 hic

2243 1226 2486 1280 mundus
2503 1227 2842 1296 quotidianis
2862 1227 3264 1282 defectionibus
3282 1229 3444 1282 cadit.
3472 1229 3530 1282 in
3547 1245 3658 1283 arca
3673 1246 3768 1284 vero

2243 1314 2490 1368 Ecclesia
2521 1317 2814 1385 ﬁguratur,
2848 1317 2905 1369 in
2937 1315 3086 1370 tubis
3115 1321 3301 1370 autem
3333 1317 3770 1387 aereis,pra:dicato-

2241 1419 2330 1456 res
2358 1403 2530 1457 fortes
2557 1403 2940 1475 accipiuntur;
2973 1406 3164 1466 Josue,
3197 1405 3292 1474 qui
3339 1405 3670 1459 circumdedit
3698 1423 3767 1459 ar-

2243 1507 2388 1555 eam,
2421 1493 2681 1546 Christus
2710 1498 2812 1556 est,
2846 1493 2940 1562 qui
2985 1493 3288 1547 Ecelesiam
3341 1511 3492 1548 suam
3543 1511 3629 1564 per
3655 1495 3768 1548 hunc

2243 1580 2514 1634 mundum
2561 1581 2856 1651 gubernat.
2879 1583 3037 1636 Ilanc
3057 1599 3189 1652 ergo
3220 1583 3413 1636 urbem
3447 1583 3768 1636 Hiericbodie-

2241 1665 2346 1721 bus
2373 1674 2585 1739 septem
2649 1669 2916 1723 lsraelitae
2961 1670 3204 1723 terentes
3244 1687 3449 1735 arcam,
3478 1671 3626 1724 aeneis
3664 1670 3778 1724 tubis

554 1757 642 1810 nis
665 1755 893 1810 Christi.
925 1755 1140 1810 Timuit
1169 1756 1316 1808 enim
1344 1755 1502 1808 illum
1535 1755 1865 1822 sanguinem
1903 1757 2156 1826 angelus,
2179 1747 2221 1804 Β
2241 1754 3077 1825 clangentibuscircumeunt,et
3107 1757 3254 1810 muri
3285 1759 3406 1827 ejus
3434 1775 3774 1828 perarczepra-

550 1845 872 1915 intelligens
902 1844 978 1898 ibi
1003 1843 1352 1898 Dominicam
1385 1849 1718 1899 mortemac
1735 1851 2028 1914 propterea
2052 1862 2158 1898 non

549 1933 734 2002 tetigit
763 1939 972 2004 postes,
991 1932 1122 1985 licet
1147 1931 1292 2002 quod
1315 1930 1480 1984 ﬁebat
1512 1932 1648 1984 nihil
1681 1939 1854 1986 esset:
1884 1933 1978 1986 sed
2011 1933 2156 2002 quod

547 2038 650 2093 per
675 2021 813 2076 illud
848 2021 1034 2084 ﬁebat,
1072 2036 1336 2090 magnum
1380 2025 1520 2073 erat.
1556 2020 1841 2090 Sanguine.
1872 2021 2004 2090 agni
2046 2021 2158 2074 illi-

498 2151 500 2154 μ
548 2117 764 2163 nuntur
819 2108 1206 2162 lsraelitarum
1265 2118 1472 2178 postes,
1522 2123 1591 2161 ne
1639 2115 1886 2161 vastator
1921 2109 2157 2178 angelus

546 2197 751 2252 audeat
780 2197 989 2251 inferre
1033 2201 1272 2249 mortem
1300 2215 1313 2262 ;
1346 2195 1644 2264 signantur
1672 2196 1975 2250 Dominicm
2024 2213 2154 2266 pas-

545 2287 720 2341 sionis
737 2285 1026 2356 signaculo
1055 2284 1250 2338 fideles
1279 2284 1467 2354 populi
1500 2284 1554 2336 in
1585 2283 1866 2338 frontibus
1897 2285 1966 2338 ad
2000 2291 2154 2339 tute-

545 2374 656 2428 lam
687 2374 904 2436 salutis,
936 2379 1000 2427 ut
1027 2372 1098 2426 ab
1119 2372 1349 2426 interitu
1373 2372 1702 2426 liberentur.

617 2465 741 2517 Fide
774 2465 1124 2516 transierunt
1160 2476 1314 2514 mare
1345 2461 1594 2516 Rubrum
1627 2466 1895 2528 tanquam
1916 2479 2018 2530 per
2037 2465 2152 2516 ari-

543 2552 674 2606 dam
709 2552 1098 2619 terram,un
1125 2551 1336 2626 experti
1366 2551 1608 2617 zEgypli't'
1633 2551 1880 2602 derorali
1905 2557 2053 2604 sunt.
2072 2553 2152 2605 Ac

542 2641 587 2694 si
619 2641 831 2694 diceret
856 2639 964 2692 illis
984 2637 1188 2709 quibus
1210 2637 1318 2691 ista
1339 2635 1633 2690 scribebat?
1658 2637 1720 2691 In
1747 2643 1968 2692 tantum
1983 2640 2150 2692 ﬁdem

544 2729 782 2783 ﬁrmiter
807 2734 1002 2782 tenere
1031 2725 1321 2792 debemus,
1354 2733 1424 2778 ut
1447 2725 1672 2795 quando
1706 2725 1760 2778 in
1801 2725 2150 2796 deSperatio-

543 2833 668 2871 nem
714 2817 960 2888 aliquam
993 2815 1218 2868 animus
1249 2819 1440 2868 noster
1478 2815 1734 2870 fluctuat.
1762 2819 1896 2867 tunc
1926 2831 2149 2886 quoque

539 2906 626 2960 ﬁsi
657 2906 833 2959 simus
863 2910 926 2958 ut
957 2903 1283 2964 liberemur,
1321 2919 1387 2955 ac.
1417 2903 1460 2955 si
1493 2918 1670 2972 usque
1697 2902 1764 2955 ad
1794 2910 2028 2956 mortem
2055 2920 2147 2956 ve-

2243 1843 2482 1896 sentiam
2507 1850 2676 1914 atque
2701 1861 2972 1899 arearum
3012 1845 3274 1899 tubarum
3321 1846 3550 1900 sonitum
3595 1845 3772 1908 cadunt,

2243 1931 2374 2000 quia
2400 1931 2454 1984 in
2486 1933 2591 1986 hoc
2619 1939 2872 2003 tempore
2903 1934 3051 2004 quod
3081 1939 3298 2004 septem
3328 1935 3536 1988 dierum
3561 1934 3774 1987 vicissitu-

2241 2018 2371 2072 dine
2400 2019 2660 2082 volvitur.
2677 2021 2930 2075 defertur
2955 2037 3105 2082 arca,
3132 2021 3188 2074 id
3217 2027 3328 2082 est,
3350 2023 3476 2076 dum
3507 2021 3669 2075 orbem
3685 2027 3770 2074 ter-

2239 2121 2429 2159 rarum
2463 2107 2739 2162 circuiens
2772 2115 3030 2162 movetur
3044 2109 3291 2164 Ecclesia
3319 2111 3386 2164 ad
3419 2110 3770 2181 praedicantium

2237 2209 2416 2247 voces:
2441 2195 2600 2264 quasi
2626 2196 2693 2248 ad
2725 2199 2989 2250 tubarum
3013 2198 3261 2252 sonitum
3295 2200 3437 2253 muri
3465 2199 3702 2256 Hiericho,
3727 2197 3767 2249 id

2236 2289 2320 2334 est
2342 2282 2474 2335 elati
2509 2283 2676 2353 hujus
2707 2285 2900 2338 mundi
2927 2291 2984 2338 et
3009 2285 3308 2356 principes,
3341 2304 3404 2340 ac
3431 2286 3644 2358 superba
3674 2285 3771 2338 infl-

2233 2368 2780 2425 delitatisobstacula
2811 2374 3359 2439 corruunt,donecin
3380 2377 3485 2429 ﬁne
3513 2384 3767 2445 temporum

2234 2473 2386 2510 mors
2416 2460 2718 2513 novissima
2738 2461 2966 2514 inimica
2995 2462 3342 2517 destruatur.

2305 2548 2431 2599 Fide
2460 2550 2606 2601 Raab
2633 2553 2898 2603 meretrix
2947 2567 3059 2604 non
3107 2555 3280 2619 periit
3327 2569 3448 2606 cuin
3505 2551 3764 2612 incredulis,

2234 2637 2504 2702 recipiens
2523 2640 2890 2703 cap/oratores
2936 2655 3061 2692 cum
3110 2656 3260 2707 pace.
3296 2639 3547 2710 Magnam
3575 2637 3766 2692 consola-

2234 2722 2443 2776 tionem
2469 2729 2526 2777 et
2571 2725 3013 2780 exhortationem
3045 2726 3242 2781 beatus
3286 2729 3572 2798 Apostolus
3599 2727 3684 2779 isto
3721 2725 3763 2776 in

2233 2809 2355 2863 loco
2377 2811 2636 2865 omnibus
2665 2813 2907 2883 praebet:
2943 2814 3075 2884 quia
3100 2815 3148 2868 si
3179 2815 3442 2870 meretrix
3486 2813 3688 2868 inﬁdelis
3723 2817 3764 2864 et

2233 2897 2548 2963 idololatra,
2572 2902 2692 2954 Sola
2713 2902 2822 2955 ﬁde
2846 2903 3058 2956 salvata
3085 2905 3376 2966 est,multo
3399 2905 3566 2973 magis
3587 2903 3656 2956 illi
3679 2901 3762 2953 sal-

537 2997 782 3059 niamus,
812 3002 870 3048 et
896 2993 940 3048 si
965 2994 1034 3048 de
1063 2993 1224 3046 nobis
1249 2992 1872 3062 desperetur.Quzenam
1904 3010 2030 3062 spes
2047 3010 2145 3064 po-
2164 3011 2207 3070 ο
2229 2987 2528 3055 vabuntur,
2561 2990 2657 3058 qui
2688 2991 2754 3042 ad
2769 2990 3026 3059 graviora
3053 2991 3293 3045 crimina
3341 3009 3449 3045 non
3477 2997 3595 3045 sunt
3624 2988 3760 3061 prola-

535 3087 687 3136 terat
722 3098 844 3135 esse
872 3081 979 3134 illis
1001 3081 1027 3133 ’ἶ
1057 3081 1134 3134 Ex
1184 3096 1293 3133 una
1321 3079 1470 3133 enim
1518 3085 1677 3148 parte
1707 3087 1830 3133 erat
1871 3097 2048 3137 mare.
2081 3097 2146 3134 ex

536 3170 712 3224 altera
729 3175 889 3240 parte
911 3167 1286 3236 cingebantur
1309 3167 1597 3220 altissimis
1621 3167 1958 3228 montibus,a
1980 3169 2147 3222 tertia

539 3263 698 3330 parte
729 3263 892 3310 erant
941 3257 1150 3311 hostes.
1185 3256 1246 3310 Si
1275 3255 1482 3309 vellent
1538 3257 1750 3325 fugere,
1785 3258 1968 3310 autin
2002 3259 2144 3311 mari

535 3351 699 3400 erant
726 3343 984 3414 perituri,
1015 3350 1111 3396 aut
1159 3342 1216 3395 in
1256 3358 1457 3396 manus
1487 3342 1882 3413 [Egyptiorum
1930 3343 2144 3396 incide-

535 3439 681 3489 rent.
711 3431 994 3488 Habentes
1042 3437 1229 3484 autem
1271 3430 1440 3484 ﬁdem
1473 3437 1669 3484 cuncta
1704 3431 1970 3488 vicerunt.
2009 3433 2143 3486 Fide

535 3521 686 3578 enim
720 3538 831 3592 qua
881 3519 1120 3574 credidit
1165 3520 1385 3590 Moyses
1429 3519 1558 3578 Deo,
1589 3519 1656 3571 ad
1711 3519 1938 3572 verbum
1991 3520 2147 3574 illius

535 3610 816 3684 percussit
844 3625 1018 3673 mare,
1047 3614 1104 3662 et
1132 3607 1320 3660 divisit
1349 3607 1484 3660 illud
1521 3607 1577 3660 in
1606 3607 1898 3660 duodecim
1928 3607 2145 3664 divisio-

537 3701 819 3770 nes,juxta
837 3697 984 3768 quod
1013 3697 1069 3751 in
1097 3695 1337 3750 Psalmis
1367 3695 1592 3748 dicitur:
1625 3695 1929 3749 Credentes
1951 3712 2146 3750 omnes

537 3790 646 3844 illa;
667 3787 850 3842 tribus
873 3787 1018 3840 sicco
1031 3785 1264 3854 vestigio
1285 3801 1446 3854 posse
1466 3783 1710 3837 transire
1727 3800 1899 3849 mare,
1921 3785 2140 3854 ingres-

537 3895 612 3932 sae
644 3882 796 3948 sunt:
829 3875 927 3929 sed
965 3875 1148 3946 prima
1177 3872 1358 3927 tribus
1387 3872 1550 3936 Juda,
1569 3873 1730 3942 juxta
1748 3873 1894 3942 quod
1914 3872 1969 3926 in
2003 3873 2144 3927 Osee

537 3965 763 4036 legitur:
797 3963 966 4027 Juda,
1013 3961 1218 4032 inquit,
1251 3961 1510 4032 princeps
1557 3976 1683 4013 cum
1727 3961 1840 4014 Deo
1872 3960 1928 4014 in
1979 3961 2140 4014 mari.

537 4057 894 4126 Quapropter
923 4051 1061 4106 illud
1093 4066 1249 4103 mare
1283 4049 1530 4102 Hebraeis
1571 4047 1678 4102 fuit
1707 4065 1737 4100 a
1771 4048 1982 4102 dextris
2013 4055 2072 4102 et
2112 4065 2146 4102 τι

539 4143 786 4197 sinistris
831 4158 931 4211 pro
957 4155 1141 4202 muro,
1166 4137 1418 4208 praebens
1447 4137 1526 4190 eis
1559 4137 1768 4190 siccum
1801 4136 1944 4190 iter:
1973 4135 2146 4208 Egy-

537 4231 689 4301 ptios
710 4234 898 4282 autem
931 4225 1252 4280 submersit.
1292 4225 1452 4278 Unde
1494 4223 1630 4278 dicit
1675 4225 1978 4294 Apostolus
2018 4226 2151 4294 quia

543 4316 756 4388 experti
806 4315 942 4368 illud
991 4311 1235 4384 Egyptii
1282 4311 1528 4365 devorati
1572 4317 1723 4378 sunt,
1774 4319 2152 4382 cognoverunt

543 4405 693 4458 enim
748 4403 896 4474 quod
955 4418 1108 4454 mare
1176 4405 1326 4454 esset
1388 4400 1462 4452 Ex
1521 4399 1625 4453 hoc
1679 4399 1828 4453 enim
1887 4401 2152 4471 apparuit

545 4510 750 4566 aquam
782 4507 922 4555 esse,
950 4489 1083 4560 quia
1132 4489 1212 4542 illi
1263 4487 1506 4541 viventes
1533 4487 1780 4558 absorpti
1808 4495 1958 4548 sunt,
1993 4495 2050 4542 et
2079 4506 2145 4542 ex

547 4595 648 4638 hoc
677 4579 940 4654 apparuit
967 4595 1077 4632 non
1106 4595 1227 4632 esse
1259 4575 1636 4648 phantasiam,
1670 4577 1765 4630 sed
1792 4593 1976 4630 rerum
2008 4579 2146 4632 veri-

543 4681 738 4736 tatem,
763 4686 932 4742 quam
953 4669 1162 4740 experti
1187 4665 1450 4736 Aigyptii,
1473 4665 1720 4719 devorati
1744 4672 1894 4719 sunt.
1920 4666 2139 4736 Allege-

543 4763 656 4816 rice
713 4767 899 4814 autem
957 4773 1112 4811 mare
1145 4755 1394 4810 Rubrum
1444 4753 1758 4824 baptismus
1786 4759 1889 4818 est,
1943 4753 2146 4808 rubore

432 4913 440 4925 ι
494 4877 498 4882 -
541 4849 829 4919 sanguinis
860 4845 1068 4902 Christi
1095 4849 1486 4908 consecratus;
1523 4841 1736 4895 Hebraei
1769 4841 1862 4912 qui
1883 4843 2140 4896 exierunt

543 4937 613 4990 de
634 4937 955 5007 Algyptoet
980 4932 1326 4987 transierunt
1351 4947 1450 5000 per
1470 4946 1624 4983 mare
1641 4930 1912 4994 Rubrum,
1945 4930 2136 4984 ﬁdeles

543 5024 797 5093 sunt,qui
822 5023 1276 5092 derelinquentes
1294 5018 1555 5072 tenebras
1572 5019 1934 5084 inﬁdelitatis,
1949 5024 2136 5072 trans-

541 5111 731 5165 ierunt
766 5128 867 5181 per
901 5110 1110 5163 fontem
1147 5107 1516 5179 baptismatis.
1551 5107 1768 5160 Pharao
1806 5112 1862 5160 et
1890 5105 2137 5178 Egyptii

544 5199 750 5254 mortui
770 5205 903 5251 sunt
930 5199 987 5250 in
1019 5199 1180 5250 mari.
1210 5197 1338 5266 quia
1365 5197 1422 5249 in
1447 5195 1600 5249 fonte
1623 5194 1973 5266 baptismatis
1991 5211 2134 5248 mor-

2231 3075 2336 3146 psi,
2370 3092 2434 3129 ac
2455 3077 2500 3129 si
2533 3084 2792 3146 patenter
2809 3077 3036 3130 diceret:
3070 3079 3436 3134 Inhonestum
3463 3079 3760 3135 est.si'mere-

2231 3165 2367 3216 trice
2390 3165 2730 3218 intideliores
2751 3167 3015 3219 estis.ll|a
3031 3173 3251 3220 tantum
3283 3169 3529 3222 homines
3557 3165 3759 3220 nuntian-

2229 3257 2314 3305 tes
2341 3253 2578 3312 audivit,
2609 3253 3014 3324 confestimque
3040 3255 3310 3309 credidit:
3359 3275 3452 3310 vos
3495 3263 3656 3310 autem
3682 3267 3762 3306 non

2226 3341 2406 3393 solum
2437 3341 2693 3395 homines
2723 3342 2952 3404 auditis,
2987 3359 3177 3397 verum
3205 3345 3378 3399 etiam
3407 3362 3554 3398 voces
3578 3342 3761 3414 prophe-

2225 3433 2431 3494 tarum,
2458 3447 2580 3500 qua:
2613 3447 2713 3500 per
2741 3448 2908 3484 omne
2937 3431 3230 3486 sabbatum
3281 3435 3552 3505 leguntur:
3579 3439 3626 3486 et
3650 3432 3764 3484 insu-

2231 3533 2332 3587 per
2359 3517 2542 3588 ipsum
2583 3519 2785 3572 Filium
2834 3519 2933 3573 Dei
2964 3521 3032 3574 ad
3066 3537 3162 3574 vos
3194 3523 3429 3576 missum
3466 3519 3757 3592 cognoscitis.

2229 3605 2370 3658 Nam
2404 3606 2558 3660 Raab
2597 3608 2852 3660 eﬁ'ectum
2908 3609 3036 3663 ﬁdei
3083 3617 3387 3665 consecuta
3429 3617 3523 3665 est.
3553 3606 3762 3665 Omnibus

2228 3694 2436 3764 quippe
2469 3695 2836 3764 pereuntibus
2868 3696 2986 3749 sola
3029 3698 3244 3752 salvam
3290 3706 3396 3754 est.
3429 3699 3569 3754 Raab
3599 3702 3758 3756 autem,

2226 3781 3269 3854 quaeinterpretaturdilatata,ﬁguram
3284 3784 3664 3842 tenetEcclesize
3673 3797 3761 3852 qua

2228 3868 2466 3922 dilatata
2487 3875 2574 3924 est
2604 3869 2673 3922 ab
2702 3869 2918 3924 oriente
2945 3871 3001 3925 in
3023 3873 3468 3936 occidentem.ab
3495 3869 3760 3944 aquilonein

2230 3957 2544 4023 meridiem,
2572 3964 2630 4012 et
2657 3958 3013 4013 latitudinem
3047 3961 3759 4025 charitatishabet,intantum

2227 4050 2292 4098 ut
2345 4043 2513 4098 etiam
2546 4061 2647 4115 pro
2703 4045 2840 4115 ipsis
2879 4045 3120 4100 inimicis
3148 4050 3460 4104 orationem
3512 4042 3761 4103 fundati}

2227 4131 2371 4186 bene
2392 4133 2462 4186 de
2491 4133 2770 4186 extraneis
2795 4141 2966 4204 atque
2985 4135 3186 4190 alienis
3211 4138 3476 4207 gentibus
3493 4142 3600 4190 erat
3622 4134 3758 4186 vivens

2229 4220 2290 4274 iu
2319 4221 2614 4274 desideriis
2641 4222 2918 4289 carnis,ac
2948 4223 3303 4279 fornicationi
3332 4227 3638 4286 deserviens,
3664 4218 3757 4291 quia

2234 4309 2476 4364 Ecclesia
2508 4309 2692 4362 aliena
2730 4316 2853 4363 erat
2877 4316 3010 4364 ante
3041 4311 3264 4366 Domini
3296 4315 3579 4368 adventum
3605 4327 3634 4363 a
3658 4309 3755 4368 D80.

2230 4397 2537 4450 secundum
2592 4397 2872 4452 desideria
2903 4399 3091 4454 vivens
3142 4402 3329 4456 carnis
3369 4398 3758 4466 tornicationique

2227 4492 2397 4556 atque
2419 4485 2750 4540 idololatriae
2778 4487 3429 4560 deserviensPostquam
3451 4495 3619 4544 autem
3641 4487 3757 4539 Jesus

2225 4589 2390 4626 verus
2419 4573 2574 4626 misit
2605 4575 2675 4627 ad
2715 4591 2836 4628 eam
2868 4576 3008 4629 duos
3051 4578 3448 4648 exploratores,
3480 4578 3573 4632 hoc
3593 4579 3663 4628 est
3684 4572 3758 4624 Pe—

2227 4666 2375 4714 trum
2403 4667 2460 4714 et
2489 4662 2746 4722 Paulum,
2765 4663 2880 4716 sive
2908 4664 3020 4717 duo
3047 4671 3406 4732 testamenta,
3433 4665 3596 4720 ﬁdelis
3613 4661 3758 4714 effecti

2229 4749 2458 4820 reliquit
2475 4750 2905 4805 fornicationem
2932 4752 3669 4825 idohilatriae,sicquesalvata
3685 4751 3757 4807 est,

2219 4847 2275 4892 et
2313 4838 2562 4892 salvatur
2583 4839 2833 4910 quotidie
2862 4856 2932 4894 ne
2963 4852 3153 4911 pereat
3182 4859 3309 4897 cum
3333 4839 3744 4897 inﬁdelibusiluc.

2217 4942 2398 4997 usque
2428 4927 2680 4980 narravit
2723 4927 2794 4982 de
2825 4928 3166 4998 legislatore,
3199 4937 3254 4985 et
3283 4932 3354 4985 de
3377 4929 3602 5001 antiquis
3621 4920 3748 4997 patri-

2218 5015 2342 5081 bus,
2374 5031 2524 5068 nunc
2554 5015 2807 5070 dicturus
2826 5021 2912 5070 est
2929 5017 2999 5070 de
3015 5017 3301 5087 judicibus
3329 5019 3423 5090 qui
3441 5014 3749 5082 fueruntpnst

2217 5103 2413 5168 Josue,
2445 5104 2676 5158 nomina
2704 5121 2901 5159 eorum
2938 5108 3332 5162 tantummodo
3368 5113 3745 5164 commemorans

2217 5199 2448 5264 propter
2469 5191 2796 5246 brevitatem
2826 5195 3120 5261 sermonis,
3149 5196 3243 5266 qui
3273 5209 3377 5266 per
3404 5196 3558 5250 ﬁdem
3583 5201 3744 5263 pugna-

539 5293 673 5342 tuus
701 5295 788 5341 est
815 5285 1088 5348 diabolus,
1116 5285 1425 5338 amittendo
1475 5290 1805 5354 potestatem
1837 5299 2004 5354 quam
2035 5284 2128 5337 ha-
2211 5286 2431 5347 verunt,
2455 5289 2513 5335 et
2531 5288 2730 5351 gentes
2751 5283 3024 5353 plurimas
3054 5285 3323 5340 vicerunt.

541 5375 723 5432 bebat.
775 5375 997 5429 Mortua
1027 5379 1158 5426 sunt
1214 5372 1382 5426 etiam
1440 5377 1668 5442 peccata
1721 5371 2017 5442 originalia
2073 5378 2128 5426 et

535 5464 800 5529 actualia,
833 5462 878 5517 si
907 5477 1016 5532 qua
1055 5466 1221 5514 antea
1255 5465 1434 5515 erant.

2283 5371 2347 5424 Et
2377 5371 2512 5438 quid
2538 5372 2719 5424 adhuc
2755 5373 2936 5425 dicam
2959 5379 2982 5425 Ρ
3008 5375 3220 5440 Deﬁciet
3268 5377 3418 5428 enim
3466 5389 3544 5425 me
3583 5376 3740 5433 templ”

2209 5463 2588 5512 enarrantem.
2616 5461 2727 5514 lloc
2754 5465 2857 5525 est,
2885 5460 3107 5516 deﬁciet
3128 5470 3350 5532 tempus
3375 5446 3738 5515 destinatumad

600 5554 728 5608 Fide
753 5554 911 5606 muri
922 5550 1175 5606 Hiericho
1192 5549 2132 5618 corruerun(circuitudiermusep—
2212 5547 2566 5601 scribendum
2600 5548 2904 5619 Epistolaui
2929 5567 2940 5602 :
2964 5553 3011 5604 si
3039 5556 3239 5605 cuncta
3264 5549 3482 5605 illorum
3510 5547 3737 5611 [παλιντυ-
