3884 6154
191 233 282 290 913
797 231 1178 288 EXPOSITIO
1219 232 1294 286 IN
1340 227 1490 286 ΕΡΡῖ
1534 232 1590 286 S.
1634 231 1868 286 PAULI.
1905 257 1971 272 —
2013 231 2090 286 IN
2133 230 2358 286 EPIST.
2409 229 2506 284 AD
2545 230 2758 286 lIEBR.
3332 226 3434 284 9H

193 355 334 427 sequi
373 354 608 418 voluero,
641 369 780 424 quos
823 353 1095 410 hactenus
1145 356 1599 419 commemoravi,
1639 356 1754 411 sive
1766 363 1814 420 Α
1831 355 2002 410 stulte
2021 356 2248 425 egisset,
2269 355 2416 426 quod
2437 354 2810 426 omnipotenti
2831 355 2947 409 Deo
2967 353 3298 424 sanguinem
3330 353 3440 407 hu-

195 462 300 517 quaa
325 457 544 497 narrare
573 458 796 513 possum
823 443 892 496 de
921 444 1006 498 his
1029 445 1125 516 qui
1157 461 1506 499 successores
1533 446 1756 500 illorum
1838 461 2066 499 manum
2094 445 2333 499 fundens
2362 445 2578 516 putavit
2614 444 2852 514 placere.
2879 441 3040 495 Vovit
3069 441 3343 512 siquidem
3373 443 3439 494 ut

189 535 410 595 fuerunt,
440 532 499 584 de
525 531 748 594 Gedeon,
791 533 985 597 Barac,
1018 533 1272 598 Samson,
1313 535 1516 602 Jephte,
1560 535 1753 600 Darii],
1837 535 1885 587 si
1909 533 1960 587 ei
1991 533 2262 588 Dominus
2292 532 2578 587 victoriam
2609 532 2770 586 daret
2789 531 2858 584 de
2878 530 3007 584 ﬁliis
3027 526 3436 594 Amon,immo-

187 622 406 688 Samuel,
435 624 480 672 et
507 619 784 688 prophetis
815 623 914 688 qui
951 636 1052 689 per
1075 623 1235 688 [idem
1266 624 1515 675 vicerunt
1564 637 1753 689 regna.
1838 622 1983 676 laret
2021 622 2070 676 ei
2093 623 2412 693 quicunque
2442 621 2656 692 primus
2685 623 3004 674 occurreret
3026 617 3095 672 de
3115 617 3284 672 domo
3310 632 3432 670 sua.

189 710 328 775 Quod
352 723 537 761 omnes
567 707 845 777 siquidem
888 708 946 762 in
988 726 1284 763 commune
1329 715 1752 771 commemorat,
1838 710 1996 773 Quod
2027 717 2084 764 et
2112 711 2189 763 ita
2219 711 2365 764 fecit.
2408 711 2552 764 Nam
2589 708 2831 762 occurrit
2871 707 2921 761 ei
2955 707 3069 760 ﬁlia
3110 722 3232 771 sua,
3265 720 3436 775 quam

187 797 303 852 illud
334 801 413 849 est
439 795 585 866 quod
627 796 976 864 singulorum
1027 814 1196 868 opera
1241 799 1434 850 eadem
1477 798 1586 851 ﬁde
1633 805 1759 852 acta
1839 805 1967 869 post
1994 799 2340 870 deploratam
2368 798 2744 868 virginitatem
2785 795 2986 850 occidit
3017 796 3169 863 (Jud.
3205 808 3262 848 ιιι
3291 834 3302 846 .
3326 794 3435 850 Sed

187 891 302 940 sunt
330 903 340 936 :
373 884 500 954 quia
539 900 734 938 omnes
779 885 860 938 illi
916 901 1017 956 per
1065 885 1230 940 ﬁdem
1290 885 1458 939 simul
1507 887 1760 941 vicerunt
1837 892 2023 958 potest
2049 887 2221 957 quaeri
2247 904 2356 959 qua
2385 888 2454 941 de
2483 903 2654 941 causa
2690 902 2808 940 mos
2835 883 3146 950 inoleverit,
3177 889 3242 937 ut
3282 882 3435 936 omni

187 989 356 1044 regna.
377 972 601 1026 Gedeon
617 971 891 1042 siquidem
921 973 1197 1044 accipiens
1223 973 1448 1044 signum
1468 991 1502 1028 a
1518 975 1757 1029 Domino
1839 992 1988 1029 anno
2001 976 2239 1047 virgines
2260 976 2617 1030 Hebrazorum
2642 976 2860 1047 plorent
2880 973 3052 1027 ﬁliam
3073 971 3435 1042 Jephte.Quze

187 1065 236 1117 in
257 1061 506 1116 trecentis
535 1061 690 1131 viris,
713 1062 808 1132 qui
840 1062 1098 1116 manibus
1125 1079 1329 1134 aquam
1363 1066 1670 1118 hauserunt
1689 1064 1758 1118 de
1839 1063 1947 1117 ista
1975 1065 2332 1135 cognoscitur
2347 1082 2469 1118 esse
2486 1064 2723 1130 ratio,ut
2745 1063 2876 1118 dum
2899 1067 3136 1116 cernunt
3155 1059 3435 1132 deplorari

186 1151 362 1223 quibus
385 1151 651 1204 Dominus
679 1151 817 1204 dixit
837 1151 888 1204 ei
921 1171 933 1204 :
969 1150 1038 1205 In
1077 1151 1164 1205 his
1193 1152 1484 1223 superabis
1511 1152 1753 1218 Madian,
1841 1152 2041 1206 illama
2080 1153 2300 1207 ﬁliabus
2339 1154 2472 1216 suis,
2500 1169 2664 1206 nemo
2684 1152 2754 1206 ad
2771 1157 2984 1206 tantam
3006 1149 3301 1204 stultitiam
3317 1155 3438 1202 tan-

185 1241 234 1294 in
257 1240 444 1293 vellere
487 1255 710 1310 quoque
758 1239 990 1294 humido
1041 1245 1097 1294 et
1143 1240 1307 1305 sicco,
1355 1241 1462 1294 ﬁde
1513 1242 1757 1311 repletus
1839 1246 2064 1312 tvmque
2085 1243 2365 1314 piaculum
2389 1240 2968 1313 audcatprosilire,ut
2992 1239 3436 1293 Deohnmanum

183 1327 455 1399 prostravit
483 1327 657 1380 Zebee
695 1334 752 1381 et
781 1329 1065 1392 Salmana,
1095 1329 1420 1400 accepitque
1469 1330 1753 1383 victoriam
1837 1331 2164 1400 sanguinem
2189 1331 2404 1385 fundat.
2430 1330 2604 1384 David
2629 1330 2737 1383 ﬁde
2756 1329 2951 1400 plenus
2965 1326 3438 1398 processitcontra

175 1434 230 1470 ex
256 1416 520 1470 hostibus.
575 1416 882 1486 Allegorice
927 1423 1116 1471 autem
1161 1418 1389 1471 Gedeon
1439 1419 1532 1489 qui
1571 1417 1748 1471 inter-
1832 1418 2299 1484 Philistlneum,et
2333 1419 2614 1473 interfecit
2641 1435 2767 1472 eum
2790 1420 2843 1488 (Ι
2873 1419 2990 1482 Reg.
3019 1419 3166 1472 ιιι-ιι).
3201 1415 3269 1468 Et
3296 1430 3437 1484 quo-

175 1510 404 1576 pretatur
430 1504 487 1557 in
533 1512 694 1558 utero
724 1506 1080 1567 circumiens,
1130 1506 1410 1576 significat
1448 1507 1746 1560 Dominum
1832 1507 1982 1560 niam
2018 1509 2131 1560 Deo
2160 1509 2415 1571 credidit,
2446 1508 2652 1562 inultas
2690 1505 3090 1578 promissiones
3115 1503 3183 1557 de
3213 1497 3437 1556 Christo

171 1595 337 1647 Jesum
365 1593 672 1659 Christum,
702 1593 798 1663 qui
836 1611 933 1663 per
971 1594 1374 1648 incarnationis
1417 1596 1747 1666 mysterium
1779 1642 1815 1666 η
1836 1596 2164 1666 promeruit.
2201 1597 2426 1650 Samuel
2459 1596 2732 1666 prOphcta
2757 1599 2813 1648 et
2842 1593 3102 1647 sacerdos
3125 1593 3296 1647 fidem
3327 1591 3438 1645 ha-

173 1681 222 1732 in
249 1687 393 1734 utero
423 1681 656 1749 virginis
685 1681 1012 1743 collocatus,
1045 1681 1394 1752 plenitudine
1444 1682 1752 1736 divinitatis
1779 1677 1817 1699 ”
1837 1683 1958 1736 buit
1981 1685 2306 1754 perfectam,
2332 1701 2444 1754 qua
2463 1683 2620 1738 unxit
2641 1682 2808 1736 David
2825 1683 2882 1736 in
2904 1699 3090 1750 regem
3113 1681 3182 1736 ad
3206 1677 3437 1734 verbum

173 1775 293 1839 (qua:
319 1768 505 1822 omnia
537 1768 731 1838 replet)
760 1775 940 1823 totum
983 1771 1252 1824 mundum
1294 1771 1584 1836 circuibat,
1623 1771 1755 1841 quia
1839 1771 2080 1834 Domini,
2107 1780 2164 1826 ct
2191 1773 2490 1826 occidendo
2517 1776 2692 1842 Agag,
2721 1787 2910 1842 regem
2938 1770 3204 1824 Amalech
3237 1771 3294 1839 (Ι
3309 1771 3434 1836 Reg.

173 1857 427 1928 implendo
454 1856 667 1918 omnia,
714 1857 1024 1912 circumdat
1049 1859 1253 1913 omnia.
1280 1860 1535 1914 Trecenti
1563 1866 1752 1914 autem
1837 1865 1942 1928 xv},
1971 1863 2184 1932 cperati
2229 1869 2360 1916 sunt
2388 1863 2693 1932 justitiam,
2729 1862 2861 1932 quia
2891 1859 3035 1932 quod
3081 1858 3441 1912 crediderunt

173 1946 279 2009 viri,
301 1945 388 2015 qui
418 1945 684 1999 manibus
713 1963 916 2016 aquam
950 1948 1278 2011 hauserunt,
1304 1955 1361 2002 et
1382 1955 1607 2019 accepto
1626 1949 1752 2018 igne
1837 1951 2021 2013 corde,
2066 1967 2237 2021 opere
2263 1951 2702 2019 compleverunt,
2737 1954 3070 2003 exornantes
3095 1946 3348 2001 eamdem
3379 1947 3440 2000 ﬁ-

173 2033 222 2086 in
246 2033 441 2102 lagenis
469 2039 668 2086 contra
682 2033 906 2087 Madian
923 2034 1152 2104 profecti
1175 2036 1750 2106 sunt,confractisque.
1835 2038 1984 2104 dem,
2027 2039 2218 2110 adepti
2244 2047 2376 2093 sunt
2404 2038 2867 2110 repromissiones
2903 2038 2971 2091 dc
3002 2036 3226 2092 Christo
3254 2035 3340 2089 vel
3369 2034 3438 2088 de

174 2121 360 2190 lagenis
399 2121 546 2191 ignis
579 2122 940 2192 resplenduit,
981 2123 1240 2194 tubisque
1299 2125 1702 2195 increpuerunt
1731 2141 1742 2178 :
1830 2129 2014 2200 patria
2033 2129 2263 2184 coelesti.
2285 2129 2572 2183 Abraham
2606 2129 2752 2183 enim
2773 2129 2842 2182 de
2863 2126 3088 2181 Christo
3109 2123 3438 2198 promissio-

173 2209 425 2280 simulque
451 2210 646 2264 hostes
677 2210 732 2263 in
761 2210 951 2281 fugam
984 2213 1233 2266 conversi
1264 2219 1416 2278 sunt,
1439 2220 1636 2284 typum
1667 2218 1746 2266 te-

172 2305 255 2353 net
297 2304 613 2352 sanctorum
663 2299 1118 2369 preedicatorum,
1169 2301 1262 2371 qui
1317 2302 1483 2355 ﬁdem
1539 2307 1744 2356 sanctas

173 2387 435 2442 Trinitatis
479 2389 772 2454 habentes,
815 2389 974 2458 signo
1021 2389 1322 2444 Dominicze
1363 2390 1637 2460 passionis
1667 2391 1747 2444 in-

173 2476 340 2546 signiti
361 2484 508 2543 sunt,
547 2479 694 2548 quod
739 2478 1068 2548 designatur
1099 2495 1198 2548 per
1241 2481 1374 2532 thau
1402 2480 1448 2533 T
1477 2479 1744 2542 litteram,

176 2582 280 2635 quae
307 2583 402 2620 suo
433 2583 672 2621 numero
702 2573 982 2621 trecentos
1031 2567 1307 2639 exprimit,
1339 2575 1392 2620 et
1429 2584 1552 2638 qua:
1600 2567 1748 2637 apud

175 2659 362 2708 veteres
379 2656 602 2710 Judaaos
630 2656 1053 2710 similitudinem
1084 2657 1267 2710 crucis
1297 2655 1552 2709 habebat.
1579 2656 1749 2725 Lage-

173 2758 244 2797 ae
267 2749 464 2806 autem,
501 2761 630 2814 quae
659 2752 793 2798 sunt
832 2746 1054 2799 vascula
1093 2745 1282 2799 fusilia
1313 2745 1393 2798 vel
1423 2744 1636 2805 ﬁctilia,
1669 2745 1746 2797 si-

169 2831 411 2899 gniﬁcant
436 2849 676 2903 corpora
695 2834 1018 2887 eorumdem
1047 2835 1250 2904 praedic
1267 2839 1472 2887 itorum
1497 2833 1736 2891 inﬁrma,

1829 2233 1955 2270 nem
1983 2217 2216 2287 accepit.
2259 2217 2481 2271 dicente
2529 2216 2633 2270 sibi
2674 2217 2912 2271 Domino
2946 2233 2958 2268 :
2995 2217 3058 2270 In
3088 2216 3294 2268 semine
3325 2217 3436 2279 tuo,

1829 2305 1883 2359 id
1906 2313 1989 2360 est
2004 2306 2060 2360 in
2079 2305 2918 2372 Christo,benedicenturomnes
2937 2301 3434 2371 gentes(Gcn.xx:i)-

1829 2395 2000 2448 David
2022 2411 2244 2465 quoque
2259 2394 2532 2465 plurimas
2553 2390 3196 2464 promissionesaccepit,
3213 2389 3302 2444 cui
3324 2389 3438 2443 Do-

1833 2482 2020 2536 minus
2032 2482 2172 2535 dixit
2190 2495 2202 2529 :
2225 2483 2360 2536 Cum
2384 2483 2682 2535 dormieris
2694 2498 2758 2534 cu
2769 2498 2817 2533 m
2837 2481 3094 2549 patribus
3112 2481 3242 2544 tuis,
3263 2481 3439 2532 susci-

1835 2573 1955 2624 tabo
1979 2587 2160 2624 semen
2194 2577 2354 2624 tuum
2386 2571 2531 2638 quod
2556 2570 2865 2637 egredietur
2883 2569 2946 2620 de
2975 2565 3184 2621 lumbis
3220 2567 3354 2629 tuis,
3387 2571 3436 2620 et

1830 2660 2061 2724 [irmabo
2083 2659 2348 2712 thronum
2383 2658 2504 2727 ejus
2534 2672 2703 2728 super
2729 2655 2994 2709 thronum
3017 2660 3178 2708 tuum
3210 2655 3296 2725 (II
3311 2655 3432 2720 Reg.

1831 2754 1943 2806 vn).
1971 2747 2037 2800 Et
2057 2746 2188 2799 alibi
2213 2765 2224 2800 :
2256 2749 2324 2800 De
2341 2750 2534 2812 fructu
2557 2744 2734 2799 lumbi
2753 2747 2838 2797 tui
2849 2760 3055 2812 ponam
3078 2755 3244 2812 super
3257 2743 3434 2795 sedem

1830 2841 1983 2888 tuam
2019 2837 2186 2903 (l’sal.
2233 2843 2426 2888 cxxxll.
2459 2835 2525 2888 Et
2571 2851 2698 2888 cum
2731 2831 3102 2904 jurejurando
3137 2833 3318 2894 semet,
3351 2829 3442 2884 in-

172 2920 230 2972 de
248 2920 435 2990 quibus
467 2921 620 2976 idem
643 2923 903 2992 egregius
926 2923 1259 2993 praedicator
1281 2922 1416 2975 dicit
1438 2940 1448 2974 :
1474 2923 1742 2974 Habemus
1825 2924 1964 2994 quit,
1973 2927 2174 2992 juravi
2201 2926 2262 2976 in
2287 2929 2474 2976 sancto
2500 2940 2633 2988 meo,
2676 2926 2726 2975 si
2754 2922 2930 2976 David
2962 2923 3222 2985 mentiar,
3250 2934 3432 2972 semen

173 3009 462 3063 thesaurum
475 3014 648 3064 istum
670 3015 730 3063 in
758 3015 900 3064 rasis
917 3012 1180 3078 fictilibus
1202 3013 1286 3080 (ll
1307 3012 1425 3066 Cor.
1443 3013 1534 3078 Iv).
1561 3011 1742 3064 Sonus
1763 3031 1804 3088 (ς
1825 3017 1940 3082 ejus
1971 3016 2030 3066 in
2057 3019 2326 3067 .eternum
2354 3013 2596 3066 manebit
2635 3012 2813 3083 (Psal.
2845 3017 3111 3066 L'xxxvml.
3141 3009 3432 3064 Obturare-

169 3095 402 3152 tubarum
425 3116 590 3154 voces
611 3100 1040 3170 praedicatorum
1066 3099 1344 3170 exprimit.
1371 3098 1584 3152 Fractis
1613 3115 1746 3168 ergo
1830 3107 1987 3166 runt,
2029 3101 2084 3156 id
2121 3107 2224 3162 est,
2267 3101 2591 3154 clauserunt
2635 3117 2734 3154 ora
2783 3103 3024 3163 leonum,
3067 3103 3128 3152 ut
3167 3097 3430 3162 Samson,
3489 3140 3492 3144 .

171 3185 361 3256 lagenis
390 3188 742 3259 resplenduit
767 3188 932 3253 ignis,
963 3189 1266 3258 hostesque
1297 3188 1350 3241 in
1381 3187 1570 3257 fugam
1602 3186 1746 3239 versi

167 3283 297 3328 sunt.
327 3277 646 3330 Madianitae
688 3283 887 3348 typum
937 3283 1127 3331 tenent
1171 3277 1335 3330 istius
1377 3275 1582 3336 saeculi,
1614 3275 1747 3346 quia

169 3370 434 3435 postquam
465 3366 648 3420 sancti
689 3373 966 3437 martyres
990 3365 1060 3420 ab
1089 3367 1194 3418 hoc
1230 3366 1430 3437 smculo
1460 3363 1746 3427 deﬁciunt,

168 3462 398 3509 crescunt
429 3455 702 3508 miraculo
727 3473 738 3508 :
763 3455 952 3525 sicque
976 3455 1180 3508 virtute
1198 3435 1595 3508 miraculorum
1624 3469 1752 3508 con'

167 3543 293 3596 cussi
318 3543 371 3597 in
412 3545 608 3614 fugam
654 3550 991 3597 vertuntur:
1027 3544 1258 3604 scilicet,
1299 3549 1395 3597 aut
1437 3542 1564 3596 ﬁdei
1605 3541 1738 3596 sub-

166 3629 324 3686 dendo
353 3649 462 3696 eos,
493 3639 595 3688 aut
627 3633 794 3687 etiam
825 3649 857 3685 a
881 3633 1174 3687 tormentis
1195 3633 1480 3694 cessando,
1516 3631 1645 3684 victi
1667 3631 1738 3684 ti-

165 3733 300 3787 more
319 3721 626 3792 signorum.
648 3722 789 3775 illud
813 3738 1035 3792 quoque
1067 3738 1179 3774 non
1211 3728 1369 3774 vacat
1388 3737 1421 3774 a
1449 3720 1735 3791 mysterio,

165 3808 290 3876 quod
310 3809 572 3865 Gedeone
594 3817 789 3864 orante
816 3810 988 3864 vellus
1008 3810 1188 3880 primo
1218 3809 1503 3863 madidum
1525 3809 1648 3872 fuit,
1681 3814 1738 3861 et

163 3901 263 3949 tota
288 3903 430 3953 terra
451 3901 636 3954 sicca:
673 3901 916 3952 secundo
941 3915 1070 3952 vero
1090 3901 1264 3952 veilus
1279 3899 1507 3960 siccum,
1537 3903 1594 3951 et
1620 3902 1740 3951 tota

162 3989 296 4038 terra
323 3988 568 4042 madida.
593 3988 784 4041 Vellus
804 3989 953 4042 enim
992 3989 1230 4057 ﬁguram
1256 3993 1411 4041 tenet
1430 3986 1617 4057 populi
1640 3987 1738 4040 Ju-

164 4071 307 4138 daici,
331 4084 478 4131 terra
502 4084 693 4131 autem
725 4077 974 4130 omnium
1005 4075 1280 4145 gentium.
1312 4077 1446 4130 Jure
1467 4091 1600 4145 ergo
1629 4075 1739 4129 vel-

164 4159 240 4214 lus
259 4165 428 4233 primo
450 4166 736 4219 madidum
762 4165 883 4228 fuit,
903 4171 1054 4218 terra
1074 4171 1262 4218 autem
1287 4170 1548 4218 manente
1569 4164 1732 4228 sicca,

165 4251 278 4319 quia
320 4255 540 4324 quando
593 4254 860 4308 Judaicus
902 4255 1138 4324 p0pulus
1185 4270 1311 4307 rore
1347 4269 1601 4323 superna:
1641 4270 1736 4306 sa-

164 4337 362 4406 pientia:
383 4342 486 4396 fuit
506 4342 862 4396 humefactus
883 4349 1012 4395 ante
1035 4342 1255 4396 Domini
1277 4342 1599 4406 adventum,
1623 4359 1737 4395 om-

164 4436 442 4498 nesgentes
454 4431 707 4485 siccitate
729 4431 858 4484 ﬁdei
876 4437 928 4484 et
942 4430 1230 4501 sapientia}
1247 4430 1532 4484 exsiccatae
1554 4427 1735 4487 erant.

164 4512 349 4570 Iterum
365 4535 488 4572 cum
507 4526 639 4590 post
652 4520 868 4573 Domini
900 4520 1200 4573 adventum
1223 4536 1415 4572 omnes
1435 4525 1633 4588 gentes
1653 4537 1740 4573 ro-

165 4617 213 4655 re
225 4607 499 4675 sapientia:
525 4608 754 4662 fuerunt
768 4608 1002 4662 madidae
1021 4609 1248 4674 eﬁ‘ectze,
1262 4607 1456 4661 Judzea
1475 4607 1738 4662 ariditate

163 4693 324 4759 periit.
343 4696 517 4750 Barac
537 4700 765 4768 (JudJV)
785 4697 906 4768 ipse
927 4703 1013 4750 est
1031 4696 1313 4768 Lapidoch
1336 4695 1571 4750 maritus
1589 4696 1735 4750 Deb-

163 4775 308 4848 borae,
347 4785 438 4855 qui
470 4787 600 4850 ﬁde,
637 4803 744 4856 qua
785 4785 1022 4840 credidit
1060 4785 1422 4857 prophetissae
1451 4787 1739 4856 superavit

165 4867 385 4926 Sisaram
407 4891 716 4944 omnesque
737 4891 935 4928 currus
953 4875 1094 4944 ejus,
1117 4876 1350 4929 Samson
1373 4875 1481 4928 ﬁde
1495 4891 1604 4945 qua
1626 4891 1742 4928 cre-

163 4955 613 5032 diditimpetravit
640 4980 674 5016 a
703 4964 817 5018 Deo
849 4964 997 5034 quod
1015 4963 1230 5026 orabat,
1256 4966 1444 5036 plures
1466 4964 1744 5018 interfecit

165 5047 384 5103 moriens
403 5068 569 5122 quam
596 5052 1127 5106 vivens.Dixitenim
1150 5073 1161 5106 :
1189 5053 1422 5107 Domine
1440 5054 1606 5119 Deus,
1634 5070 1744 5106 me-

166 5145 334 5190 mento
345 5141 449 5194 mei
461 5147 519 5194 et
533 5141 702 5195 redde
713 5158 862 5194 nunc
875 5141 1010 5195 mihi
1025 5141 1317 5212 pristinam
1331 5143 1715 5196 fortitudinem
1727 5182 1740 5206 ,

163 5219 294 5279 Deus
321 5244 494 5292 meus,
531 5235 594 5284 ut
623 5231 861 5284 ulciscar
891 5247 978 5284 me
1009 5231 1077 5284 de
1105 5230 1343 5285 inimicis
1375 5231 1535 5296 meis,
1559 5238 1614 5285 et
1643 5248 1742 5303 pro

165 5313 441 5371 amissione
470 5319 710 5373 duorum
755 5319 1032 5374 luminum
1063 5337 1231 5374 unam
1279 5321 1550 5374 ultionem
1600 5321 1744 5374 acci-

165 5399 294 5468 piam
330 5407 474 5472 (Jml.
511 5411 643 5470 xxi).
668 5409 868 5479 Jephte
889 5409 1054 5462 ﬁdem
1081 5409 1594 5479 habuitpugnando
1616 5425 1744 5462 con-

165 5504 239 5568 tra
256 5492 392 5548 ﬁlios
424 5497 623 5562 Amon,
644 5497 883 5552 etﬁliam
901 5513 1060 5552 suam
1082 5497 1533 5566 oﬁerendo,licet
1555 5497 1611 5552 in
1638 5498 1742 5552 hoc

1829 3191 2023 3256 David,
2058 3196 2115 3244 et
2151 3189 2349 3244 Daniel
2380 3190 2584 3243 missus
2611 3189 2668 3242 in
2700 3189 2903 3242 lacum.

1903 3280 2304 3333 Ea‘st'inmi’t‘ttnt
2334 3283 2599 3347 impetum
2634 3280 2799 3345 ignis,
2832 3276 2975 3330 sicut
2990 3281 3105 3330 tres
3134 3273 3292 3347 pueri
3315 3275 3429 3330 Da-

1834 3367 2000 3422 nielis
2012 3368 2143 3421 socii
2161 3369 2322 3438 jussu
2344 3366 2858 3421 Nabuchodonosor
2876 3364 3175 3419 Chaldaica
3195 3357 3432 3434 urgente

1835 3457 2239 3517 vesania.missi
2260 3456 2458 3510 suntin
2481 3455 2764 3508 fornacem
2781 3454 2924 3524 ignis
2941 3453 3208 3518 ardentis,
3225 3453 3428 3524 quibus

1834 3545 1973 3600 nihil
2005 3545 2270 3598 molestiae
2298 3543 2490 3598 intulit
2521 3545 2686 3610 (Dan.
2713 3544 2854 3608 xm).
2887 3541 3423 3608 Effugeruntfaciem

1821 3633 1992 3701 gladii
2006 3633 2075 3694 ,id
2091 3641 2174 3686 est
2188 3633 2516 3702 repulerunt
2531 3630 2912 3684 fortitudinem
2931 3629 3172 3682 hostium
3187 3645 3220 3682 a
3239 3645 3421 3690 se,va-

1820 3721 1932 3774 lide
1947 3721 2420 3791 pugnando,sicut
2437 3721 2624 3778 Josue,
2641 3719 2890 3776 Gedeon.
2909 3717 3318 3786 David.aliique
3337 3733 3422 3772 re-

1815 3826 1915 3878 ges
1937 3815 1993 3862 et
2017 3809 2292 3880 principes
2309 3807 3068 3862 Judaeorum.(Jonvaluerunt
3089 3806 3152 3858 de
3180 3807 3423 3872 inﬁrmi-

1826 3903 1949 3963 tate,
1970 3897 2073 3952 utJ
2079 3898 2147 3952 ob
2163 3904 2225 3964 et
2242 3897 2778 3967 Ezechias,qui,cum
2803 3900 3130 3964 mgrotasset
3151 3911 3328 3964 usque
3348 3894 3420 3948 ad

1825 3991 2083 4049 mortem,
2117 3985 2352 4040 Domino
2380 3984 2484 4038 sibi
2512 3983 2750 4054 propitio
2779 3982 3030 4036 redditus
3059 3988 3146 4036 est
3169 3982 3419 4053 pristinas

1825 4074 2051 4128 sanitati
2076 4091 2174 4145 per
2192 4073 2434 4146 spatium
2457 4072 2772 4144 quindecim
2791 4088 3067 4125 annorum
3091 4071 3144 4142 (Ι
3155 4073 3190 4125 ν
3207 4072 3328 4140 Reg.
3343 4076 3416 4142 χ).

1819 4163 2124 4216 Possumus
2143 4180 2207 4216 ex
2238 4162 2582 4216 inﬁrmitatis
2609 4161 2834 4215 nomine
2851 4159 3058 4213 malum
3078 4159 3418 4231 captivitatis

1817 4251 2150 4321 intelligere,
2195 4252 2264 4305 de
2295 4267 2406 4322 qua
2449 4249 2670 4305 liberati
2706 4254 2856 4314 sunt,
2905 4248 3145 4303 Domino
3177 4248 3414 4315 voleute,

1820 4341 1965 4412 Cyro
1980 4339 2234 4412 jubente,
2259 4341 2434 4395 Esdra
2467 4345 2524 4394 et
2552 4338 2826 4394 Neheniia
2851 4343 3203 4409 procurante.
3238 4339 3418 4392 Fortes

1818 4431 1958 4498 facti
1976 4436 2106 4484 sunt
2135 4433 2194 4483 in
2227 4431 2380 4495 bello,
2412 4436 2474 4483 ut
2504 4430 2667 4482 Jesus
2696 4429 2849 4482 Nave
2899 4442 3192 4480 successor
3217 4423 3416 4497 Moysi,

1820 4518 2058 4575 Samson
2089 4519 2180 4590 qui
2213 4519 2537 4573 mandibula
2575 4518 2717 4572 asini
2749 4519 2956 4571 multos
2997 4514 3418 4570 Philistinorum

1820 4607 2096 4661 interfecit
2129 4609 2334 4676 (Italic.
2368 4609 2480 4675 xv),
2511 4608 2684 4661 David
2715 4622 2935 4677 quoque
2972 4622 3089 4667 rex,
3122 4603 3268 4658 Juda
3296 4602 3418 4656 Ma-

1820 4695 2078 4750 chabarus
2103 4701 2159 4750 et
2184 4697 2386 4749 fratres
2415 4696 2556 4766 ejus,
2590 4711 2826 4764 quorum
2864 4690 3210 4762 temporibus
3249 4689 3420 4743 etiam

1818 4803 1911 4840 sex
1936 4785 2110 4839 millia
2131 4784 2448 4838 Judzeorum
2465 4783 2861 4837 interfecerunt
2881 4786 3102 4832 centum
3127 4777 3306 4832 millia
3331 4776 3424 4831 h0°

1823 4877 2014 4938 stium,
2039 4881 2093 4928 et
2113 4874 2220 4927 tria
2245 4873 2422 4926 millia
2449 4872 2616 4924 missa
2643 4867 2996 4923 Antiochiam
3045 4867 3102 4921 in
3148 4865 3421 4920 auxilium

1824 4963 2112 5024 Demetrii,
2140 4966 2500 5034 peremerunt
2526 4963 2748 5012 centum
2776 4955 2972 5026 viginti
2999 4955 3192 5009 millia.
3224 4955 3422 5010 Castra

1825 5059 2108 5107 verterunt
2133 5056 2444 5104 ca‘tcrorum
2475 5049 2530 5102 in
2559 5047 2769 5116 fugam.
2791 5045 3140 5116 Frequenter
3157 5044 3263 5099 hoc
3291 5061 3422 5116 ege-

1825 5145 1978 5195 runt.
2007 5141 2202 5195 Castra
2230 5143 2418 5193 autem
2453 5137 2714 5190 dicuntur
2755 5152 2790 5189 a
2833 5135 3152 5196 castrando,
3178 5151 3244 5190 eo
3273 5135 3422 5207 quod

1825 5230 1902 5285 ibi
1933 5234 2211 5283 castretur
2257 5227 2446 5280 libido.
2479 5227 2603 5280 Non
2631 5232 2716 5280 est
2739 5224 2891 5280 enim
2919 5241 3042 5279 mos
3073 5223 3334 5280 milita‘ris
3360 5229 3427 5278 ut

1824 5325 2128 5390 pergentes
2145 5317 2200 5370 in
2222 5316 2473 5387 prmlium
2488 5319 2796 5370 uxoresaut
2815 5310 3056 5370 feminas
3075 5313 3216 5368 alias
3233 5327 3420 5366 secum

1825 5408 2049 5461 ducant.
2081 5406 2202 5460 Duo
2230 5409 2418 5458 autem
2453 5404 2736 5475 quondam
2769 5403 3048 5475 principes
3086 5407 3249 5456 terrae
3293 5414 3418 5452 cum

1823 5496 2093 5550 comitatu
2120 5509 2353 5548 uxorum
2384 5499 2753 5568 perrexerunt
2780 5492 2838 5547 in
2864 5491 3092 5557 bellum,
3125 5488 3324 5542 Darius
3347 5485 3426 5554 vi:
