3884 6154
432 5518 451 5533 ¹ν

433 333 541 391 915

895 332 1275 389 HAYMONIS
1307 334 1803 393 HALBERSTAT.
1834 337 2060 393 EPISC.
2092 335 2251 393 OPP.
2286 336 2472 393 PARS
2501 337 2547 393 Ι.
2579 366 2645 379 —
2675 336 3051 394 COMMENT.
3082 336 3270 394 BIBL.

3612 338 3698 399 916

434 456 639 519 delicet
667 466 724 517 et
741 461 1039 525 Antonius,
1070 462 1169 517 sed
1207 469 1446 535 uterque
1480 465 1619 519 inibi
1665 465 1896 520 corruit.
1931 465 2035 520 Da-
2053 469 2100 525 A
2122 465 2337 520 rivatur
2352 464 2681 519 vocabulum
2699 463 2868 533 hujus
2889 461 3076 526 vestis,
3099 461 3155 516 id
3172 466 3257 516 est
3274 479 3305 516 a
3327 463 3476 517 melo
3495 463 3693 519 melota.

434 552 552 607 rius
581 551 807 625 quidem
836 558 1134 622 superatus
1165 557 1250 607 est
1287 553 1356 607 ab
1386 554 1723 623 Alexandro,
1758 555 2035 609 Antonius

434 657 566 695 vero
594 636 664 695 ab
690 641 995 696 Octaviano
1020 643 1296 714 Augusto.

504 727 1115 800 Acceperuntmulieres
1139 732 1201 784 de
1218 735 1615 787 resurrectione
1635 738 1877 787 mortuos
1892 749 2034 787 suos.

435 819 545 875 Eas
582 818 847 874 mulieres
892 818 1028 874 dicit
1070 836 1306 891 quarum
1352 820 1453 875 ﬁlii
1491 821 1562 875 ab
1591 820 1713 876 Elia
1759 826 1815 876 et
1856 820 2039 876 Eliseo

436 908 695 964 suscitati
743 914 895 971 sunt,
929 926 1068 980 quos
1102 909 1212 963 illae
1256 916 1595 982 acceperunt
1632 914 1759 982 post
1786 927 2041 965 resurre—

438 998 701 1065 ctionem,
729 997 815 1051 vel
832 998 1338 1065 resuscitationem,
1358 1015 1471 1053 non
1486 1003 1550 1054 ut
1569 1016 1664 1054 eos
1684 999 1957 1054 haberent
1984 999 2043 1054 in

438 1086 696 1153 maritos,
728 1086 827 1141 scd
854 1103 992 1158 quos
1028 1087 1337 1142 amiserant
1367 1088 1427 1142 in
1464 1093 1664 1153 morte,
1709 1095 2044 1159 receperunt

437 1174 607 1229 vivos.
638 1175 758 1230 Alii
794 1180 979 1231 autem
1004 1177 1232 1231 distenti
1255 1182 1406 1239 sunt,
1434 1193 1551 1230 non
1580 1179 1930 1245 suscipientes
1962 1192 2044 1229 re-

440 1258 826 1328 demptionem,
852 1268 913 1315 ut
929 1264 1211 1317 meliorem
1228 1265 1546 1317 invenirent
1566 1267 2039 1318 resurrectionem.

438 1344 677 1404 Plurimi
724 1357 1043 1405 sanctorum
1074 1350 1306 1405 distenti
1343 1357 1492 1416 sunt,
1528 1353 1630 1406 hoc
1661 1357 1747 1406 est
1777 1352 1835 1405 in
1882 1368 2044 1406 cruce

442 1437 659 1492 extensi
678 1437 903 1493 funibus
931 1439 1199 1510 colligati,
1222 1439 1369 1493 sicut
1394 1439 1593 1494 beatus
1613 1440 1899 1494 Andraeas.
1934 1440 2045 1495 Seu

442 1525 694 1591 distenti,
722 1527 828 1581 hoc
849 1532 935 1581 est
958 1527 1026 1581 ad
1049 1527 1234 1599 capita
1254 1529 1491 1582 duarum
1515 1529 1777 1583 arborum
1801 1529 2045 1599 colligati

443 1631 511 1669 ac
540 1615 798 1686 disrupti,
831 1616 918 1670 vel
948 1616 1113 1670 etiam
1149 1616 1216 1671 ad
1249 1617 1480 1671 brachia
1508 1635 1779 1689 equorum
1811 1617 2047 1672 indomi-

449 1709 636 1759 torum
662 1706 871 1759 extenti
900 1724 911 1758 :
948 1705 1139 1776 sicque
1165 1704 1235 1760 ab
1265 1706 1346 1760 eis
1374 1707 1616 1779 disrupti
1645 1708 1729 1760 vel
1755 1713 1905 1761 certe
1935 1706 2046 1760 dis-

2192 556 2399 621 Quibus
2423 556 2627 621 dignus
2659 568 2770 606 non
2807 557 2927 605 erat
2964 553 3228 605 mundus.
3264 552 3459 606 Mundi
3499 554 3696 607 nomine

2118 642 2210 696 hic
2238 642 2340 696 sub
2352 640 2883 711 unasigniﬁcatione
2903 657 3200 712 possumus
3222 641 3539 711 intelligere
3574 658 3697 696 ama-

2122 734 2274 784 tores
2298 730 2512 794 mundi,
2539 729 2654 801 qui,
2673 735 2898 783 terrena
2920 729 3272 783 solummodo
3293 729 3695 801 appetentes,ab

2123 836 2313 873 amore
2339 818 2605 874 creatoris
2627 818 2713 871 sui
2729 818 2895 888 longe
2923 818 3124 871 remoti
3147 824 3328 883 erant,
3345 835 3411 871 ac
3431 824 3695 890 propterea

2123 925 2235 963 non
2263 910 2425 963 erant
2452 907 2605 978 digni
2631 908 2774 961 tales
2806 906 2985 960 socios
3010 905 3232 967 habere,
3261 907 3459 979 quales
3501 909 3694 962 fuerunt

2123 994 2205 1050 illi
2222 1013 2458 1067 quarum
2474 996 2759 1066 magnalia
2772 995 3072 1067 Apostolus
3093 1012 3263 1066 supra
3276 995 3690 1065 descripsit.Sive

2126 1084 2323 1140 mundi
2353 1085 2579 1139 nomine
2602 1090 2835 1156 possunt
2855 1085 3029 1156 accipi
3063 1083 3254 1138 omnia
3281 1100 3406 1155 qua:
3436 1083 3693 1138 continen-

2123 1177 2219 1228 tur
2246 1174 2302 1227 in
2332 1175 2469 1228 caelo
2496 1179 2553 1228 ct
2576 1174 2633 1227 in
2662 1180 2835 1237 terra,
2869 1190 3069 1227 aurum
3102 1173 3376 1237 videlicet,
3406 1177 3690 1241 argentum,

2124 1279 2361 1332 gemma:
2374 1269 2542 1333 atque
2560 1261 2747 1317 omnia
2767 1263 3098 1333 pretiosa,et
3116 1262 3223 1333 ipsi
3236 1261 3470 1331 insuper
3484 1260 3690 1331 reprobi,

2127 1366 2318 1404 amore
2333 1351 2741 1405 mundanarum
2761 1367 2947 1404 rerum
2971 1349 3347 1420 decepti.Istis
3368 1366 3502 1419 ergo
3523 1350 3693 1403 sanctis

2127 1455 2241 1492 non
2270 1445 2395 1492 erat
2424 1439 2627 1509 dignus
2653 1439 2917 1501 mundus,
2950 1439 3057 1492 hoc
3070 1445 3172 1501 est,
3199 1439 3247 1492 si
3277 1444 3430 1492 totus
3451 1439 3693 1508 redigere-

2128 1532 2222 1581 tur
2249 1528 2352 1582 sub
2381 1528 2579 1598 pretio,
2612 1544 2723 1581 non
2764 1532 2982 1597 poterat
3014 1527 3112 1581 uni
3142 1527 3369 1580 illorum
3400 1532 3548 1580 recte
3574 1543 3694 1579 com-

2126 1616 2334 1687 parari,
2378 1633 2558 1687 neque
2596 1615 2767 1669 etiam
2796 1617 2842 1669 si
2872 1615 3060 1669 omnia
3096 1615 3194 1669 illa
3237 1616 3294 1669 in
3334 1615 3568 1687 pretium
3596 1615 3692 1668 dari

2127 1705 2462 1776 potuissent,
2494 1704 2664 1758 talem
2698 1704 2941 1774 aliquem
2983 1704 3161 1758 virum
3210 1719 3399 1757 emere
3445 1708 3689 1774 poterant.

441 1792 585 1848 tenti
615 1800 766 1860 sunt,
795 1793 900 1849 hoc
922 1800 1009 1849 est
1036 1794 1316 1862 decollati,
1349 1813 1471 1867 quae
1510 1796 1700 1850 omnia
1740 1796 1794 1849 in
1837 1779 2107 1850 sanctisB
2128 1793 2202 1847 Ut
2227 1810 2360 1863 ergo
2389 1809 2454 1845 ex
2489 1791 2743 1862 pluribus
2772 1809 3078 1862 paucorum
3109 1792 3441 1845 memoriam
3472 1808 3688 1861 agamus,

442 1881 790 1953 martyribus
810 1882 1071 1936 videntur
1090 1899 1211 1937 esse
1224 1884 1517 1955 completa.
1534 1884 1659 1937 Non
1679 1888 2046 1954 susceperunt

443 1969 914 2042 redemptionem,
946 1971 1050 2026 hoc
1075 1978 1162 2026 est
1188 1972 1576 2028 liberationem
1600 1973 1658 2027 in
1688 1972 2045 2043 praesentiad

441 2057 551 2113 hoc
576 2066 641 2113 ut
673 2060 1025 2114 solverentur
1047 2076 1080 2114 a
1106 2060 1424 2120 tormentis,
1449 2066 1514 2113 ut
1555 2061 1845 2114 meliorem
1877 2066 2046 2130 atque

441 2144 830 2218 gloriosiorem
858 2146 1175 2202 invenirent
1201 2148 1668 2203 resurrectionem
1688 2149 1744 2202 in
1771 2149 2042 2215 futurum;

444 2236 711 2306 quoniam
742 2252 852 2306 quo
881 2235 1157 2306 ampliora
1200 2237 1324 2308 quis
1354 2242 1636 2291 tormenta
1682 2254 1782 2308 pro
1829 2237 1945 2293 Deo
1987 2235 2047 2291 in

444 2322 711 2398 praesenti
735 2323 1068 2389 sustinet,eo
1094 2324 1394 2395 gloriosior
1421 2325 1482 2380 in
1514 2324 1923 2379 resurrectione
1949 2342 2048 2397 ap-

441 2409 680 2483 parebit.

514 2500 635 2557 Alii
660 2517 785 2556 vero
812 2502 1061 2556 ludibria
1103 2507 1152 2557 et
1200 2504 1425 2557 verbera
1460 2506 1688 2572 experti,
1731 2506 1959 2573 insuper
1999 2508 2047 2557 et

445 2590 674 2644 vincula
722 2593 773 2644 et
818 2605 1079 2644 carceres.
1112 2589 1377 2645 Ludibria
1407 2591 1672 2645 dicuntur
1699 2607 1733 2644 a
1760 2591 1911 2653 ludo,
1945 2591 2048 2644 hoc

445 2682 534 2733 est
558 2677 843 2736 irrisione.
884 2678 1078 2733 Primo
1099 2679 1246 2733 enim
1278 2680 1457 2734 sancti
1488 2686 1764 2751 martyres
1792 2679 2050 2734 ludibriis

448 2771 507 2822 et
559 2767 919 2824 irrisionibus
976 2768 1404 2837 deludebantur,
1473 2770 1675 2823 deinde
1729 2768 2050 2823 verberibus

449 2856 859 2925 efficiebantur,
895 2857 1084 2931 sicque
1138 2857 1373 2913 vinculis
1420 2860 1656 2921 astricti,
1699 2858 2053 2930 ponebantur

445 2944 506 3001 in
534 2963 826 3015 carceres;
869 2945 939 3003 ad
992 2953 1339 3019 postremum
1388 2965 1519 3003 vero
1570 2946 2054 3003 interﬁciebantur

448 3034 683 3090 diversis
713 3040 769 3090 et
802 3036 1091 3107 exquisitis
1122 3037 1436 3091 tormentis.

2129 1882 2410 1952 quomodo
2441 1886 2663 1952 poterat
2694 1881 2822 1934 talis
2869 1897 2934 1934 ac
2960 1886 3155 1934 tantus
3203 1880 3289 1933 vir
3323 1881 3621 1951 comparari
3645 1887 3691 1933 ut

2127 1970 2349 2041 Moyses
2372 1970 2399 2022 Γ
2397 1969 2494 2027 uit.
2520 1970 2636 2039 qui,
2656 1968 2879 2040 quando
2897 1968 3090 2033 voluit,
3114 1985 3266 2023 mare
3282 1968 3488 2031 divisit,
3505 1969 3690 2039 quando

2128 2059 2322 2115 voluit,
2347 2074 2522 2130 aquas
2545 2059 2666 2128 ejus
2686 2059 2923 2121 reduxit,
2940 2058 3164 2129 quando
3186 2057 3380 2122 voluit,
3423 2074 3613 2111 manna
3636 2055 3689 2109 de

2131 2146 2270 2202 coelo
2296 2146 2632 2200 descendere
2658 2146 2805 2213 fecit,
2838 2163 3044 2217 aquam
3075 2147 3144 2200 de
3171 2154 3332 2217 petra
3362 2147 3619 2217 produxit,
3646 2150 3687 2198 et

2129 2242 2329 2290 caetera
2344 2234 2774 2290 innumerabilia
2793 2253 2915 2307 qua:
2932 2235 3066 2289 fecit
3091 2236 3268 2305 (Deut.
3288 2238 3429 2304 vni).
3458 2235 3551 2287 Vel
3579 2250 3688 2305 quo-

2134 2326 2302 2380 modo
2338 2330 2563 2396 poterat
2601 2324 2918 2396 comparari
2960 2325 3140 2395 pretio
3179 2324 3464 2378 mundano
3497 2324 3612 2376 talis
3641 2339 3688 2375 ac

2129 2418 2322 2468 tantus
2351 2414 2432 2467 vir
2458 2419 2522 2467 ut
2550 2413 2657 2466 fuit
2685 2413 2853 2466 Josue
2883 2429 3170 2468 successor
3198 2414 3339 2482 ejus,
3360 2413 3474 2484 qui,
3505 2410 3687 2483 quando

2131 2502 2324 2566 voluit,
2355 2500 2528 2556 solem
2560 2518 2625 2554 ac
2652 2500 2979 2567 lunam,illa
3000 2501 3110 2555 duo
3130 2502 3371 2554 maxime
3409 2499 3684 2564 luminaria,

2132 2607 2244 2645 uno
2271 2591 2329 2643 in
2354 2589 2475 2644 loco
2506 2595 2654 2644 stare
2686 2590 2836 2655 fecit,
2868 2590 3059 2644 dicens
3090 2609 3101 2643 :
3135 2590 3237 2645 Sed
3266 2596 3457 2643 contra
3488 2590 3685 2647 Gabaon,

2132 2685 2181 2733 et
2212 2682 2348 2733 luna
2377 2683 2569 2733 contra
2610 2682 2807 2733 ratlem
2844 2680 3049 2733 Aiaion
3088 2696 3153 2732 ne
3192 2681 3501 2732 merearis?
3524 2680 3685 2749 (Josue,

2132 2772 2206 2837 κ.)
2234 2766 2511 2821 Fortassis
2540 2766 2676 2822 dicit
2701 2767 2904 2838 aliquis
2937 2791 2947 2824 :
2983 2768 3115 2822 Ideo
3146 2784 3257 2821 non
3286 2771 3539 2839 pcterant
3586 2766 3685 2825 emi,

2136 2855 2268 2928 quia
2296 2873 2408 2910 non
2445 2861 2705 2928 poterant
2741 2856 3008 2922 inveniri;
3042 2857 3235 2927 utique
3268 2873 3459 2910 verum
3488 2862 3565 2908 est
3589 2852 3690 2923 quia

2134 2962 2246 2998 non
2276 2951 2540 3015 poterant
2581 2944 2638 2998 in
2666 2950 2784 2999 toto
2817 2946 3026 2999 mundo
3057 2945 3268 2999 similes
3310 2945 3527 2998 illorum
3568 2943 3690 2996 inve-

2134 3033 2243 3087 niri
2272 3052 2282 3087 :
2319 3040 2376 3088 et
2400 3033 2447 3088 si
2486 3034 2817 3104 potuissent,
2851 3050 3208 3107 nequaquam
3236 3034 3352 3087 ullo
3379 3033 3547 3105 pretio
3595 3046 3692 3102 pos-

517 3123 772 3192 Lapidati
799 3129 948 3185 sunt,
988 3130 1048 3178 ut
1076 3124 1318 3191 Naboth,
1351 3124 1624 3180 Jeremias
1656 3126 1710 3181 in
1741 3124 1981 3197 [Egypto
2011 3140 2047 3178 a
2068 3129 2111 3191 C
2133 3129 2261 3176 sent
2297 3121 2633 3192 comparari,
2675 3122 2940 3192 quoniam
2981 3122 3130 3193 quod
3172 3128 3328 3176 totus
3366 3120 3590 3176 mundus
3621 3136 3692 3173 ne-

456 3210 713 3281 reliquiis
757 3212 1310 3282 transmigratorum,
1361 3213 1612 3268 Ezechiel
1663 3214 1720 3267 in
1751 3213 2051 3285 Babylone,

450 3297 658 3369 aliique
689 3299 1050 3370 quamplurcs
1081 3301 1139 3354 in
1164 3302 1318 3356 Novo
1338 3300 1717 3357 Testamento.
1742 3303 1885 3358 Secti
1899 3307 2049 3357 sunt.

451 3382 555 3441 Hic
583 3384 816 3458 pluralis
844 3404 1115 3442 numerus
1144 3406 1244 3461 pro
1271 3389 1542 3459 singulari
1569 3391 1785 3461 positus
1815 3394 1916 3443 est.
1949 3392 2055 3444 Ne-

451 3474 661 3531 minem
695 3476 846 3531 enim
882 3482 1205 3532 sanctorum
1255 3478 1495 3550 legimus
1535 3480 1593 3533 in
1636 3479 1824 3533 Veteri
1869 3479 2057 3535 Testa-

451 3570 643 3620 mento
672 3572 907 3631 sectum,
957 3564 1065 3620 nisi
1095 3565 1300 3621 Isaiam
1330 3566 1681 3639 prophetam,
1717 3585 1881 3640 quem
1926 3568 2057 3623 fecit

453 3655 632 3709 secari
678 3671 835 3710 serra
876 3655 1067 3727 lignea
1107 3656 1392 3712 Manasses
1443 3675 1558 3722 rex,
1606 3657 1700 3727 qui
1729 3657 1900 3711 ﬁliam
1934 3658 2057 3728 ejus

454 3742 699 3798 habebat
721 3743 778 3797 in
801 3760 1052 3799 uxorem.
1084 3742 1301 3800 Tentati
1328 3752 1477 3810 sunt,
1495 3751 1559 3801 ut
1577 3745 1857 3800 Abraham
1888 3751 1944 3799 et
1963 3745 2057 3799 alii

456 3830 640 3897 multi,
667 3848 781 3885 non
810 3831 879 3886 ad
911 3833 1317 3904 deceptionem,
1339 3834 1436 3888 sed
1466 3834 1652 3905 potius
1681 3833 1752 3888 ad
1784 3833 2061 3905 probatio-

456 3936 606 3987 nem,
638 3918 735 3974 illa
772 3919 983 3977 scilicet
1004 3922 1315 3977 tentatione
1352 3922 1421 3977 de
1451 3939 1561 3993 qua
1589 3923 1794 3977 dicitur
1825 3936 1836 3969 :
1873 3924 2063 3976 Tentat

458 4026 551 4065 vos
580 4010 850 4065 Dominus
879 4012 1016 4065 Deus
1046 4018 1237 4079 vester,
1283 4011 1339 4066 id
1383 4017 1467 4066 est
1506 4010 1707 4083 probat
1758 4028 1890 4079 vos;
1930 4027 2063 4064 nam

457 4096 599 4155 Deus
627 4103 932 4154 intentator
970 4103 1251 4155 malorum
1295 4106 1369 4155 est
1400 4102 1540 4173 (Jac.
1576 4106 1636 4168 l).
1688 4100 1755 4154 In
1802 4102 2064 4154 occisione

458 4189 639 4257 gladii
665 4191 879 4242 mortui
905 4194 1055 4254 sunt,
1081 4195 1147 4243 ut
1164 4189 1328 4244 Urias
1357 4194 1414 4244 et
1430 4189 1637 4257 Josias,
1668 4195 1724 4243 et
1750 4189 1844 4242 alii
1875 4188 2058 4243 multi.

463 4274 879 4329 Circu-mierunt
902 4278 965 4330 in
995 4279 1226 4342 metatis,
1258 4281 1320 4331 in
1342 4278 1577 4344 pellibus
1616 4281 1883 4346 caprinis,
1911 4294 2064 4345 egen-

464 4366 557 4427 tes,
589 4366 918 4431 angustiati,
953 4366 1170 4432 afﬂicti.
1201 4365 1377 4418 Eliam
1409 4366 1467 4419 in
1505 4366 1608 4420 hoc
1644 4366 1766 4422 loco
1796 4366 2063 4422 debemus

2139 3211 2334 3282 quibat
2362 3212 2647 3282 perficere,
2679 3211 2784 3265 hoc
2821 3227 2968 3265 unus
3011 3211 3236 3265 illorum
3291 3211 3458 3265 verbo
3509 3208 3689 3279 agebat.

2137 3301 2282 3354 Nam
2312 3316 2437 3353 cum
2469 3304 2621 3353 totus
2652 3300 2892 3355 mundus
2913 3300 3257 3372 temporibus
3284 3300 3413 3354 Elite
3432 3299 3696 3352 laborasset

2137 3406 2237 3461 per
2254 3394 2368 3443 tres
2390 3406 2566 3443 annos
2588 3395 2643 3443 et
2662 3406 2757 3443 sex
2778 3406 2998 3444 menses
3034 3389 3306 3446 siccitate.
3332 3406 3434 3443 nec
3469 3386 3697 3457 potuisset

2138 3474 2383 3546 pluviam
2417 3475 2742 3546 impetrare,
2773 3475 2941 3529 verbo
2977 3475 3109 3529 Elite
3131 3482 3340 3547 apertae
3375 3480 3503 3529 sunt
3523 3478 3699 3527 catara-

2139 3568 2239 3619 ctae
2267 3564 2412 3631 cmli,
2445 3569 2501 3618 et
2532 3565 2681 3618 venit
2709 3565 2898 3635 pluvia
2926 3581 3099 3636 super
3127 3564 3328 3619 faciem
3359 3570 3535 3619 terrae.
3564 3564 3621 3617 In
3639 3577 3701 3614 so-

2144 3654 2477 3707 litudinibus
2498 3656 2836 3719 errantes,in
2857 3655 3136 3707 montibus
3155 3659 3203 3707 et
3224 3655 3498 3721 speluncis
3516 3656 3623 3706 etin
3636 3666 3704 3703 ca-

2140 3744 2324 3795 vernis
2355 3747 2531 3797 terris.
2565 3740 2743 3794 Eliam
2777 3740 3041 3794 eximium
3073 3741 3474 3812 prophetarum
3512 3740 3592 3795 hic
3610 3737 3706 3791 vult

2145 3828 2466 3900 intelligi,et
2489 3830 2630 3884 filios
2650 3830 3049 3902 prophetarum
3074 3830 3168 3900 qui
3188 3837 3302 3884 tem
3313 3831 3530 3900 poribus
3547 3825 3705 3883 Achab

2147 3924 2203 3974 et
2224 3918 2494 3973 Jezabelis
2514 3918 2688 3990 fugati
2709 3926 2858 3981 sunt,
2885 3936 2950 3973 eo
2980 3919 3130 3990 quod
3160 3919 3433 3974 voluisset
3465 3936 3551 3973 eos
3582 3919 3708 3972 leta-

2146 4005 2235 4061 bel
2255 4006 2729 4076 interficere,tunc
2749 4007 3018 4079 temporis
3039 4010 3191 4079 pavit
3207 4025 3303 4062 eos
3324 4009 3709 4079 quinquagenos

2144 4095 2352 4150 Abdias
2382 4096 2439 4149 in
2453 4094 2733 4168 speluncis
2752 4102 2809 4151 et
2827 4097 2884 4150 in
2903 4114 2965 4151 ca
2975 4097 3153 4151 vernis
3169 4100 3336 4151 terra:
3380 4097 3535 4152 Unde
3548 4103 3597 4149 et
3619 4110 3711 4147 me-

2144 4184 2261 4238 ruit
2285 4186 2491 4238 donum
2525 4187 2833 4258 prophetia:
2850 4189 3013 4257 juxta
3034 4186 3181 4257 quod
3204 4186 3478 4240 Dominus
3495 4186 3547 4239 in
3565 4184 3716 4239 Evan-

2143 4274 2289 4343 gelio
2316 4274 2472 4339 dicit,
2503 4274 2600 4346 qui
2640 4276 2840 4346 recipit
2878 4276 3210 4347 prophetam
3249 4276 3307 4329 in
3352 4276 3570 4330 nomine
3605 4287 3715 4345 pro.

2145 4362 2327 4432 phette
2356 4363 2671 4418 mercedem
2706 4364 2992 4435 propheta:
3019 4364 3274 4435 accipiet.

462 4449 797 4522 intelligere,
827 4456 884 4506 et
938 4450 1076 4506 alios
1108 4451 1202 4523 qui
1232 4453 1424 4508 taliter
1455 4460 1709 4525 egerunt,
1741 4461 1798 4510 et
1847 4455 1942 4526 qui
1986 4443 2128 4509 at—D
2215 4451 2281 4505 Et
2312 4452 3399 4522 hiomnestestimonioﬁdeiprubati,non
3428 4453 3716 4521 acceperunt

464 4534 602 4595 ﬂicti
622 4540 871 4612 undique
909 4542 1160 4614 penuriis
1179 4546 1236 4597 et
1255 4542 1709 4597 tribulationibus
1729 4544 2060 4614 angustiati,

463 4628 575 4685 fide
602 4629 993 4685 sustinuerunt
1016 4632 1223 4698 omnia,
1257 4640 1322 4686 ut
1348 4633 1418 4685 ad
1444 4631 1847 4687 desideriorum
1876 4650 2066 4704 super-

464 4735 667 4774 norum
700 4720 931 4793 praamia
959 4728 1189 4792 possent
1210 4718 1515 4791 pervenire.
1546 4720 1743 4775 Omnis
1772 4726 1958 4775 autem
1986 4721 2069 4775 in-

465 4802 715 4877 digentia
734 4816 793 4864 et
811 4816 1030 4880 egestas
1046 4811 1306 4881 angustia
1328 4816 1692 4879 vocatur,qua
1712 4810 2069 4880 angustiatur

466 4894 716 4961 homo,id
740 4905 826 4953 est
844 4899 1238 4969 afﬂigitur,seu
1260 4898 1407 4952 fame
1429 4914 1524 4952 seu
1547 4898 1658 4951 alia
1676 4898 2066 4969 inopia.Melo-

464 4987 585 5037 tam
613 4986 808 5041 dicunt
822 4987 1048 5057 quidam
1064 5005 1244 5058 genus
1266 5004 1386 5043 esse
1407 4987 1723 5041 vestimenti
1748 5004 1812 5040 ex
1828 4986 2067 5058 pellibus

467 5069 731 5140 caprinis,
756 5087 820 5124 ex
840 5088 953 5126 uno
980 5075 1155 5126 latere
1178 5073 1517 5145 dependens,
1552 5088 1660 5144 quo
1679 5089 1885 5144 genere
1907 5072 2067 5127 vesti-

468 5157 666 5222 menti,
695 5160 926 5229 propter
954 5161 1317 5231 asperitatem
1348 5162 1405 5217 in
1434 5160 1672 5233 [Egypto
1702 5161 1959 5215 monachi
1988 5160 2069 5216 di-

468 5250 674 5300 cuntur
700 5246 802 5299 uti.
828 5246 975 5300 Elias
1006 5264 1226 5319 quoque
1250 5250 1459 5320 legitur
1479 5267 1616 5304 usus
1646 5248 1752 5304 isto
1779 5250 1976 5305 fuisse.
1995 5253 2070 5305 At

470 5348 604 5387 vero
630 5331 856 5405 quidam
900 5333 1095 5388 dicunt
1132 5352 1197 5388 ex
1235 5337 1474 5407 pellibus
1511 5338 1646 5405 taxi,
1685 5355 1861 5407 genus
1907 5338 2072 5392 vesti-

470 5421 647 5477 menti
677 5424 763 5477 est
790 5422 1179 5496 compositum.
1202 5422 1297 5476 Est
1316 5426 1466 5478 enim
1492 5426 1699 5480 animal
1733 5426 1877 5497 quod
1906 5432 2069 5481 taxus

456 5518 699 5567 vocatur
718 5516 775 5566 et
799 5510 1019 5571 melius,
1040 5510 1236 5564 solitus
1250 5510 1503 5566 habitare
1521 5514 1579 5567 in
1591 5515 1838 5568 cavernis
1861 5520 2023 5569 terrae
2050 5535 2062 5569 :

473 5602 633 5673 cujus
660 5602 821 5674 pellis
849 5599 1069 5672 hispida
1106 5615 1226 5653 esse
1264 5599 1458 5670 fertur,
1495 5617 1531 5655 a
1560 5619 1668 5673 quo
1705 5604 1931 5659 nomine
1977 5603 2073 5659 de.

2148 4542 2656 4607 repromissionem,
2689 4543 2792 4595 Deo
2834 4558 2938 4610 pro
2968 4544 3122 4595 nobis
3149 4542 3376 4609 aliquid
3404 4543 3591 4595 melius
3614 4553 3720 4607 pro-

2147 4629 2380 4693 vidente,
2402 4644 2467 4681 ne
2494 4632 2611 4682 sine
2645 4631 2796 4683 nobis
2817 4637 3364 4685 consummarentur.
3380 4631 3487 4696 Qui
3506 4633 3627 4685 sunt
3641 4623 3719 4678 isti

2151 4716 2246 4786 qui
2275 4717 2596 4771 testimonio
2621 4718 2747 4771 ﬁdei
2770 4724 2902 4772 sunt
2939 4718 3178 4789 probati,
3202 4720 3315 4776 nisi
3353 4737 3542 4777 omnes
3574 4728 3719 4786 supe-

2150 4804 2265 4858 rius
2287 4805 2628 4859 memorati?
2660 4806 2908 4871 Quorum
2931 4813 3047 4861 tam
3065 4807 3214 4862 clara
3233 4814 3286 4863 et
3306 4808 3589 4864 laudabilis
3602 4803 3722 4858 ﬁdes

2150 4900 2589 4950 commemorata
2609 4901 2713 4959 est,
2737 4898 2913 4951 stellae
2951 4897 3209 4953 videlicet
3249 4897 3598 4961 firmamenti,
3630 4900 3725 4949 ter-

2150 4983 2271 5036 reni
2299 4983 2576 5051 homines,
2622 4992 2679 5039 et
2733 4986 2983 5040 caelestes
3023 4986 3231 5057 angeli,
3280 4988 3388 5042 vivi
3435 4987 3634 5059 lapides
3676 4986 3725 5034 et

2151 5072 2455 5141 splendidae
2485 5073 2826 5144 margaritae,
2862 5091 3099 5145 quorum
3138 5092 3310 5148 Opera
3346 5094 3469 5148 quae
3515 5076 3723 5146 egerunt

2151 5160 2319 5215 fidem
2349 5178 2543 5216 eorum
2574 5163 2928 5226 confirmant,
2961 5162 3224 5235 quoniam
3256 5165 3469 5237 absque
3504 5163 3603 5218 fide
3630 5161 3725 5213 im-

2150 5250 2414 5322 possibile
2456 5254 2541 5304 est
2565 5251 2785 5321 placere
2824 5251 2956 5305 Deo.
2996 5252 3343 5307 Testimonio
3387 5256 3566 5324 itaque
3610 5246 3725 5303 ﬁdei

2149 5338 2380 5393 fuerunt
2406 5337 2645 5410 probati,
2672 5339 2777 5393 hoc
2806 5340 3240 5409 est,0peratione
3269 5347 3484 5403 sancta,
3502 5355 3613 5410 quae
3637 5348 3725 5405 per

2151 5428 2318 5480 ﬁdem
2361 5427 2719 5497 Operabatur,
2762 5428 2929 5480 laude
2970 5427 3126 5497 digni
3177 5429 3388 5483 inventi
3423 5436 3564 5491 sunt,
3601 5423 3722 5478 ﬁdes

2152 5516 2300 5569 enim
2353 5517 2574 5569 illorum
2615 5515 2877 5586 operibus
2918 5516 3147 5571 mundis
3186 5518 3585 5571 declarabatur.
3626 5508 3721 5566 Sed

2151 5619 2281 5658 cum
2307 5603 2388 5657 ita
2418 5609 2607 5657 essent
2649 5605 2903 5674 perfecti,
2943 5606 3438 5678 repromissionem
3460 5621 3564 5661 non
3586 5614 3723 5656 acce-
