3992 6166
500 152 602 208 919
906 151 1286 208 llAYMONIS
1323 151 1810 210 HALBERSTAT.
1854 150 2080 209 EPISC.
2126 156 2282 213 OPP.
2326 160 2531 214 PARS.
2573 160 2616 215 Ι.
2660 188 2716 200 -
2756 158 3125 214 COMMENT.
3162 159 3341 216 BIBL.
3620 159 3711 217 9'20

500 274 678 329 nihilo
725 275 997 346 deputata
1036 275 1388 340 verecundia,
1422 274 1686 345 quoniam
1736 276 1857 329 sine
1894 277 2145 341 erube-A
2173 284 2321 353 quod
2353 284 2548 338 beatus
2576 284 2879 355 Apostolus
2916 285 3082 339 modo
3111 284 3167 338 in
3194 284 3494 356 exemplum
3522 302 3715 341 assum-

503 365 715 418 scentia
761 371 816 419 et
847 364 1180 418 verecundia
1213 363 1351 417 illud
1397 363 1758 434 opprobrium
1803 366 2095 420 sustinuit.
2180 373 2310 443 psit,
2349 373 2582 428 hortans
2608 373 2829 428 Judmos
2855 389 2924 428 ne
2956 372 3217 428 deficiant
3264 374 3322 427 in
3352 374 3711 428 tribulatione:

502 452 783 507 Gaudium
815 469 1059 523 namque
1086 452 1387 506 maximum
1415 451 1523 505 fuit
1547 452 1628 505 illi
1653 454 1799 523 quod
1828 453 2098 524 pronobis
2180 459 2313 529 quia
2341 478 2375 514 a
2414 462 2649 516 Domino
2678 469 2996 532 arguuntur
3022 478 3189 516 causa
3221 461 3567 533 probationis.
3599 463 3718 518 Dicit

505 546 592 594 est
618 557 836 610 passus,
876 547 941 595 ut
966 542 1309 595 voluntatem
1343 540 1441 593 Dei
1487 541 1669 594 Patris
1706 541 1967 613 impleret
1996 560 2097 614 pro
2180 566 2314 619 ergo
2346 568 2358 602 :
2392 550 2495 604 Fili
2525 550 2622 615 mi,
2647 551 2762 603 noli
2800 551 3102 620 negligere,
3134 550 3246 603 sive
3287 551 3610 620 negligenter
3639 552 3719 604 du-

507 643 617 696 quo
641 635 833 697 postea
863 628 1171 698 potentiam
1202 644 1374 698 supra
1397 644 1621 682 omnem
1651 636 1966 684 creaturam
2004 649 2100 686 ac-
2180 654 2308 692 cere
2336 639 2688 709 disciplinam
2717 639 2960 693 Domini.
2993 639 3298 709 Disciplina
3324 640 3469 694 dicta
3501 645 3579 692 est
3607 656 3636 692 a
3657 639 3720 693 di-

505 717 671 786 cepit.
704 717 863 770 Unde
888 717 1005 787 ipse
1029 717 1201 769 dicit:
1236 718 1509 770 Desiderio
1539 719 1845 772 desideravi
1884 720 1981 773 hoc
2004 736 2102 789 pa-
2182 728 2405 788 scendo,
2448 744 2570 798 qua;
2609 727 2722 781 alio
2762 728 2986 782 nomine
3030 730 3300 781 correctio
3328 744 3535 781 morum
3574 735 3722 798 potest

506 809 633 857 scha
666 806 1005 857 manducari
1033 807 1309 858 vobiscum
1342 806 1494 871 (Luc.
1522 808 1681 873 XXII).
1716 806 1773 862 Si
1813 807 1988 875 igitur
2009 808 2102 862 ille
2183 816 2625 887 appellari.Dum
2641 816 2789 870 enim
2804 816 2928 887 quis
2948 816 3222 886 angustiis
3242 821 3300 869 et
3318 814 3721 870 tribulationibus

507 892 605 961 qui
634 892 846 945 nullam
889 893 1088 946 habuit
1117 892 1506 947 necessitatem
1550 900 1614 947 ut
1655 895 2100 965 crucifigeretur,
2184 905 2447 969 afﬁcitur,
2477 920 2590 957 non
2619 904 2787 958 debet
2805 904 3029 974 fatigari
3049 921 3151 958 nec
3170 905 3409 958 deﬁcere
3431 923 3442 957 ;
3465 904 3553 957 sed
3575 905 3722 975 potius

505 982 798 1034 οΐυείίίκυε
826 987 913 1035 est
937 987 1165 1051 Propter
1189 998 1309 1047 ηοδθ
1335 989 1545 1052 (λυπηιο
1567 983 1746 1053 magis
1770 985 1988 1053 justum
2017 991 2104 1039 est
2183 993 2465 1063 patienter
2490 993 2790 1057 sustinere,
2820 994 3139 1065 recogitans
3167 992 3301 1064 quia
3327 1010 3360 1047 a
3386 992 3609 1047 Domino
3634 1009 3723 1046 cor-

506 1086 609 1124 nos
634 1070 825 1123 omnia
843 1070 1065 1123 fortiter
1084 1071 1368 1124 tolerare?
1388 1071 1472 1125 Ad
1496 1071 1599 1124 hoc
1618 1071 1808 1142 itaque
1830 1073 2101 1128 Dominus
2181 1079 2403 1152 rigitur.

505 1158 766 1227 apparuit
793 1158 850 1213 in
881 1174 1049 1212 carne
1077 1164 1141 1212 ut
1178 1159 1486 1223 humanam
1536 1159 1708 1213 vitam
1748 1160 2101 1215 admonendo

506 1246 1115 1316 excitaret,exemplum
1138 1247 1433 1317 priebendo
1453 1249 2104 1311 accenderet,moriendo

507 1333 829 1396 redimeret,
860 1335 1204 1403 resurgendo
1234 1341 1541 1405 repararet.
1576 1336 1812 1406 Propter
1836 1336 1940 1390 hoc
1953 1337 2104 1390 enim

508 1421 802 1488 morietur,
845 1426 911 1475 ut
947 1422 1173 1475 doceret
1210 1438 1312 1476 nos
1346 1423 1485 1476 nihil
1530 1424 1829 1477 exstimare
1866 1424 2106 1493 gloriam

508 1524 631 1577 qua:
657 1508 726 1562 ab
756 1509 1079 1563 hominibus
1107 1510 1375 1564 defertur.
1405 1513 1579 1579 Atque
1616 1515 1678 1565 in
1707 1513 1929 1565 dextera
1966 1515 2106 1566 sedis

505 1576 606 1650 Dei
640 1599 802 1659 sedet,
844 1598 949 1651 hoc
991 1605 1075 1651 est
1121 1598 1177 1651 in
1222 1576 1593 1670 prosperitate
1631 1605 1851 1654 aeternae
1888 1601 2012 1656 vitae
2048 1576 2167 1656 etB

507 1685 863 1754 plenitudine
888 1690 1136 1757 paterna:
1178 1688 1511 1756 maiestatis.
1547 1688 1604 1743 Si
1636 1689 1790 1742 nulla
1822 1695 1970 1742 esset
1997 1690 2109 1744 alia

2258 1201 2424 1267 Quem.
2447 1204 2593 1253 enim
2616 1202 2801 1268 diligit
2828 1202 3095 1254 Dominus
3114 1203 3345 1266 castigat
3373 1218 3389 1253 :
3417 1201 3725 1267 ﬂagellalau-

2188 1294 2292 1342 tem
2322 1306 2536 1343 omnem
2556 1292 2739 1357 ﬁlium
2763 1306 2922 1358 quem
2945 1289 3293 1357 recipitldeo
3318 1289 3432 1341 haec
3452 1288 3728 1341 testimonia

2189 1378 2347 1448 ponit
2369 1379 2687 1448 Apostolus,
2712 1383 2775 1432 ut
2806 1378 2951 1431 sicut
2983 1378 3081 1431 filii
3111 1394 3143 1431 a
3172 1375 3497 1448 parentibus
3531 1376 3633 1428 suis
3654 1377 3728 1429 ﬂa-

2186 1467 2489 1535 gellantur,
2521 1473 2585 1521 ut
2611 1466 2763 1537 digni
2802 1467 2917 1520 sint
2953 1467 3020 1520 ad
3062 1465 3445 1520 hazreditatem
3482 1470 3727 1535 paternam

2190 1556 2470 1619 accedere,
2518 1555 2668 1609 unde
2712 1560 2767 1608 et
2808 1556 3137 1626 plerumque
3175 1559 3332 1607 stare
3362 1559 3477 1607 tota
3518 1557 3657 1605 nocte
3685 1552 3730 1604 in

2188 1643 2395 1716 frigore
2406 1644 2696 1714 jubentur,
2724 1644 3002 1714 variisque
3044 1643 3226 1697 modis
3249 1647 3642 1712 excoquuntur:
3670 1640 3729 1693 ita

2190 1738 2248 1787 et
2275 1734 2365 1787 isti
2389 1732 2648 1787 similiter
2675 1733 3052 1787 correctiones
3079 1749 3114 1786 a
3135 1730 3255 1785 Deo
3280 1731 3449 1785 alacri
3477 1731 3642 1784 animo
3661 1744 3731 1781 su-

2190 1820 2456 1885 stineant,
2481 1825 2545 1873 ut
2564 1820 2634 1873 ad
2662 1837 2847 1874 veram
2880 1818 3269 1873 hmreditatem
3292 1824 3561 1889 perpetua:
3576 1814 3730 1887 patriae

2191 1909 2481 1980 pervenire
2512 1910 2625 1963 sint
2657 1909 2862 1963 idonei.
2899 1910 3042 1963 Sunt
3070 1908 3219 1962 enim
3256 1907 3419 1961 multi
3447 1906 3536 1977 qui
3563 1906 3611 1958 in
3636 1920 3732 1975 pro-

2192 1998 2368 2068 speris
2398 1998 2637 2052 Domino
2658 1998 2940 2051 serviunt:
2965 1997 3060 2051 sed
3091 2004 3286 2050 tamen
3324 1996 3378 2049 in
3422 1993 3643 2048 adversis
3668 2009 3732 2046 ce-

507 1772 610 1827 Dei
638 1774 935 1843 promissio
966 1781 1022 1828 et
1047 1775 1378 1841 exhortatio,
1403 1776 1553 1830 istud
1582 1777 1762 1830 solum
1793 1778 2108 1848 exemplum

505 1861 780 1917 debuerat
824 1862 1099 1918 sufﬁcere.
1152 1865 1299 1934 quod
1358 1864 1416 1918 in
1467 1866 1573 1919 hoc
1610 1866 1731 1919 loco
1770 1867 1840 1919 de
1885 1866 2108 1920 Christo

507 1951 755 2005 ostendit
772 1952 1073 2022 Apostolus
1090 1953 1159 2006 ad
1184 1954 1634 2022 persuadendum
1658 1955 1850 2008 omnia
1876 1955 2107 2008 adversa

507 2040 790 2109 patienter
821 2040 1083 2103 tolerare,
1117 2048 1183 2094 ut
1219 2058 1344 2095 cum
1385 2042 1607 2096 Christo
1637 2059 1959 2097 mereamur
1985 2058 2113 2097 con-

506 2125 689 2180 sidere
721 2128 780 2180 in
807 2128 1009 2197 gloria.
1033 2130 1351 2193 Recogitate.
1372 2146 1497 2183 cum
1523 2135 1622 2198 qui
1654 2134 1819 2184 talem
1841 2134 2110 2184 sustinuit

508 2230 545 2267 a
572 2217 943 2281 peccatoribus
960 2216 1578 2284 adversussemelipsum
1594 2220 2105 2279 contradictionem,

507 2307 572 2355 ut
603 2318 715 2354 non
752 2304 1074 2368 fatigemini
1103 2305 1313 2355 animis
1344 2307 1537 2356 vestris
1560 2307 1878 2372 deﬁcientes.
1906 2307 2113 2360 Omnia

509 2390 745 2444 adversa
789 2406 912 2459 quae
958 2390 1215 2443 Christus
1261 2392 1530 2445 sustinuit
1557 2408 1591 2445 a
1627 2393 1834 2447 Judaeis
1875 2406 1887 2441 :
1920 2394 2113 2464 plagas

512 2478 741 2540 scilicet,
767 2478 1077 2544 irrisiones,
1097 2484 1282 2549 sputa,
1313 2480 1595 2551 colaphos,
1615 2482 1828 2552 alapas,
1852 2481 2112 2553 blasphe-

513 2566 679 2634 mias,
724 2566 1018 2638 ipsamque
1063 2573 1322 2633 mortem,
1368 2570 1670 2640 Apostolus
1723 2571 1840 2624 solo
1887 2571 2115 2625 nomine

514 2655 977 2710 contradictionis
1025 2656 1320 2711 ostendere
1357 2658 1559 2714 voluit.
1614 2658 2113 2727 Rememoramini,

515 2744 719 2815 inquit,
756 2744 1063 2809 Christum,
1099 2747 1195 2815 qui
1224 2750 1382 2799 tanta
1413 2762 1480 2800 ac
1520 2747 1659 2800 talia
1686 2748 1955 2802 sustinuit
1981 2764 2115 2801 con-

513 2833 693 2887 traria
712 2849 813 2904 pro
835 2833 1235 2903 peccatoribus,
1261 2834 1356 2905 qui
1378 2842 1664 2905 peccatum
1712 2852 1825 2889 non
1855 2836 2064 2890 fecerat
2094 2853 2106 2889 :

513 2927 580 2977 ut
611 2938 713 2977 nos
743 2922 839 2993 qui
863 2927 1308 2992 transgressores
1347 2929 1404 2977 et
1430 2931 1748 2993 peccatores
1772 2940 1894 2978 esse
1913 2925 2113 2994 digno-

514 3010 759 3069 scimini.
778 3026 889 3064 non
912 2998 1228 3081 fatigemini
1249 3011 1568 3065 deficientes
1592 3012 1646 3065 in
1668 3012 1877 3066 animis
1888 3013 2110 3067 vestris:

519 3098 618 3152 sed
658 3097 931 3151 imitando
961 3098 1141 3163 illum,
1170 3098 1444 3152 sustinete
1471 3099 1677 3152 similia
1708 3100 2119 3170 patienter.Ad-

518 3202 713 3239 versus
740 3184 1099 3255 temetipsum
1130 3185 1395 3238 sustinuit
1438 3186 1694 3241 Christus
1722 3188 2120 3250 contradictio-

520 3290 671 3333 nem.
704 3273 760 3326 id
799 3278 903 3336 est,
935 3272 1150 3325 dimisit
1171 3273 1294 3325 illos
1314 3274 1618 3328 secundum
1646 3276 1793 3345 quod
1822 3277 2120 3329 voluerunt

524 3362 706 3415 facere
733 3366 929 3414 contra
951 3376 1011 3415 se
1044 3379 1056 3411 :
1090 3360 1230 3413 nihil
1279 3361 1360 3415 eis
1406 3364 1811 3417 contradicens.
1849 3364 2120 3418 Hortator

522 3456 712 3505 autem
734 3465 829 3504 eos
850 3465 920 3502 ne
941 3449 1202 3503 deficiant
1222 3450 1279 3502 in
1298 3451 1920 3516 tribulationibus,dum
1941 3470 2121 3524 usque

524 3539 595 3593 ad
632 3538 967 3609 martyrium
1003 3543 1059 3591 et
1083 3538 1373 3608 sanguinis
1407 3539 1731 3593 etlusionem
1780 3556 1892 3593 non
1939 3540 2122 3599 adhuc

522 3633 912 3699 pervenerant,
956 3627 1114 3681 Unde
1143 3634 1200 3680 et
1228 3626 1453 3681 subdit:
1484 3629 1741 3681 A'omlum
1770 3632 1917 3682 enim
1955 3644 2121 3696 usque

522 3719 597 3771 ad
616 3719 949 3784 sanguinem
981 3719 1277 3781 restitistis,
1324 3719 1585 3769 adversus
1630 3723 1915 3785 peccatum
1954 3734 2122 3785 repu-
2273 3720 2341 3773 In
2369 3719 2667 3786 disciplina
2690 3720 3041 3784 persei‘erate.
3070 3716 3362 3783 Tanquam
3388 3716 3515 3782 ﬁliis
3533 3705 3739 3764 charissr

523 3810 773 3873 gnanles.
819 3803 906 3858 Ac
943 3804 989 3857 si
1017 3804 1229 3858 diceret
1268 3823 1279 3857 :
1325 3804 1394 3857 Et
1431 3803 1477 3857 si
1515 3805 1788 3858 amisistis
1827 3806 2123 3860 facultates
2205 3806 2312 3860 mis
2339 3808 2486 3860 vobis
2527 3808 2680 3872 o/fcrt
2700 3821 2752 3858 se
2783 3807 2936 3870 Deus,
2966 3803 3234 3858 subaudis
3264 3822 3277 3857 :
3304 3809 3369 3857 ut
3417 3798 3737 3855 haereditate!!!

525 3901 800 3958 terrenas,
842 3892 1133 3963 exspoliati
1158 3909 1194 3945 a
1226 3891 1635 3946 contribulibus
1683 3894 1897 3957 vestris,
1932 3902 2123 3948 tamen
2206 3895 2401 3967 patria;
2430 3894 2671 3948 caelestis
2696 3893 2960 3964 capiatis;
2995 3909 3059 3946 ac
3089 3893 3135 3946 si
3177 3892 3394 3946 diceret
3422 3910 3434 3943 :
3477 3887 3649 3944 Melius
3678 3885 3742 3936 est

526 3985 770 4036 mortem
799 3998 909 4035 non
931 3980 1297 4035 sustinuistis.
1320 3981 1518 4034 Adhuc
1540 3983 1689 4035 enim
1728 3982 1831 4036 vivi
1863 3983 2121 4037 manetis.
2205 3983 2361 4038 vobis
2389 3999 2487 4053 per
2514 3981 2866 4053 disciplinam
2894 3988 2950 4034 et
2991 3981 3417 4045 correctionem,
3449 3995 3560 4050 quae
3584 3975 3741 4028 allectll

527 4071 717 4141 Usque
745 4070 817 4123 ad
839 4070 1171 4139 sanguinem
1199 4069 1407 4123 restitit
1428 4086 1685 4140 pugnans
1705 4070 1972 4125 adversus
1992 4088 2120 4142 pec-
2210 4079 2445 4143 paterno
2474 4070 2682 4141 agitur,
2705 4070 2948 4124 transire
2967 4070 3036 4123 ad
3075 4069 3463 4123 haereditatem
3490 4066 3739 4119 caelestem,

529 4166 739 4223 catum,
763 4160 857 4226 qui
878 4174 979 4228 pro
999 4158 1230 4211 veritate
1260 4157 1390 4210 fidei
1428 4159 1694 4211 adversus
1730 4159 1983 4213 infideles
2012 4177 2182 4257 pu-D
2212 4177 2381 4232 quam
2409 4166 2565 4213 extra
2593 4159 2944 4229 disciplinam
2976 4174 3117 4221 esse,
3156 4158 3353 4228 sicque
3390 4157 3456 4210 ad
3673 4148 3741 4257 de:

528 4246 723 4316 gnavit
777 4262 955 4315 usque
1001 4245 1073 4297 ad
1122 4250 1379 4307 mortem,
1434 4246 1581 4299 sicut
1630 4248 1806 4301 sancti
1864 4248 2122 4318 apostoli,
2141 4238 2182 4257 υ
2211 4249 2478 4303 scendere
2500 4247 2718 4303 inferni.
2744 4248 2961 4301 Putatis
2982 4248 3130 4300 enim
3154 4247 3304 4317 quod
3321 4246 3447 4300 odio
3468 4260 3554 4297 vos
3582 4238 3742 4294 habent

533 4350 842 4403 eorumque
889 4348 1235 4387 successores
1286 4333 1578 4387 fecerunt:
1615 4350 1743 4388 nam
1784 4336 2132 4390 infidelitatis
2211 4354 2276 4391 ac
2323 4336 2691 4407 dereliquerit
2721 4337 2887 4401 Deus,
2911 4352 3012 4406 per
3059 4336 3175 4389 haec
3205 4352 3329 4406 quae
3358 4334 3499 4406 passi
3525 4325 3675 4385 estis?
3698 4322 3740 4377 Si

533 4428 824 4492 peccatum
847 4421 1148 4475 maximum
1171 4426 1258 4475 est
1287 4422 1454 4476 :dum
1474 4428 1661 4477 autem
1685 4424 1810 4495 quis
1832 4426 1947 4478 vult
1976 4425 2127 4479 deci-
2209 4426 2295 4480 hae
2333 4442 2442 4479 non
2476 4424 2830 4495 pateremini,
2876 4431 3011 4477 tunc
3048 4423 3227 4493 magis
3262 4425 3368 4477 hoc
3417 4438 3504 4474 vos
3547 4417 3742 4486 cogitare

536 4527 668 4582 pere
687 4514 787 4564 aut
806 4509 1109 4576 blanditiis,
1128 4516 1228 4564 aut
1252 4511 1576 4578 terrpribus,
1602 4529 1857 4583 pugnans
1887 4530 1987 4584 pro
2016 4514 2126 4567 fide
2209 4513 2576 4584 competebat.
2612 4513 2753 4566 Nam
2789 4512 2836 4566 si
2866 4511 3115 4581 flagellat
3156 4527 3380 4564 omnem
3420 4510 3583 4578 filium
3613 4513 3741 4574 quem

534 4606 731 4655 contra
760 4598 1033 4662 infideles,
1083 4600 1276 4671 utique
1313 4602 1579 4655 adversus
1623 4609 1913 4671 peccatum
1958 4618 2130 4671 repu-
2210 4602 2426 4672 recipit,
2451 4601 2545 4671 qui
2560 4617 2672 4654 non
2694 4601 3012 4670 ﬂagellatur
3028 4600 3147 4653 sine
3163 4598 3332 4653 dubio
3355 4615 3463 4652 non
3491 4602 3568 4650 est
3588 4595 3635 4646 in
3665 4603 3745 4643 nn-

532 4694 688 4761 gnat.
720 4689 913 4742 Potest
948 4694 1006 4742 et
1034 4688 1103 4742 de
1132 4689 1286 4743 omni
1315 4697 1541 4760 peccato
1578 4690 1836 4759 intelligi,
1868 4690 1938 4742 de
1980 4691 2130 4744 mala
2212 4707 2366 4744 mero
2396 4691 2657 4744 filiorum.
2691 4690 2791 4743 llis
2828 4689 3010 4743 verbis
3057 4688 3302 4742 ostendit
3348 4688 3444 4750 eis,
3484 4684 3601 4756 quia
3632 4676 3744 4733 unde

535 4778 796 4832 videlicet
822 4778 1200 4848 suggestione,
1223 4788 1279 4831 et
1301 4795 1470 4849 prava
1493 4778 2127 4838 voluntate.immundo-
2214 4778 2488 4849 putabant
2513 4794 2572 4831 se
2598 4778 2896 4831 derelictos
2919 4794 3070 4831 esse:
3097 4776 3227 4831 inde
3260 4776 3436 4846 magis
3450 4772 3648 4827 credere
3676 4780 3745 4836 po-

538 4882 648 4936 que
677 4866 955 4920 desiderio
983 4884 995 4919 :
1024 4867 1226 4936 quibus
1244 4866 1340 4937 qui
1361 4866 1574 4919 resistit
1596 4882 1709 4920 non
1733 4866 2132 4920 consentiendo
2213 4873 2402 4921 terant
2429 4866 2584 4937 diligi
2616 4865 2686 4920 ab
2717 4866 2829 4919 illo.
2860 4865 2970 4929 Qui
2977 4885 2993 4915 ς
3016 4867 3166 4918 enim
3196 4868 3348 4933 ﬁlius
3375 4860 3527 4932 quem
3545 4874 3639 4913 non
3659 4867 3748 4908 coro

538 4955 638 5019 eis,
671 4954 937 5008 adversus
966 4963 1257 5025 peccatum
1291 4960 1529 5026 pugnat.
2214 4958 2351 5024 ripit
2376 4961 2574 5023 pater?
2594 4955 2748 5009 Solet
2767 4954 3064 5025 aliquoties
3089 4954 3487 5024 paterfamilias
3505 4949 3629 5002 filios
3643 4942 3743 4997 alie

610 5042 686 5097 Et
712 5045 869 5097 obliti
894 5046 1022 5097 estis
1062 5047 1471 5109 consolationis,
1504 5059 1623 5111 qua:
1668 5044 1814 5097 vobis
1863 5048 2134 5111 tanquam
2215 5061 2318 5099 nos
2339 5044 2623 5114 negligere
2650 5061 2661 5097 :
2686 5059 2815 5097 suos
2838 5059 2964 5095 vero
2984 5042 3262 5113 castigare
3299 5047 3352 5095 et
3389 5038 3657 5107 corripere,
3690 5043 3741 5083 ηε

2192 2086 2351 2140 dunt.
2387 2087 2454 2139 Hi
2481 2087 2622 2139 tales
2660 2103 2770 2139 non
2801 2091 2933 2139 sunt
2975 2085 3157 2138 adhuc
3185 2084 3430 2155 perfecte
3468 2080 3654 2154 probati
3678 2080 3732 2133 ad

2193 2176 2576 2229 ha'reditatem
2609 2176 2964 2246 captandam.
2992 2174 3150 2228 Unde
3180 2174 3480 2244 Apostcxlus
3506 2187 3649 2241 quem
3688 2170 3731 2222 in

2194 2264 2473 2336 prosperis
2497 2264 2637 2318 bene
2663 2264 2844 2317 vivere
2866 2263 3076 2325 docuit,
3096 2279 3167 2315 ne
3196 2261 3256 2315 in
3291 2261 3612 2316 correctione
3631 2258 3734 2311 deli-

2194 2354 2304 2407 ciat
2322 2354 2581 2406 hortatur
2603 2372 2613 2401 :
2640 2352 2904 2424 quoniam
2928 2352 3101 2404 filium
3125 2367 3294 2421 quem
3314 2350 3494 2419 diligit
3510 2347 3734 2402 Dominus

2194 2442 2263 2496 ad
2288 2442 2391 2495 hoc
2411 2448 2475 2495 ut
2498 2442 2772 2495 heredem
2797 2442 2956 2495 illum
2980 2441 3139 2511 regni
3162 2440 3432 2493 cmicmm
3452 2437 3732 2491 constituat:

2194 2531 2433 2600 castigat
2460 2530 2616 2583 illum
2652 2530 2816 2584 variis
2845 2529 3192 2599 diversisque
3215 2528 3418 2587 modis,
3441 2533 3495 2580 et
3536 2524 3738 2595 flagellat

2196 2619 2635 2673 autinﬁrmitate
2655 2624 2753 2673 aut
2774 2623 3121 2688 paupertate,
3144 2623 3247 2670 aut
3269 2616 3646 2687 persecutione,
3663 2616 3738 2666 aut

2195 2708 2509 2761 tormentis.
2530 2708 2850 2761 Notandum
2874 2713 3063 2761 autem
3081 2707 3211 2776 quia
3238 2723 3349 2759 non
3368 2704 3540 2758 omnis
3553 2703 3636 2773 qui
3666 2702 3739 2754 fla-

2194 2796 2453 2866 gellatur,
2480 2796 2629 2849 filius
2642 2800 2725 2848 est
2747 2795 2871 2849 :sed
2887 2796 3069 2848 omnis
3097 2795 3247 2848 filius
3270 2791 3738 2864 flagellatunQuem

2133 2887 2177 2947 C
2198 2901 2330 2955 ergo
2353 2890 2674 2937 sanctorum
2688 2883 2757 2937 ab
2775 2883 2878 2937 hoc
2902 2884 3102 2937 sazculo
3130 2883 3201 2936 ad
3239 2882 3607 2937 hmrcditatem
3632 2894 3741 2931 sem-

2198 2972 2474 3042 piternam
2488 2972 2727 3041 legimus
2741 2972 3054 3041 pervenisse
3067 2972 3188 3024 sine
3200 2969 3565 3041 ﬂagellatione
3574 2963 3741 3019 divina?

2201 3063 2555 3133 QuaprOpter
2568 3067 2726 3115 tanto
2742 3061 2928 3114 minus
2958 3060 3026 3113 de
3059 3060 3285 3129 ﬂagello
3310 3076 3417 3130 quo
3434 3057 3740 3126 castigantur.

2201 3167 2556 3204 murmurare
2586 3149 3106 3219 debemuszquanto
3132 3149 3344 3202 certius
3371 3148 3427 3201 in
3457 3163 3517 3200 eo
3542 3150 3739 3216 paterna

2201 3239 2512 3293 dilectionis
2533 3238 2793 3293 affectum
2824 3237 3115 3291 sentimus.
3146 3237 3313 3291 Unde
3339 3238 3454 3307 ipse
3477 3233 3597 3288 dicit
3621 3245 3631 3278 ε
3656 3231 3738 3299 Ego

2201 3345 2331 3397 quos
2351 3345 2493 3390 amo,
2520 3344 2696 3395 arguo
2725 3333 2773 3380 et
2803 3332 3004 3394 castigo
3029 3327 3209 3393 (Apoc.
3245 3320 3459 3392 In).'At
3481 3338 3594 3375 vero
3612 3314 3737 3372 multi

2203 3417 2566 3487 ﬂagellabant
2597 3431 2607 3464 :
2639 3423 2704 3469 ut
2730 3415 3039 3469 Antiochus
3067 3420 3123 3467 et
3155 3414 3425 3473 Herodes,
3467 3427 3567 3465 non
3602 3414 3652 3461 ut
3683 3403 3736 3457 ad

2201 3504 2585 3559 hiereditatem
2607 3502 3089 3561 assumantur,sed
3112 3507 3176 3555 ut
3187 3502 3283 3555 hic
3302 3519 3368 3555 ex
3390 3506 3537 3572 parte
3557 3498 3738 3551 demon-

2202 3600 2431 3661 stretur,
2462 3610 2586 3664 qua:
2616 3592 2762 3645 mala
2794 3591 3012 3663 passuri
3035 3591 3147 3645 sint
3168 3598 3300 3662 post
3325 3595 3568 3644 mortem.

541 5134 676 5200 ﬁliis
707 5134 972 5200 loquitur,
1005 5133 1188 5186 dicens
1220 5151 1236 5185 :
1267 5134 1376 5186 Fili
1406 5136 1502 5199 mi,
1536 5135 1655 5186 noli
1683 5135 1952 5199 negligere
1973 5134 2136 5186 disci-
2217 5151 2313 5187 eos
2329 5133 2613 5204 opprimat
2635 5132 2783 5185 mala
2804 5131 3167 5201 negligentia.
3190 5130 3387 5184 Nullus
3414 5135 3496 5181 est
3520 5131 3658 5196 pater

536 5223 764 5290 plinam
792 5221 1037 5282 Domini,
1072 5237 1241 5289 neque
1269 5224 1521 5289 [aligeris
1534 5222 1669 5274 dum
1688 5222 1758 5274 ab
1777 5237 1834 5274 eo
1854 5224 2130 5289 argueris.
2216 5222 2376 5293 piens
2414 5221 2511 5291 qui
2549 5237 2660 5274 non
2698 5220 2965 5290 corripiat
2993 5219 3138 5273 filios
3170 5218 3565 5287 delinquentes,
3595 5216 3641 5263 et
3663 5210 3743 5259 ali.

544 5308 833 5381 Sapientia
864 5308 965 5363 Dei
991 5309 1195 5373 Patris,
1226 5325 1352 5379 quae
1393 5326 1494 5380 per
1535 5310 1891 5364 Salomonem
1937 5309 2134 5379 loque-
2216 5310 2440 5381 quando
2469 5310 2615 5364 bona
2642 5315 2874 5380 agentes
2903 5309 3154 5380 increpat
3181 5315 3243 5361 ut
3261 5307 3333 5361 ad
3360 5305 3577 5359 meliora
3593 5310 3743 5392 accep-

542 5401 729 5468 batur,
760 5400 909 5454 inter
936 5404 1138 5467 caetera
1156 5397 1326 5465 etiam
1345 5398 1583 5477 protulit
1607 5400 1713 5463 hoc
1736 5415 1837 5477 per
1869 5416 1932 5453 os
1959 5398 2128 5466 illius,
2215 5400 2441 5454 dantur.
2463 5398 2623 5457 Unde
2652 5402 2712 5452 et
2737 5397 2885 5464 Heli,
2912 5397 3044 5470 quia
3057 5397 3199 5454 ﬁlios
3217 5413 3346 5452 suos
3368 5409 3475 5449 non
3501 5386 3741 5457 corripuit.
