3992 6166
252 235 343 292 9'21

941 236 1317 321 EXPOSITIO
1352 239 1426 292 IN
1470 238 1622 293 EPP.
1658 239 1715 294 S.
1752 238 1985 293 PAULI.
2026 272 2073 280 —-
2113 237 2187 291 ΙΝ
2223 235 2441 290 EPIST.
2477 233 2571 287 AD
2605 232 2815 289 HEBR.

3407 223 3511 281 92‘2

249 377 356 415 non
387 362 594 417 meruit
622 379 717 417 eos
738 363 987 417 haeredes
1017 363 1315 416 sacerdotii
1347 369 1472 434 post
1500 379 1559 417 se
1588 362 1835 417 derelin-
1856 367 1897 422 Λ
1995 364 2186 418 Omnis
2200 367 2385 415 autem
2405 361 2703 427 disciplina
2718 357 3048 425 inprwscnti
3062 351 3514 422 quidemvidetur

249 468 420 522 quere
450 454 501 517 (Ι
526 453 647 519 Reg.
684 464 745 520 ι).

317 540 469 606 Quod
494 543 545 592 si
571 545 727 593 ecetra
772 541 1128 608 disciplinam
1159 543 1306 605 estis,
1341 545 1499 609 cujus
1538 543 1835 609 participes-

248 629 385 694 facti
414 634 545 681 sunt
575 645 761 681 omnes
782 627 909 681 boni
930 629 1141 692 ﬁlii,vel
1164 628 1359 682 Patres
1379 630 1557 682 sancti
1578 629 1837 699 superius

247 715 563 780 memorati,
586 733 731 782 ergo,
755 719 1067 770 adulterini
1081 723 1128 770 et
1154 734 1262 770 non.
1281 720 1393 784 ﬁlii
1409 720 1547 770 estis.
1573 717 1836 785 Quisquis

256 808 412 856 extra
441 803 791 873 disciplinam
830 804 1055 857 Domini
1093 810 1302 866 manet,
1334 806 1494 874 cujus
1534 804 1835 873 disciplinae

248 891 547 961 participes
576 892 703 945 facti
736 898 870 945 sunt
896 908 1093 946 omnes
1122 891 1251 945 boni
1274 893 1371 946 ﬁlii
1403 892 1741 963 pertinentes
1764 892 1835 945 ad

246 979 628 1034 hiereditatem
644 981 1303 1044 ctelestem,adulterinus
1323 982 1473 1035 ﬁlius
1490 987 1701 1047 est,nec
1720 998 1839 1050 per-

246 1068 391 1123 tinet
410 1069 478 1122 ad
506 1070 890 1123 haereditatem
916 1070 1369 1141 paternanrquia
1387 1087 1500 1124 non
1522 1075 1604 1123 est
1620 1069 1841 1124 ﬁliusli-

246 1156 407 1211 bene.
441 1159 643 1212 Cavete
674 1175 744 1212 ne
773 1158 897 1213 sitis
944 1159 1249 1213 adulterini
1299 1160 1414 1213 ﬁlii.
1452 1159 1663 1213 Omnes
1687 1158 1835 1211 enim

243 1245 496 1300 inﬁdeles
525 1252 582 1300 et
608 1247 955 1317 negligentes
973 1248 1437 1318 disciplinamque
1465 1246 1691 1301 Domini
1711 1263 1838 1300 con-

243 1342 576 1398 temnentes,
606 1337 909 1391 adulterini
929 1343 987 1390 et
1006 1354 1115 1391 non
1143 1338 1241 1391 ﬁlii
1270 1340 1835 1408 reputantur.[)einde

240 1431 425 1491 patres
446 1427 665 1493 quidem
690 1427 986 1479 habuimus
1016 1428 1338 1487 ermtilores,
1371 1433 1418 1479 et
1450 1429 1835 1480 rerercbamur

242 1529 344 1566 eos.
378 1515 523 1566 Num
560 1517 931 1581 multomagis
956 1516 1445 1581 obtemperabimus
1473 1518 1632 1568 Patri
1659 1519 1832 1582 spiri-

245 1606 426 1662 tuum,
450 1606 497 1655 et
526 1605 771 1655 circinus
797 1602 1067 1661 ?Deinde,
1092 1603 1360 1656 subaudis
1381 1603 1735 1657 considerare.
1749 1604 1840 1656 de-

1920 470 2027 505 non
2058 468 2163 503 esse
2188 451 2403 517 gaudii,
2428 449 2517 501 sed
2540 448 2787 499 ma’roris
2802 462 2816 505 ;
2839 449 3020 523 postea
3048 446 3231 495 autem
3263 441 3513 507 fructum

1913 542 2335 608 parulissimmn
2392 537 2703 589 crercitatis
2750 549 2848 602 per
2876 548 2993 585 eam
3044 531 3233 587 reddet
3251 531 3504 598 justitiz.

1921 628 2136 688 Omnis,
2157 628 2360 697 inquit,
2382 623 2676 695 disciplina
2708 629 2821 675 tam
2848 622 3095 675 humana
3117 634 3284 689 quam
3305 616 3512 682 divina,

1918 722 2054 770 tunc
2088 717 2311 786 quando
2363 712 2616 773 discitur,
2646 728 2758 765 non
2801 710 3022 762 videtur
3070 724 3191 761 esse
3220 704 3518 776 disciplina

1916 806 2131 875 gaudii,
2156 805 2260 858 sed
2280 802 2705 857 moeroristeo
2730 808 2918 853 autem
2939 799 3085 850 hanc
3104 812 3327 850 omnem
3346 800 3404 848 et
3430 794 3519 848 di-

1924 893 2110 947 vinam
2138 899 2195 946 et
2226 892 2529 946 humanam
2564 886 2915 957 disciplinam
2948 884 3322 954 vocavit,quia
3351 881 3517 953 quid-

1924 982 2056 1052 quid
2087 980 2338 1042 discitur,
2369 976 2662 1048 disciplina
2702 980 2950 1028 vocatur.
2992 972 3205 1027 Idcirco
3236 976 3425 1026 autem
3454 970 3515 1023 in

1923 1070 2308 1141 przesentinon
2327 1067 2547 1120 videtur
2566 1064 2861 1134 disciplina
2879 1062 3092 1133 gaudii,
3117 1061 3215 1115 sed
3236 1059 3512 1123 mceroris,

1922 1159 2185 1230 quoniam
2227 1156 2545 1226 ﬂagellatur
2573 1152 2878 1223 saepissime
2906 1156 2961 1204 et
2991 1149 3414 1220 constringitur,
3444 1146 3513 1200 de

1921 1265 2030 1319 quo
2052 1248 2105 1301 id
2129 1246 2315 1315 agitur
2334 1243 2576 1298 sustinet
2592 1241 2821 1304 famam,
2839 1240 3051 1310 patitur
3068 1237 3243 1308 frigus
3266 1252 3516 1290 onmem-

1919 1353 2027 1406 que
2055 1335 2325 1389 laborem.
2374 1334 2449 1385 At
2479 1346 2606 1383 vero
2635 1344 2762 1382 cum
2784 1326 3099 1397 pervenerit
3126 1326 3197 1380 ad
3222 1324 3517 1395 perfectio-

1915 1442 2065 1488 nem,
2116 1423 2343 1493 gaudet,
2387 1421 2628 1479 laetatur,
2657 1415 3157 1486 gratissimamque
3189 1413 3509 1467 mercedem

1917 1513 2132 1584 recipit,
2160 1513 2302 1565 sicut
2321 1508 2624 1580 Apostolus
2647 1504 2782 1557 dicit
2804 1518 2817 1555 :
2845 1504 3066 1568 Postea,
3088 1500 3367 1572 inquiens,
3388 1516 3514 1553 cum

1923 1601 2239 1672 pervenerit
2265 1599 2337 1651 ad
2368 1598 2590 1651 culmen
2622 1592 2999 1664 perfectionis,
3025 1591 3211 1645 reddit
3240 1590 3290 1643 ei
3316 1589 3510 1643 eadem

241 1687 598 1760 bemus,quia
624 1701 811 1760 patres
843 1690 1138 1744 habuimus
1166 1692 1499 1751 eruditores,
1534 1698 1588 1744 et
1610 1691 1841 1745 timeba-
1858 1715 1900 1772 Β
1922 1691 2213 1761 disciplina
2244 1685 2664 1759 pacatissimum
2700 1681 2941 1735 fructum
2976 1680 3212 1750 justitiaa
3261 1694 3514 1772 peream

241 1793 371 1831 mus
400 1794 513 1843 eos,
546 1794 730 1832 nonne
764 1779 940 1833 multo
972 1779 1148 1849 magis
1178 1779 1690 1850 obtemperabimus
1720 1781 1835 1833 Deo

238 1866 387 1936 patri
408 1866 732 1937 spirituum,
756 1875 813 1922 et
828 1869 1074 1922 vivemus
1104 1870 1160 1921 in
1189 1869 1368 1937 gloria
1389 1875 1599 1923 aeterna
1616 1868 1643 1921 7
1669 1870 1837 1922 Pater

240 1955 546 2025 spirituum
578 1957 663 2009 vel
683 1963 903 2010 creator
943 1957 1280 2022 animarum,
1314 1960 1453 2011 lleus
1483 1957 1836 2028 omnipotens

246 2049 349 2105 est,
385 2044 513 2113 quia
551 2046 740 2098 omnia
792 2046 1002 2099 creavit
1030 2046 1271 2117 primum
1313 2064 1376 2100 ex
1415 2046 1606 2110 nihilo,
1631 2046 1834 2100 deinde

237 2147 370 2185 vero
395 2148 460 2185 ex
489 2133 781 2187 elementis
809 2151 1045 2205 corpora
1076 2136 1385 2198 hominum,
1410 2136 1835 2208 alienorumque

237 2220 592 2285 animalium,
616 2223 860 2276 animam
886 2240 1013 2277 vero
1037 2225 1281 2278 hominis
1311 2242 1375 2278 ex
1409 2226 1586 2280 nihilo
1606 2227 1832 2293 creavit,

236 2314 290 2362 et
352 2315 513 2363 creat
566 2311 767 2366 adhuc.
821 2312 944 2365 Non
983 2320 1068 2366 est
1122 2314 1271 2367 enim
1313 2315 1645 2385 putandum,
1686 2317 1834 2386 quod

241 2396 435 2451 anima
476 2414 606 2469 pars
645 2399 881 2453 Deitatis
909 2401 1001 2461 sit,
1038 2402 1302 2471 quoniam
1354 2403 1546 2456 Deitas
1586 2420 1697 2457 non
1750 2411 1836 2458 est

235 2490 447 2546 creata,
482 2486 669 2540 anima
694 2493 882 2541 autem
904 2496 1091 2542 creata
1124 2497 1226 2543 est.
1261 2490 1472 2545 Idcirco
1494 2496 1684 2545 autem
1708 2509 1829 2546 om-

221 2573 572 2644 nipotentem
591 2576 769 2630 Deum
784 2584 1092 2631 creatorem
1113 2579 1431 2633 animarum
1443 2581 1690 2650 appellat
1709 2598 1818 2635 non

225 2680 546 2735 corporum,
581 2681 707 2719 cum
740 2665 991 2719 omnium
1047 2672 1267 2721 creator
1305 2669 1396 2733 sit,
1447 2670 1580 2739 quia
1622 2686 1823 2739 corpus

224 2758 481 2805 nostrum
514 2768 578 2806 ex
608 2752 823 2806 semine
850 2761 1083 2823 paterno
1104 2756 1386 2826 simulque
1409 2764 1661 2811 materno
1686 2774 1823 2811 con-

224 2841 415 2894 ﬁcitur
440 2858 452 2892 :
475 2840 666 2894 anima
696 2858 824 2895 vero
844 2859 1066 2913 semper
1094 2860 1126 2896 a
1156 2845 1270 2898 Deo
1292 2862 1358 2898 ex
1386 2846 1557 2899 nihilo
1576 2853 1818 2900 creatur.

225 2930 301 2995 Si,
327 2930 534 3001 inquit,
562 2937 748 2999 patres
766 2932 1018 2985 carnales
1043 2932 1400 2995 timebamus,
1424 2951 1458 2987 a
1475 2934 1675 3005 quibus
1688 2940 1824 2988 tem-

227 3018 506 3089 poraliter
535 3018 952 3087 erudiebamur,
985 3028 1050 3074 ut
1076 3021 1325 3076 haeredes
1352 3024 1574 3078 illorum
1604 3040 1823 3079 merea-

226 3123 354 3161 mur
387 3107 748 3177 lieri,quanto
768 3109 946 3179 magis
975 3110 1228 3164 Creatori
1255 3112 1569 3166 animarum
1594 3113 1821 3166 obedire

220 3202 398 3266 atque
425 3195 815 3266 obtemperare
842 3197 1130 3263 debemus,
1163 3205 1227 3253 ut
1256 3213 1383 3253 cum
1428 3201 1525 3254 illo
1553 3202 1613 3255 in
1641 3201 1824 3271 gloria

220 3288 450 3338 eterna:
478 3283 842 3339 beatitudinis
866 3287 1133 3341 vivamus.
1158 3288 1273 3341 Nec
1293 3290 1645 3344 solummodo
1674 3290 1827 3343 dill‘e-

222 3372 412 3426 rentia
442 3379 530 3427 est
558 3373 706 3426 inter
753 3390 848 3428 eos
891 3381 1119 3445 propter
1139 3376 1532 3433 discretionem
1564 3394 1827 3448 persona-

220 3475 370 3523 rum,
407 3460 540 3531 quia
560 3461 653 3515 isti
693 3463 923 3527 terreni,
960 3464 1053 3517 ille
1083 3471 1169 3518 est
1195 3466 1454 3529 caelestis,
1506 3466 1603 3520 sed
1655 3466 1825 3520 etiam

221 3548 346 3618 ipsa
380 3565 553 3603 causa
579 3550 885 3621 disciplinae
914 3559 1084 3623 atque
1122 3554 1471 3608 eruditionis.
1518 3556 1643 3609 Non
1674 3556 1823 3609 enim

225 3637 295 3690 ad
327 3638 589 3691 eamdem
620 3655 869 3706 causam,
903 3642 986 3695 vel
1013 3642 1081 3695 ad
1114 3658 1202 3695 res
1232 3642 1513 3712 spiritales
1537 3644 1822 3709 erudiunt,

219 3726 313 3779 sed
345 3725 423 3779 ad
444 3726 499 3779 id
533 3728 679 3798 quod
719 3730 799 3783 eis
830 3730 1067 3796 videtur,
1099 3731 1243 3785 sicut
1269 3732 1568 3802 Apostolus
1588 3733 1827 3787 manife-

222 3818 356 3875 stat,
405 3814 596 3868 dicens
631 3833 643 3867 :
699 3818 764 3870 Et
820 3820 910 3871 illi
948 3820 1191 3885 quidem,
1229 3825 1415 3888 patres
1444 3821 1718 3883 carnales,
1761 3837 1824 3874 ex

220 3918 469 3972 quorum
490 3903 702 3957 semine
716 3921 950 3976 corpora
970 3907 1332 3977 sumpsimus,
1361 3912 1420 3961 in
1442 3914 1677 3975 tempore
1688 3926 1827 3977 pau-

222 4006 423 4044 corum
452 3993 695 4056 dierum,
726 3996 1027 4048 secundum
1048 4012 1210 4049 suam
1240 3999 1576 4049 voluntatem
1606 3999 1825 4050 erudie-

224 4080 359 4133 bant
393 4095 491 4133 nos
522 4099 538 4133 :
566 4082 655 4135 hic
681 4088 886 4143 autem,
908 4083 1297 4138 Paterscilicet
1316 4085 1639 4155 spirituum,
1663 4087 1735 4138 ad
1767 4087 1823 4139 id

219 4170 369 4235 quod
386 4172 525 4222 utile
538 4170 812 4224 esterudit
824 4187 945 4238 nos,
969 4172 1073 4226 hoc
1093 4179 1178 4226 est
1197 4174 1267 4226 ad
1285 4174 1521 4227 salutem
1543 4179 1599 4228 et
1617 4174 1827 4229 utilita-

219 4262 337 4310 tem
372 4260 579 4311 animae
600 4268 804 4313 nostra:
834 4284 845 4318 :
888 4264 951 4313 in
983 4264 1290 4330 recipiendo
1329 4266 1825 4329 saneti/icalionem

1919 1778 2255 1841 exercitatis,
2282 1777 2336 1829 id
2359 1781 2444 1829 est
2470 1789 2568 1844 per
2596 1770 2850 1824 eamdem
2881 1771 3232 1841 disciplinam
3261 1766 3511 1839 probatis

1918 1874 2087 1938 atque
2108 1865 2657 1937 perfectis.Fruetum
2694 1864 2882 1914 autem
2920 1858 3337 1931 pacatissimum
3354 1858 3514 1910 vocat

1915 1955 2299 2026 gratissimam
2324 1960 2493 2024 atque
2523 1953 2969 2025 acceptissimum
2998 1945 3511 2003 remunerationem

1920 2060 2088 2113 quam
2128 2042 2445 2113 percipiunt
2475 2043 2531 2095 hi
2564 2043 2659 2113 qui
2716 2058 2816 2112 per
2861 2039 3117 2093 eamdem
3160 2033 3511 2105 disciplinam

1919 2136 2248 2185 exercentur
2276 2138 2445 2201 atque
2477 2131 2802 2201 probantur.
2825 2128 2984 2182 Verbi
3012 2126 3198 2197 gratia
3227 2140 3241 2178 :
3270 2120 3511 2177 Romani

1918 2219 2252 2290 tirones,qui
2273 2221 2330 2272 in
2352 2220 2647 2290 disciplina
2668 2219 2749 2273 rei
2774 2216 3031 2271 militaris
3049 2219 3180 2269 sunt
3200 2209 3506 2275 exercitati,

1918 2310 2098 2362 multa
2144 2309 2426 2361 contraria
2456 2308 2696 2379 primum
2729 2296 3071 2361 sustinen‘t‘es
3113 2306 3307 2374 postea
3334 2297 3511 2370 gavisi

1916 2403 2067 2463 sunt,
2101 2397 2485 2451 monarchiam
2514 2396 2688 2451 totius
2718 2395 2867 2450 orbis
2895 2393 3260 2465 possidentes.
3298 2388 3510 2444 Simili-

1915 2492 2003 2540 ter
2031 2486 2458 2557 intelligendum
2482 2486 2551 2539 de
2580 2485 2666 2539 his
2686 2485 2782 2556 qui
2806 2486 2862 2538 in
2892 2482 3188 2552 disciplina
3207 2479 3396 2533 divina
3420 2477 3510 2531 af-

1914 2576 2205 2645 ﬂiguntur,
2231 2575 2326 2646 qui
2355 2574 2586 2646 praemia
2613 2581 2823 2628 (eterna
2861 2570 3140 2641 recepturi
3178 2574 3327 2632 sunt,
3364 2568 3511 2621 sicut

1903 2665 2083 2719 sancti
2114 2665 2668 2735 apostoli,martyres
2700 2668 2755 2716 et
2786 2662 3045 2715 doctores
3068 2657 3343 2712 Ecclesiae.
3376 2658 3508 2710 Pro-

1900 2759 2027 2822 pter
2053 2755 2196 2822 quod
2219 2757 2471 2806 remissas
2494 2768 2693 2805 manus
2717 2758 2763 2804 ct
2794 2753 2975 2803 soluta
3011 2762 3191 2816 genua
3222 2746 3431 2811 erigite,
3458 2747 3509 2795 et

1902 2858 2118 2910 gressus
2158 2848 2324 2894 rectos
2354 2843 2518 2908 facile
2546 2841 2774 2909 pedibus
2806 2842 3016 2901 vestris,
3048 2842 3109 2890 ut
3141 2852 3251 2889 non
3277 2832 3501 2910 claudi:

1906 2947 2037 2984 cans
2058 2934 2181 3000 quis
2201 2936 2365 2994 erret,
2389 2933 2566 2996 magis
2587 2934 2772 2983 autem
2794 2934 3042 2982 sanetur.
3065 2928 3299 2996 Pr0pter
3310 2923 3459 2995 quod
3480 2904 3507 2957 7

1912 3019 2043 3090 quia
2065 3027 2292 3091 prOpter
2312 3019 2670 3089 disciplinam
2701 3017 2975 3071 mercedis
3003 3014 3295 3086 praemium
3316 3012 3506 3066 reddi-

1904 3114 2016 3171 tur,
2062 3107 2448 3178 gaudiumque
2492 3105 2860 3176 subsequitur
2909 3122 2919 3156 :
2969 3104 3055 3158 vel
3104 3108 3401 3174 propterea
3442 3105 3509 3154 ut

1905 3197 2130 3267 possitis
2155 3196 2538 3249 hereditatem
2562 3212 2867 3265 supernam
2896 3210 3022 3248 cum
3044 3192 3207 3247 bonis
3228 3191 3356 3245 ﬁliis
3377 3206 3507 3261 per-

1907 3286 2112 3356 cipere.
2139 3285 2405 3338 remissas
2455 3300 2655 3337 manus
2680 3301 2713 3336 a
2743 3283 2889 3336 bono
2917 3298 3104 3353 opere,
3140 3287 3195 3334 et
3223 3284 3508 3350 torpentes

1909 3375 2021 3428 otio
2038 3367 2274 3445 pigritiae
2301 3391 2311 3426 :
2341 3379 2399 3427 et
2420 3372 2603 3426 soluta
2623 3388 2810 3441 genua
2841 3371 3037 3441 erigite
3064 3370 3135 3423 ad
3165 3368 3310 3423 bona
3338 3384 3510 3440 Opera

1910 3464 2145 3533 agenda.
2186 3462 2293 3517 Per
2324 3462 2492 3533 pedes
2522 3467 2712 3515 autem
2756 3466 2813 3514 et
2829 3476 3040 3530 genua,
3072 3459 3339 3512 debemus
3368 3457 3511 3511 acci-

1910 3569 2042 3623 pere
2074 3551 2219 3605 bona
2250 3567 2440 3621 opera,
2468 3550 2611 3605 sicut
2658 3556 2715 3604 et
2744 3567 2846 3620 per
2890 3565 3109 3611 manus,
3142 3564 3242 3618 per
3280 3563 3509 3616 gressus

1909 3645 2096 3693 autem
2118 3638 2465 3691 intellectum
2487 3638 2967 3706 intentionemque
2982 3636 3267 3699 mentis,et
3281 3640 3367 3687 est
3385 3650 3509 3687 scn-

1909 3744 2005 3780 sus
2037 3745 2047 3778 :
2080 3726 2239 3779 Talia
2268 3742 2440 3796 Opera.
2476 3726 2649 3796 agite,
2668 3742 2789 3795 quae
2822 3724 3131 3794 perfectum
3162 3720 3508 3774 intellectum

1910 3815 2164 3869 habeant
2194 3815 2341 3885 quod
2376 3817 2516 3868 bona
2555 3815 2866 3868 intentione
2900 3812 3052 3866 ﬁant.
3087 3810 3273 3876 Recte,
3303 3809 3505 3879 inquit,

1909 3904 2217 3968 ambulate,
2251 3921 2321 3957 ne
2356 3903 2686 3957 claudicatio
2717 3902 2841 3972 plus
2870 3905 3174 3962 accrescat,
3196 3898 3291 3953 sed
3322 3898 3509 3969 potius

1908 3993 1979 4046 ad
2018 3998 2227 4047 statum
2269 3993 2622 4046 rectitudinis
2670 3994 2938 4064 erigatur.
2990 3988 3271 4043 Remissas
3308 4003 3509 4042 manus

1910 4088 1965 4135 et
1983 4098 2171 4151 genua
2198 4082 2383 4136 soluta
2408 4082 2635 4136 mandat
2666 4084 2900 4153 erigere,
2925 4084 3071 4138 sicut
3088 4090 3145 4138 et
3170 4083 3347 4137 Isaias
3366 4095 3506 4152 prac-

1907 4170 2270 4240 cipit,dieens
2300 4192 2310 4224 :
2346 4172 2659 4238 Con/artato
2689 4189 2890 4226 manus
2912 4174 3230 4240 dissolutas,
3249 4178 3298 4226 et
3326 4188 3508 4240 genua

1909 4260 2111 4311 debilia
2142 4261 2391 4312 roborata
2426 4261 2561 4331 (lsa.
2596 4275 2769 4331 xxxv,
2819 4263 2899 4331 3),
2944 4267 3004 4315 ut
3036 4278 3147 4315 non
3188 4261 3508 4315 claudicans

220 4348 368 4412 ejus.
417 4346 507 4401 Illi
538 4350 762 4417 quidem
795 4355 982 4419 patres
1029 4352 1283 4405 carnales
1308 4352 1379 4405 ad
1425 4353 1528 4405 hoc
1561 4352 1828 4406 erudiunt
1846 4341 1895 4398 D
1913 4347 2038 4418 quis
2057 4353 2227 4411 erret,
2245 4348 2297 4401 id
2317 4354 2421 4414 est,
2448 4356 2511 4402 ut
2530 4366 2640 4403 non
2658 4350 2920 4404 haesitans
2944 4352 3067 4421 quis
3090 4350 3150 4404 in
3180 4351 3288 4405 ﬁde
3320 4349 3510 4404 bonis-

220 4451 344 4498 nos,
380 4441 449 4489 ut
476 4436 610 4505 ipsis
636 4438 813 4491 simus
837 4439 1006 4493 utiles
1036 4441 1343 4494 secundum
1372 4457 1529 4495 suam
1564 4442 1831 4496 volunta—

219 4527 359 4586 tem,
398 4539 523 4593 quae
552 4524 610 4578 in
633 4526 893 4580 omnibus
913 4542 1024 4581 non
1043 4533 1130 4581 est
1154 4527 1306 4581 utilis
1336 4547 1349 4582 :
1378 4528 1529 4582 Deus
1564 4545 1689 4582 vero
1713 4545 1831 4581 om.

221 4609 496 4680 nipotens
550 4612 616 4663 ad
673 4613 861 4666 omnia
891 4613 1050 4667 utilia
1080 4631 1183 4668 nos
1210 4615 1480 4684 instituit,
1523 4622 1586 4668 ut
1634 4616 1835 4670 animae

221 4705 445 4753 nostrae
482 4700 539 4752 in
569 4701 806 4755 salutem
838 4719 1248 4772 consequamur
1266 4711 1323 4757 et
1341 4705 1679 4774 recipiamus
1707 4722 1832 4758 san-

218 4787 631 4842 ctiﬁcationem
663 4790 801 4859 ejus,
836 4790 1096 4845 videlicet
1114 4797 1179 4845 ut
1207 4792 1383 4845 simus
1414 4793 1591 4847 sancti
1624 4810 1831 4847 secun-

219 4876 360 4929 dum
391 4878 692 4946 quemdam
727 4880 977 4945 modum,
1009 4881 1155 4935 sicut
1183 4886 1239 4934 et
1288 4881 1409 4952 ipse
1456 4888 1683 4936 sanctus
1721 4889 1826 4949 est,

213 4963 388 5033 juxta
410 4965 558 5033 quod
588 4966 708 5035 ipse
738 4966 878 5020 dicit
913 4981 925 5015 :
973 4966 1167 5022 Sancti
1204 4974 1382 5035 estote,
1418 4974 1551 5038 quia
1579 4988 1672 5038 ego
1700 4988 1833 5024 san-

220 5059 347 5105 ctus
378 5069 507 5105 sum
531 5056 678 5121 (Leu.
718 5061 819 5123 x1).
860 5055 944 5109 Ad
986 5057 1104 5121 hoc,
1142 5058 1394 5128 inquam,
1428 5075 1528 5111 nos
1561 5059 1746 5111 erudit
1774 5065 1831 5112 et

223 5141 494 5212 castigat,
518 5147 582 5195 ut
612 5159 713 5197 nos
743 5144 951 5198 efﬁciat
977 5145 1175 5215 dignos
1193 5147 1311 5199 suis
1334 5147 1833 5201 muneribus.Una-

223 5246 473 5300 quaeque
515 5232 725 5286 etenim
771 5250 910 5304 gens
940 5236 1245 5289 secundum
1278 5252 1439 5289 suam
1490 5237 1828 5290 voluntatem

222 5318 378 5372 ﬁlios
414 5320 619 5385 erudit,
641 5322 785 5376 sicut
806 5324 1151 5378 consuetudo
1171 5324 1278 5378 fuit
1305 5325 1684 5379 Romanorum
1703 5342 1833 5379 suos

222 5407 383 5461 ﬁlios
414 5408 638 5463 crudire
661 5410 721 5464 in
750 5427 811 5465 re
836 5411 1067 5466 militari
1097 5420 1155 5465 et
1176 5412 1497 5467 Graecorum
1526 5413 1727 5468 litteris
1750 5413 1833 5468 in-

224 5496 479 5551 stituere
506 5513 657 5552 suos.

1915 4452 2023 4507 quc
2054 4436 2315 4505 operibus
2345 4444 2494 4491 erret
2512 4438 2601 4491 via
2624 4439 2994 4505 rectitudinis,
3012 4439 3189 4510 magis
3210 4444 3399 4494 autem
3416 4456 3509 4494 sa-

1915 4528 2082 4577 netur
2098 4540 2131 4576 a
2152 4525 2394 4594 peccatis
2417 4527 2692 4580 credendo
2716 4536 2863 4582 recte
2885 4529 2941 4582 in
2960 4530 3160 4591 Deum,
3182 4545 3254 4583 ac
3279 4529 3326 4583 si
3356 4529 3508 4583 dice-

1917 4619 2040 4669 ret:
2074 4613 2179 4677 Qui
2207 4631 2316 4667 non
2339 4620 2489 4668 recte
2519 4616 2717 4682 credit,
2753 4617 2950 4671 melius
2971 4624 3057 4671 est
3093 4619 3310 4671 ﬁrmius
3339 4623 3396 4671 et
3421 4622 3508 4670 te-

1916 4702 2113 4755 nacius
2138 4702 2329 4755 credat
2354 4708 2631 4773 quatenus
2647 4705 2905 4757 omnibus
2922 4705 3101 4758 modis
3120 4705 3369 4758 inveniat
3397 4720 3510 4758 me-

1916 4791 2153 4844 dicinam
2185 4792 2385 4845 anima}
2410 4809 2543 4846 sum.
2578 4793 2679 4846 His
2702 4797 2896 4846 autem
2932 4793 3110 4847 verbis
3133 4793 3509 4847 harsitationes

1915 4896 2109 4933 eorum
2140 4880 2338 4950 tangit,
2364 4880 2434 4934 ad
2456 4882 2559 4935 hoc
2589 4887 2653 4935 ut
2680 4881 2802 4934 sine
2821 4881 3008 4952 aliqua
3027 4881 3376 4937 dubitatione
3392 4899 3510 4937 crc-

1913 4970 2113 5023 derent
2145 4969 2198 5022 in
2222 4971 2418 5023 Deum.

1982 5060 2171 5111 Pacem
2188 5062 2493 5127 sequimini
2508 5076 2633 5112 cum
2656 5061 2929 5125 omnibus,
2953 5059 3220 5115 subaudis
3252 5060 3429 5126 bonis,
3452 5067 3509 5117 et

1912 5150 2350 5201 sanctimoniam
2374 5151 2491 5201 sine
2511 5164 2620 5215 qua
2645 5164 2800 5202 nemo
2825 5151 3019 5202 ridebit
3045 5152 3233 5205 Deum.
3254 5150 3511 5207 Plurima

1916 5235 2139 5305 quidem
2169 5243 2318 5299 sunt,
2353 5253 2475 5307 quae
2520 5238 2759 5290 formam
2813 5238 3319 5311 discretioncmque
3366 5242 3510 5295 chri-

1916 5324 2219 5378 stianitatis
2262 5326 2584 5391 ostendunt,
2631 5327 2729 5380 sed
2759 5327 2884 5396 plus
2916 5329 3175 5383 omnibus
3212 5347 3279 5384 ac
3309 5331 3510 5384 melius

1914 5413 2204 5466 charitatis
2245 5420 2453 5467 mutua:
2486 5415 2719 5469 all‘ectus
2738 5422 2793 5469 et
2820 5432 2944 5486 pax,
2980 5433 3103 5487 quae
3133 5418 3383 5472 omnium
3415 5419 3512 5471 ho-

1914 5502 2132 5559 minum
2151 5502 2320 5556 corda
2347 5503 2647 5558 consociat.
2668 5506 3021 5577 Quapropter
3048 5506 3185 5560 dicit
3198 5505 3321 5577 ipsa
3352 5504 3512 5561 Veri-
