3992 6166
577 317 680 376 923

997 322 1377 380 HAYMONIS
1415 325 1908 386 HALBERSTAT.
1949 327 2180 385 EPlSC.
2223 328 2382 384 OPP.
2423 329 2608 384 PARS
2645 327 2691 383 Ι.
2735 357 2800 370 -
2841 327 3210 386 COMMENT.
3249 329 3420 388 BIBL.

3686 334 3766 392 92i

577 448 664 502 tas
687 465 700 501 :
722 449 909 503 Pacem
935 450 1190 518 relinquo
1209 450 1680 517 vobis'Joan.x1v,
1702 451 1814 519 ‘27);
1839 455 2114 508 etiterum
2142 471 2153 506 :
2176 454 2346 512 Anus
2377 457 2564 506 autem
2604 453 2828 524 pr0prie
2859 452 3068 506 dicitur
3089 452 3588 524 irreligiosus,un
3609 471 3764 526 porro,

578 535 645 591 In
673 538 770 591 hoc
796 545 1110 606 cognoscent
1147 555 1331 593 omnes
1361 542 1493 608 quia
1523 545 1633 594 mei
1656 545 1782 596 estis
1813 545 2095 612 discipuli,
2127 547 2178 597 si

579 623 924 680 dilectionem
947 627 1254 680 habueritis
1284 629 1357 680 ad
1382 632 1613 682 inricem
1649 632 1749 697 (Id.
1774 631 2009 697 xm,35v;
2044 648 2178 702 pro-

583 715 778 783 pterea
799 715 1100 785 Apostolus
1131 714 1266 769 dicit
1299 733 1311 768 :
1346 717 1536 770 Pacem
1565 723 1868 786 sequimini
1894 737 2018 773 eum
2057 737 2169 774 om-

581 803 746 856 nibus
793 800 972 856 bonis.
1020 803 1180 857 Pacis
1209 811 1399 858 autem
1441 805 1666 861 nomine
1696 807 2054 879 intelligenda
2093 813 2180 862 est

580 887 804 944 dilectio
853 897 912 945 et
965 893 1280 946 concordia.
1315 894 1698 949 Sanctimonia
1745 905 1934 952 autem
1973 897 2180 952 dicitur

580 976 814 1032 castitas
841 979 1046 1034 mentis
1073 986 1130 1034 et
1151 982 1400 1051 corporis
1431 998 1495 1035 ac
1525 983 1569 1036 si
1600 983 1810 1038 diceret
1829 986 1938 1043 :Ita
1959 985 2174 1054 diligite

577 1077 771 1120 omnes
791 1066 961 1122 bonos
979 1073 1040 1122 ut
1063 1070 1446 1141 vosmetipsos,
1470 1078 1526 1124 et
1547 1072 1626 1125 sic
1657 1072 1713 1126 in
1741 1074 1893 1128 vobis
1921 1075 2170 1140 castitas,

577 1153 692 1208 sive
719 1155 997 1211 munditia
1021 1158 1224 1212 mentis
1260 1165 1316 1212 et
1333 1161 1600 1230 corporis.
1620 1161 1882 1232 quoniam
1906 1163 2025 1216 sine
2039 1178 2174 1234 pace

579 1247 636 1296 et
655 1243 1028 1300 sanctimonia
1048 1262 1213 1300 nemo
1243 1247 1465 1306 vidediL
1487 1249 1679 1304 Deum.
1715 1253 1867 1304 Beati
1894 1256 2043 1304 enim
2070 1267 2174 1320 pa-

578 1335 1012 1400 ciﬁci,quoniam
1044 1339 1152 1402 ipsi
1169 1337 1280 1402 ﬁlii
1304 1338 1396 1389 Dei
1410 1339 1770 1392 vocabantur.
1794 1341 1946 1394 Beati
1965 1343 2174 1394 mundo

581 1421 1027 1488 corde,quoniam
1063 1424 1169 1490 ipsi
1197 1425 1369 1476 Deum
1398 1427 1657 1478 ridebunt
1687 1428 1902 1491 (Matth.
1933 1430 2005 1496 v).
2039 1429 2173 1482 (70n-

585 1509 902 1574 temptantes
957 1514 1148 1578 nequis
1202 1513 1340 1566 desit
1403 1519 1599 1580 gratize
1663 1517 1775 1568 Dei.
1836 1517 1978 1580 Quid
2040 1517 2175 1572 dicit

582 1595 1043 1666 contemplantes,
1074 1598 1128 1652 id
1158 1606 1242 1653 est
1279 1600 1574 1671 diligenter
1617 1605 1970 1660 attendentes
2003 1612 2174 1677 atque

581 1681 1019 1748 considerantes,
1051 1692 1113 1741 ut
1136 1688 1261 1757 quis
1293 1697 1535 1744 vestrum
1568 1691 1702 1745 dicit
1729 1695 1915 1762 gratia
1950 1695 2070 1760 Dei,
2095 1696 2176 1750 sic

2258 541 2313 594 id
2345 548 2428 595 est
2457 543 2620 611 longe
2649 558 2681 594 a
2711 543 2838 594 iano
2870 548 2927 594 et
2951 541 3162 611 templo
3183 541 3298 599 Dei.
3323 542 3406 596 hic
3422 550 3590 597 autem
3611 561 3694 616 pro
3708 562 3774 600 ca-

2259 630 2578 701 strimargo,
2601 631 2714 684 sive
2745 646 2844 700 pro
2874 630 2970 683 illo
3003 631 3096 700 qui
3124 631 3263 683 utile
3288 645 3385 700 pro
3415 631 3583 685 inutili
3607 634 3771 698 vendit,

2261 719 2510 789 ponitur.
2552 719 2707 782 Quod
2732 717 2874 772 bene
2905 719 3165 788 congruit
3185 719 3346 778 Esau.
3377 720 3465 790 qui
3499 719 3596 773 fuit
3619 721 3773 775 castri-

2261 823 2490 877 margus
2511 815 2680 878 atque
2698 807 2948 877 gulosus,
2964 807 3208 860 vendens
3227 806 3577 878 primogenita
3599 823 3681 862 sua
3699 825 3772 880 pro

2260 896 2351 949 vili
2383 896 2523 953 cibo,
2551 912 2652 967 pro
2684 896 2946 949 lenticula
2971 895 3178 949 scilicet
3196 895 3334 949 ruta.
3354 895 3691 966 Primogenita
3706 913 3775 951 au-

2261 991 2372 1038 tem
2404 986 2512 1039 isto
2553 985 2612 1038 in
2655 985 2775 1038 loco
2808 985 3165 1055 appellantur
3193 985 3370 1038 honor
3405 990 3459 1037 et
3485 984 3696 1054 dignitas
3716 1001 3776 1040 sa-

2255 1073 2511 1129 cerdotii.
2547 1075 2690 1128 Ante
2718 1073 3094 1128 sacerdotium
3114 1073 3262 1127 enim
3292 1077 3492 1140 Aaron,
3520 1089 3618 1144 quo
3640 1087 3669 1126 a
3691 1073 3774 1128 Deo

2255 1164 2620 1217 constitutum
2641 1167 2726 1216 est
2755 1163 2811 1216 in
2835 1163 2976 1232 lege.
2997 1177 3191 1216 omnes
3211 1162 3556 1232 primogeniti
3575 1163 3775 1216 sacerdo-

2257 1257 2342 1307 tes
2371 1257 2530 1306 erant
2557 1252 2702 1306 sicut
2729 1251 2835 1305 fuit
2873 1249 3002 1306 Sem
3047 1251 3144 1322 qui
3185 1256 3240 1304 et
3289 1250 3663 1305 Melchisedech
3697 1251 3777 1321 pri-

2258 1341 2578 1410 mogenitus
2615 1339 2762 1394 filius
2809 1341 2925 1394 Noe
2955 1339 3079 1393 fuit.
3113 1340 3318 1409 Magna
3361 1339 3555 1392 etenim
3589 1337 3776 1408 dignitas

2257 1439 2378 1483 erat
2411 1429 2614 1483 habere
2644 1429 3040 1499 primogenita,
3073 1427 3337 1498 quoniam
3361 1434 3416 1481 et
3439 1427 3502 1480 de
3528 1426 3778 1481 substantia

2259 1523 2428 1577 atque
2458 1518 2784 1572 haereditate
2817 1524 3053 1586 paterna
3100 1516 3376 1585 majorem
3416 1516 3693 1586 portionem
3714 1532 3778 1568 su-

2259 1606 2708 1666 mebant,vestim
2717 1610 3088 1674 entorumque
3101 1609 3303 1658 ornatu
3329 1604 3632 1674 locupletior
3643 1603 3778 1674 splen-

2259 1694 2445 1748 debat.
2480 1695 2639 1748 Unde
2668 1695 2880 1764 legitur
2908 1694 2964 1747 in
2997 1691 3224 1759 Genesi,
3257 1692 3405 1763 quod
3433 1692 3653 1746 Rebecca
3670 1690 3779 1744 scci-

579 1769 831 1842 loquitur
859 1787 982 1828 cum
1016 1775 1096 1828 eis
1125 1781 1392 1848 tanquam
1410 1795 1536 1832 cum
1566 1781 1890 1843 viatoribus.
1926 1784 2021 1854 qui
2045 1801 2169 1838 cum
2194 1764 2241 1823 Β
2256 1783 2417 1854 piens
2446 1783 2776 1836 vestimenta
2800 1783 2947 1836 Esau
2971 1782 3129 1834 valde
3157 1780 3329 1844 bona,
3360 1797 3478 1852 qua:
3497 1779 3626 1851 apud
3651 1778 3780 1833 sedo-

579 1873 816 1915 numero
861 1867 917 1916 et
941 1865 1212 1919 comitatu
1263 1865 1320 1920 in
1371 1868 1537 1938 longa
1566 1869 1772 1924 itinera
1805 1879 2174 1941 permaneant

580 1948 782 2018 quibus
802 1951 944 2006 solet
968 1949 1154 2007 dicere
1185 1953 1230 2008 is
1260 1954 1354 2025 qui
1384 1957 1464 2010 eis
1493 1963 1723 2027 prmest:
1754 1960 1949 2014 Videte
1967 1976 2036 2014 ne
2067 1961 2172 2016 ali-

581 2037 706 2106 quis
736 2046 1026 2095 remaneat
1055 2043 1146 2113 qui
1179 2059 1292 2098 non
1322 2052 1522 2114 pergat
1563 2047 1887 2112 nobiseum;
1928 2049 2095 2104 veluti
2124 2051 2170 2104 si

578 2123 789 2181 diceret
819 2147 829 2182 :
862 2127 986 2182 Non
1018 2129 1121 2184 hoc
1151 2136 1368 2185 tantum
1401 2135 1645 2205 requiro,
1682 2141 1744 2190 ut
1774 2153 1866 2190 vos
1907 2137 2008 2192 soli
2037 2154 2172 2209 gra-

576 2213 715 2269 tiam
745 2219 1184 2288 consequamini.
1221 2221 1574 2293 patriamque
1615 2226 1895 2280 caelestem
1927 2227 2167 2294 intretis,

579 2303 675 2358 sed
706 2305 874 2359 etiam
899 2306 1206 2378 inspicietis
1228 2313 1285 2362 et
1307 2315 1554 2364 caeteros.
1579 2313 1830 2368 Gratiam
1845 2323 2032 2370 autem
2067 2314 2173 2371 Dei

579 2391 732 2458 dicit,
757 2393 944 2454 ﬁdem.
962 2410 1138 2466 Spem,
1172 2402 1230 2450 et
1248 2397 1600 2466 charitatem,
1625 2417 1725 2472 per
1755 2419 1894 2473 quas
1925 2411 2176 2459 meretur

582 2481 753 2536 homo
777 2483 1018 2553 gratiam
1047 2485 1150 2540 Dei
1181 2483 1592 2560 invenire,quia
1610 2505 1734 2544 cum
1759 2491 1881 2546 istis
1901 2491 2086 2556 habet,
2119 2501 2175 2548 et

578 2570 847 2641 reliquas.
871 2574 993 2628 Sive
1019 2574 1262 2644 gratiam
1285 2575 1381 2630 Dei
1412 2577 1544 2632 dicit
1569 2580 1954 2636 remissionem
1986 2599 2174 2652 pecca-

578 2663 789 2727 torum,
819 2679 942 2732 quaa
973 2663 1132 2717 nobis
1169 2665 1347 2734 gratis
1373 2665 1541 2720 datur
1581 2683 1613 2722 a
1644 2670 1758 2723 Deo
1784 2670 1840 2724 in
1874 2669 2168 2742 baptismo.

577 2748 793 2815 Videte,
823 2751 1025 2822 inquit,
1055 2768 1127 2806 ne
1157 2753 1280 2823 quis
1309 2761 1556 2810 vestrum
1588 2758 1804 2812 alienus
1835 2760 1910 2812 sit
1938 2777 1969 2814 a
1989 2761 2174 2830 gratia

573 2837 698 2918 _Dei,
723 2855 844 2910 quae
871 2840 1040 2896 datur
1066 2843 1125 2895 in
1171 2841 1528 2912 baptismate,
1561 2847 1645 2900 vel
1689 2864 1722 2901 a
1765 2848 1874 2902 fide
1904 2849 2168 2920 perfecta,

576 2927 905 3000 ceterisque
958 2929 1274 2996 virtutibus,
1309 2948 1375 2986 ne
1422 2950 1530 3002 qua
1560 2938 1729 2990 radix
1765 2940 2171 2992 amaritudinis

2256 1872 2333 1924 mi
2365 1871 2630 1938 habebat,
2652 1871 2840 1924 induit
2862 1886 2926 1924 ea
2955 1869 3142 1932 Iacob,
3163 1871 3356 1942 sicque
3375 1869 3590 1922 adduxit
3609 1882 3713 1922 eum
3728 1867 3780 1921 ad

2255 1966 2471 2028 patrem
2497 1961 2848 2030 (Gen.xxvn).
2873 1959 2979 2023 Qui
2997 1965 3060 2013 ut
3075 1959 3253 2012 sensit
3277 1959 3523 2019 odorem,
3542 1957 3781 2010 vestimen-

2253 2052 2552 2120 torumque
2573 2050 2695 2118 ejus
2705 2047 3095 2118 fragrantiam,
3115 2047 3284 2101 dixit:
3326 2049 3452 2100 Ecce
3463 2047 3584 2099 odor
3599 2048 3688 2111 ﬁlii
3701 2046 3781 2097 mei

2254 2141 2416 2207 quasi
2434 2139 2710 2205 odoragri
2733 2139 2932 2203 (Ibid.,.
2955 2136 3100 2200 Quia
3123 2152 3258 2207 ergo
3284 2135 3639 2190 interJudaaos
3661 2139 3782 2187 erant

2253 2226 2480 2297 quidam
2503 2231 2808 2279 sectatores
2832 2225 2977 2278 Esau
3001 2223 3056 2276 in
3087 2223 3457 2278 fornicatione
3468 2228 3622 2292 atque
3635 2220 3782 2275 castri-

2257 2315 2497 2385 margia,
2515 2314 2734 2368 reducit
2759 2313 2840 2368 eis
2869 2314 3168 2384 Apostolus
3187 2312 3258 2366 ad
3285 2311 3596 2366 memoriam
3622 2310 3780 2363 factum

2259 2402 2426 2462 Esau.
2461 2404 2694 2457 hortans
2719 2403 3026 2456 cavendum
3057 2400 3127 2455 ab
3155 2401 3416 2456 omnibus
3461 2399 3582 2458 illis,
3607 2413 3667 2452 ne
3689 2399 3781 2467 quis

2256 2493 2336 2546 illi
2364 2492 2563 2546 similis
2601 2493 2760 2546 fleret
2802 2493 2896 2562 qui
2927 2507 3028 2562 pro
3057 2490 3428 2544 delectatione
3456 2487 3782 2558 temporalium

2258 2597 2468 2641 rerum.
2501 2597 2678 2651 usque
2699 2581 2768 2634 ad
2801 2580 3091 2634 vendenda
3119 2594 3222 2632 sua
3253 2577 3611 2650 primogenita
3635 2587 3782 2646 pem.

2257 2671 2360 2725 nit.
2385 2671 2618 2740 Propria
2637 2669 2914 2740 siquidem
2937 2668 3283 2738 negligentia
3310 2673 3368 2722 et
3391 2665 3668 2738 cupiditate
3691 2679 3782 2716 ven-

2255 2759 2399 2813 didit
2419 2760 2880 2828 honorem,quem
2907 2773 2940 2810 a
2959 2758 3072 2811 Deo
3102 2761 3450 2826 perceperat,
3469 2761 3520 2809 et
3546 2770 3632 2825 pro
3655 2767 3783 2823 pem

2255 2865 2316 2902 re
2347 2863 2607 2918 magnam
2637 2847 2872 2917 gloriam
2901 2845 3161 2916 perdidit.
3189 2845 3514 2900 Postremus
3530 2843 3684 2898 factus
3704 2843 3780 2902 est,

2255 2938 2350 3009 qui
2381 2943 2503 2992 erat
2528 2937 2742 3007 primus
2777 2943 2868 2989 :et
2891 2935 2986 3006 qui
3019 2941 3142 2988 erat
3166 2934 3468 2998 secundus,
3498 2931 3678 2987 mansit
3697 2927 3784 3000 pri-

575 3027 799 3071 sursum
813 3022 1138 3085 germinans
1155 3021 1491 3095 i_1npediat,et
1506 3039 1605 3091 per
1621 3028 1779 3079 illam
1800 3029 2171 3095 inquinentur
2191 3078 2230 3095 η
2255 3043 2399 3082 mus.
2421 3028 2620 3082 Scitote
2631 3029 2782 3080 enim
2802 3029 3066 3092 quoniam
3087 3029 3268 3093 postea
3290 3027 3508 3092 cupiens
3519 3021 3776 3075 heredium

575 3107 764 3158 multi.
798 3105 1058 3162 Radicem
1091 3089 1482 3164 amaritudinis
1506 3115 1661 3166 vocat
1689 3078 2030 3170 voluntatem
2054 3131 2168 3171 ma-
2189 3078 2232 3137 Ο
2257 3118 2698 3180 benedictionem,
2734 3114 3056 3182 reprobatus
3082 3117 3177 3174 est,
3198 3111 3468 3166 subaudis
3486 3127 3518 3165 a
3545 3111 3658 3164 Deo.
3673 3108 3782 3162 Nar-

575 3187 1596 3266 lampravamqueintentionem,unde
1617 3202 2166 3274 proceditpeccatum
2251 3210 2341 3257 rat
2389 3202 2628 3257 historia
2677 3201 2911 3255 Genesis
2937 3201 3146 3271 (Ibid.),
3178 3200 3331 3270 quod
3374 3200 3515 3253 Esau
3554 3199 3781 3250 revertens

575 3280 984 3337 amaritudinis.
1009 3283 1149 3336 Nam
1171 3283 1314 3338 sicut
1338 3287 1494 3342 radix
1515 3305 1707 3344 amara
1740 3291 2168 3365 ﬁ'uctusﬁulces
2251 3293 2318 3345 de
2349 3308 2503 3362 agro.
2536 3298 2598 3345 ut
2617 3289 2889 3360 comperit
2915 3305 2975 3342 se
2998 3294 3347 3359 praeventum
3377 3304 3410 3341 a
3441 3287 3600 3341 fratre
3628 3283 3687 3336 ad
3707 3279 3777 3334 be-

573 3379 687 3421 non
717 3375 901 3438 potest
923 3375 1192 3444 proferre.
1245 3378 1340 3431 sed
1373 3378 1458 3432 sui
1485 3377 1717 3441 similes,
1763 3379 1868 3433 hoc
1893 3385 1979 3433 est
2008 3395 2166 3434 ama-

572 3467 686 3522 ros,
701 3457 1038 3528 sulphureus
1066 3480 1288 3539 quoque
1316 3467 1441 3522 fons
1471 3483 1647 3538 aquas
1669 3483 1779 3521 non
1825 3468 2034 3522 emittit
2063 3469 2165 3524 ha-

572 3541 712 3600 biles
747 3545 818 3602 ad
870 3548 1190 3622 bibendum,
1221 3555 1303 3611 ita
1358 3555 1502 3610 mala
1542 3557 1796 3610 voluntas
1840 3561 1895 3610 et
1924 3557 2162 3613 intentio

568 3647 741 3704 prava
751 3638 954 3694 malam
965 3644 1343 3712 operationem
1358 3649 1414 3699 et
1427 3649 1652 3715 peccatu
1661 3659 1708 3698 m
1729 3645 2122 3700 amaritudinis
2135 3664 2168 3701 a

568 3737 630 3776 se
650 3726 918 3782 emittunt
937 3731 1140 3800 quibus
1165 3733 1470 3805 impeditur
1494 3734 1601 3788 iter
1621 3731 1688 3787 ad
1712 3735 1951 3804 patriam
1974 3752 2166 3790 ascen-

569 3811 738 3868 dendi
765 3813 1250 3892 ccelestem,atque
1279 3839 1378 3892 per
1406 3821 1556 3874 illam
1583 3821 1788 3875 malum
1817 3822 2159 3877 voluntatem

571 3900 641 3954 de
699 3916 810 3974 qua
853 3909 1162 3976 procedunt
1214 3911 1428 3964 semina
1479 3909 1766 3981 nequitiae,
1797 3911 2165 3981 inquinantur

572 3989 756 4055 inulti,
773 3993 903 4064 quia
926 3997 1208 4052 modicum
1227 3998 1560 4052 fermentum
1584 4005 1760 4052 totam
1785 4015 2025 4054 massam
2047 4017 2164 4054 cor-

537 4082 803 4150 ‘rumpit,
859 4089 916 4136 et
967 4101 1080 4140 uno
1110 4093 1335 4156 peccato
1365 4087 1740 4155 infidelitatis,
1774 4089 1964 4142 omnia
1995 4105 2164 4158 opera

572 4183 696 4237 quae
721 4176 981 4240 poterant
1011 4173 1156 4228 bona
1175 4192 1297 4229 esse
1323 4176 1719 4246 depravantur,
1745 4184 1800 4230 et
1827 4194 1936 4231 uno
1967 4193 2166 4248 pecca-

569 4257 695 4308 tore
724 4257 884 4311 multi
905 4260 1356 4331 coinquinentur.
1390 4263 1564 4317 Radix
1593 4265 1742 4318 enim
1773 4265 2166 4320 amaritudinis

2249 3380 2623 3434 nedictionem
2658 3379 2854 3450 patris,
2882 3377 3024 3430 dixit
3049 3393 3173 3430 cum
3215 3376 3484 3448 lacrymis
3520 3382 3574 3428 et
3595 3373 3784 3426 clamore

2249 3485 2452 3539 magno
2474 3489 2484 3522 :
2505 3471 2654 3524 Num
2669 3483 2844 3521 unam
2869 3466 3294 3520 benedictionem
3317 3467 3493 3528 habes,
3507 3466 3684 3532 pater?
3704 3459 3782 3512 Be-

2245 3559 2408 3612 nedic
2425 3558 2593 3611 etiam
2615 3563 2672 3610 et
2691 3555 2958 3610 mihi.Cui
2981 3553 3140 3608 Isaac
3158 3554 3484 3608 :Dominum
3506 3558 3647 3606 tuum
3664 3548 3779 3600 illum

2251 3646 2602 3711 constitui,et
2619 3643 2874 3711 υἱεῖ-ε,ῐίιὶ
2898 3639 3098 3705 mi,tibi
3115 3641 3246 3712 quid
3261 3641 3491 3696 faciam?
3504 3640 3662 3705 (Ibid)
3679 3635 3786 3689 Tan-

2251 3735 2375 3788 dem
2391 3733 2730 3789 victusIsaac
2746 3730 3084 3786 clamoribus
3099 3730 3438 3792 illius,dedit
3451 3730 3500 3783 ei
3513 3722 3785 3781 benedictio-

2247 3840 2374 3878 nem
2397 3823 2467 3878 de
2484 3823 2696 3877 divitiis
2709 3821 2877 3890 hujus
2893 3819 3096 3874 surculi:
3117 3825 3247 3872 etut
3261 3819 3320 3872 in
3337 3819 3784 3889 hisquseterrapro-

2246 3913 2356 3968 felt
2375 3913 2689 3966 abundaret
2711 3911 2902 3964 dicens
2931 3927 2942 3962 :
2961 3911 3027 3964 In
3045 3909 3386 3976 pinguedine
3403 3913 3552 3961 terra
3565 3910 3608 3958 et
3627 3906 3676 3956 in
3692 3913 3782 3952 rore

2246 4005 2363 4056 cali
2409 4003 2654 4070 desuper,
2715 4003 2820 4053 erit
2866 3999 3161 4052 benedictio
3213 4003 3314 4050 tua
3371 3997 3564 4064 (lbid.).
3591 3990 3784 4062 Apparet

2247 4107 2380 4160 ergo
2407 4091 2538 4162 quia
2576 4105 2703 4143 cum
2739 4089 3008 4141 voluisset
3032 4085 3370 4140 hmreditare
3402 4081 3780 4139 benedictionem

2247 4185 2561 4250 paternam.
2589 4177 2922 4248 dignitatem
2951 4175 3204 4228 videlicet
3237 4173 3534 4229 sacerdotii
3563 4171 3778 4240 recipere.

2248 4284 2371 4338 quae
2394 4271 2514 4337 jam
2537 4267 2801 4320 amiserat
2819 4279 3036 4318 necnon
3059 4268 3116 4316 et
3136 4264 3494 4318 sanctitatem
3517 4259 3670 4332 patris
3685 4267 3779 4308 cum

573 4343 892 4412 specialiter
908 4355 1197 4417 peccatum
1228 4351 1576 4406 infidelitatis
1603 4359 1784 4424 potest
1809 4353 2065 4423 intelligi,
2094 4355 2164 4408 li-
2183 4393 2230 4451 D
2249 4355 2451 4426 spiritu
2471 4353 3043 4426 prophetia),peccatis
3063 4351 3498 4422 impedientibus
3514 4349 3578 4451 ad
3601 4349 3783 4451 hocper-

574 4434 665 4484 cet
691 4432 760 4486 ad
789 4435 996 4489 malam
1020 4439 1382 4507 voluntatem,
1425 4447 1595 4511 atque
1643 4442 2012 4496 intentionem
2062 4459 2162 4496 nc-
2185 4432 2228 4451 υ
2246 4445 2446 4498 ductus
2475 4449 2579 4512 est,
2613 4449 2675 4498 ut
2700 4441 3097 4515 reprobaretur
3123 4456 3158 4494 a
3183 4441 3319 4506 Deo,
3344 4448 3402 4494 et
3430 4438 3741 4493 fraudaretur
3759 4443 3783 4479 a

576 4535 766 4589 quam,
794 4529 858 4578 ut
885 4523 1150 4598 diximus,
1180 4528 1475 4584 referatur.
1506 4531 1574 4584 Et
1593 4547 1840 4600 congrue
1871 4537 2161 4602 peccatum
2247 4533 2420 4587 fratre
2452 4531 2833 4586 benedictione
2863 4535 3118 4602 paterna.
3143 4528 3302 4583 Unde
3323 4535 3381 4582 et
3405 4529 3664 4598 sequitur:
3689 4520 3782 4574 Νοη

574 4623 828 4666 amarum
858 4612 999 4668 dixit
1023 4633 1162 4684 esse,
1198 4619 1461 4689 quoniam
1493 4619 1632 4674 nihil
1671 4620 1918 4673 amarius
1957 4627 2042 4674 est
2068 4620 2165 4674 illo
2247 4626 2397 4675 enim
2428 4623 2636 4675 inrenit
2658 4622 2994 4690 paenitentia:
3023 4621 3220 4676 locum.
3250 4631 3566 4684 quanquam
3592 4625 3700 4666 cum
3723 4609 3784 4659 ια·

575 4705 871 4772 postquam
909 4703 1081 4760 fuerit
1126 4713 1530 4779 perpetratum.
1575 4709 1733 4772 Quod
1785 4711 2166 4779 experimento
2247 4714 2456 4780 erg/mis
2479 4712 2800 4779 inquisisset
2829 4723 2970 4762 eam.
2996 4707 3183 4770 Quare
3204 4721 3316 4758 non
3343 4703 3551 4758 invenit
3568 4699 3785 4772 ρωιιὶῐειι·

575 4797 905 4857 agnoscunt,
938 4793 1035 4863 qui
1059 4801 1182 4864 post
1209 4796 1516 4849 admissum
1561 4794 1850 4859 delictum.
1879 4797 2166 4852 conscien-
2248 4798 2340 4853 tias
2390 4799 2594 4861 locum,
2622 4798 2679 4852 id
2725 4803 2810 4851 est
2851 4796 3068 4850 veniam
3101 4809 3201 4865 per
3230 4793 3627 4864 paenitentiam,
3656 4797 3784 4858 quam

575 4876 666 4930 tiae
689 4893 925 4934 maerore
952 4890 1326 4948 macerantur,
1361 4883 1595 4954 diraque
1621 4885 1758 4940 satis
1789 4885 2166 4940 amaritudine
2249 4903 2374 4940 cum
2397 4886 2663 4958 lacrymis
2685 4883 2975 4956 quaesivit?
2991 4883 3135 4947 Quia
3155 4882 3233 4935 ita
3257 4897 3371 4936 non
3395 4879 3634 4952 quaesivit
3646 4881 3698 4929 ut
3711 4871 3786 4925 de-

575 4977 981 5024 consumuntur
1028 4971 1084 5024 in
1122 4979 1341 5026 tantum
1388 4979 1451 5026 ut
1477 4973 1796 5028 amaritudo
1829 4974 2004 5045 ipsius
2033 4975 2166 5029 deli-
2247 4975 2686 5046 buit.Lacrymte
2703 4969 3401 5040 enimillteindignationis
3422 4962 3786 5036 fueruntpotiuS

577 5053 671 5120 cti,
697 5055 880 5126 ipsum
906 5058 1273 5122 intellectum,
1308 5061 1600 5132 ipsamque
1631 5063 1907 5116 rationem
1955 5064 2166 5134 aliquo-
2247 5064 2436 5118 amissi
2455 5064 2681 5117 honoris
2705 5069 2763 5116 et
2789 5061 3037 5116 rancoris
3066 5066 3258 5113 contra
3280 5058 3506 5113 fratrem
3538 5069 3684 5128 quam
3711 5049 3786 5103 hu-

570 5143 676 5198 ties
695 5145 1002 5214 subvertat,
1043 5149 1188 5204 sicut
1207 5149 1277 5203 de
1308 5151 1446 5206 Cain
1477 5149 1717 5222 legimus
1749 5151 1845 5222 qui
1867 5151 1926 5204 in
1965 5153 2164 5225 despe-
2245 5153 2500 5207 militatis
2525 5169 2775 5223 veraeque
2795 5147 3316 5222 pcenitentitemnde
3344 5155 3403 5202 et
3422 5147 3582 5202 dixit:
3615 5139 3786 5198 Venient

568 5233 844 5289 rationem
867 5237 997 5290 ruit,
2243 5243 2356 5296 dies
2371 5244 2548 5295 luctus
2560 5243 2744 5309 patris
2763 5242 2871 5293 mei
2887 5244 2948 5292 ut
2961 5239 3204 5292 occidam
3219 5238 3385 5290 Jacob
3399 5239 3626 5304 fratrem
3637 5240 3782 5321 tuo"?

630 5324 710 5377 Ne
738 5328 862 5394 quis
885 5326 1198 5392 fornicator
1217 5333 1320 5380 aut
1342 5330 1616 5396 profanus
1643 5335 1704 5383 ut
1737 5329 2010 5398 Esa'r,qui
2034 5346 2160 5399 pro-
2241 5331 2452 5400 (Ibid),
2477 5336 2820 5400 quapropter
2840 5339 3161 5399 quanquam
3191 5341 3316 5378 cum
3345 5323 3603 5412 laerymis
3639 5320 3785 5412 inqu!-

552 5416 678 5481 pter
699 5428 870 5466 unam
895 5429 1070 5467 escam
1099 5417 1728 5488 cendiditprimogenita
1756 5419 2150 5472 sua.Fornica-
2239 5418 2403 5472 sisset
2438 5434 2582 5483 eam,
2620 5419 2738 5488 jam
2771 5417 2838 5470 ad
2874 5415 3031 5470 illum
3065 5416 3244 5468 locum
3297 5409 3677 5466 benedictionis
3702 5417 3785 5488 non

556 5503 647 5555 tor
672 5501 988 5572 appellatur
1019 5502 1285 5574 Esau,qui
1313 5483 1508 5560 contra
1540 5483 1881 5561 voluntatem
1911 5506 2153 5578 patriset
2234 5507 2419 5578 potuit
2447 5483 2738 5578 pervenire
2765 5513 2829 5560 ut
2857 5507 3034 5559 frater
3062 5522 3194 5558 suus
3279 5503 3364 5556 lta
3392 5501 3538 5557 enim
3567 5483 3788 5588 debuerit:t

553 5589 752 5644 matris
787 5605 987 5645 uxores
1016 5591 1363 5664 alienigenas
1393 5594 1554 5650 duxit
1568 5597 1724 5666 (Gen.
1749 5596 2153 5668 xxxvx).Profa-
2245 5596 2536 5666 penitere,
2572 5596 2718 5650 sicut
2741 5595 2810 5649 de
2851 5596 3018 5650 Petro
3061 5595 3322 5665 legimus,
3355 5591 3451 5664 qui
3493 5605 3614 5646 cum
3637 5587 3787 5641 Domi-
