3992 6166
279 309 382 369 925

943 311 1323 367 EXPOSITIO
1362 313 1441 368 IN
1479 313 1632 368 EPP.
1677 313 1731 367 S.
1775 311 2010 367 PAULI.
2058 342 2120 352 —
2161 311 2240 367 IN
2278 310 2501 366 EPIST.
2546 310 2641 365 AD
2683 310 2897 367 HEBR.

3446 309 3554 365 926

277 450 417 489 num
446 442 953 504 negasset,egressus
972 438 1125 504 foras
1153 438 1298 505 flevit
1329 452 1522 491 amare
1550 438 1867 506 (Luc.xx1|).
1895 441 1934 495 Α
1957 441 2194 489 ruerunt
2246 452 2428 506 neque
2466 436 2584 489 visa
2622 441 2757 489 sunt
2803 434 2964 505 signa
3005 431 3209 505 quibus
3246 438 3549 502 terrentur,

277 522 491 578 Idcirco
522 524 603 578 illi
624 525 917 580 dimissum
941 530 1027 580 est
1054 532 1168 579 tam
1189 525 1401 596 grande
1423 535 1707 597 peccatum
1731 542 1869 596 quo-

274 611 427 667 niam
460 614 607 668 sicut
634 614 831 669 debuit
844 615 1228 685 paenitentiam
1246 615 1513 684 egit.Non
1529 618 1678 668 enim
1693 631 1872 667 acces-

274 703 421 754 sistis
434 702 508 754 ad
520 704 861 756 tractabilem
881 710 928 756 et
941 703 1316 758 accessibilem
1335 707 1515 771 ignem
1529 709 1576 757 et
1590 707 1869 759 turbinem

272 794 321 843 et
338 791 635 857 caliginem
665 796 715 844 et
748 794 1067 859 procellam,
1101 797 1149 845 et
1199 794 1337 845 tuba
1367 809 1583 855 sonum,
1617 798 1665 846 et
1692 810 1869 848 rocem

270 878 581 932 verborum.
612 878 730 932 Mos
757 884 843 934 est
886 880 1114 934 illorum
1155 880 1251 951 qui
1293 880 1741 951 comparationes
1789 882 1867 935 fa-

270 965 445 1030 ciunt,
482 972 545 1020 ut
577 965 815 1020 alteram
858 974 1075 1037 partem
1123 969 1445 1040 deprimant
1490 977 1661 1040 atque
1713 975 1866 1024 exte-

269 1058 465 1113 nuent,
498 1061 563 1108 ut
589 1071 678 1108 res
705 1056 936 1110 alterius
978 1057 1152 1126 partis
1172 1059 1420 1112 emineat
1447 1059 1534 1112 Sic
1565 1066 1621 1113 et
1649 1065 1868 1130 aposto-

268 1141 357 1196 lus
388 1159 455 1197 ex
484 1145 899 1213 comparatione
925 1146 1146 1199 illorum
1179 1162 1301 1216 quae
1331 1147 1562 1201 fuerunt
1588 1148 1645 1201 in
1676 1147 1865 1202 Veteri

265 1231 649 1309 Testamento,
698 1242 899 1287 nostra
956 1235 1171 1303 majora
1220 1236 1466 1289 ostendit
1501 1242 1558 1289 et
1605 1237 1859 1299 clariora,

1953 525 2097 578 sicut
2134 527 2359 596 quando
2390 527 2474 580 lex
2496 526 2630 579 data
2658 531 2767 581 est.
2801 525 3106 595 Sequitur:
3142 527 3319 593 Quam
3361 539 3551 578 vocem

1951 614 2217 668 tubarum
2245 621 2300 669 et
2319 617 2667 685 angelorum,
2697 618 2795 684 qui
2822 616 3128 668 audierunt
3155 618 3553 667 excusaverunt

1951 719 2023 767 se,
2060 718 2125 757 ne
2163 707 2239 756 eis
2265 706 2414 770 ﬁeret
2455 705 2698 768 verbum,
2723 703 2776 756 id
2812 708 2915 767 est,
2945 718 3017 756 ne
3062 703 3143 756 eis
3191 703 3544 771 loqueretur.

1950 791 2075 844 Non
2113 795 2263 844 enim
2288 794 2589 860 portabant
2618 793 2763 860 quod
2782 792 3067 845 dicebatur
3090 792 3163 845 ad
3189 807 3293 855 eos,
3326 791 3430 845 hoc
3467 799 3554 845 est

1952 895 2062 933 non
2092 886 2355 950 poterant
2389 880 2534 935 ferre
2575 895 2763 934 vocem
2788 880 2973 950 angeli
3003 896 3118 950 prae
3154 880 3376 939 timore.
3400 879 3549 934 unde

1950 974 2006 1022 et
2033 968 2295 1022 dixerunt
2326 968 2503 1040 Moysi
2530 987 2541 1021 :
2572 971 2804 1037 Loquere
2839 973 2909 1023 tu,
2932 972 3103 1033 nobis,
3137 984 3248 1022 non
3284 971 3548 1036 loquatur

1950 1059 2100 1110 nobis
2130 1058 2416 1122 Dominus,
2439 1074 2503 1110 ne
2532 1060 2671 1124 forte
2698 1060 3017 1110 moriamur
3047 1057 3549 1127 (Erod.xx).Nimio

1949 1145 2096 1198 enim
2126 1146 2327 1199 timore
2356 1146 2580 1206 fuerant
2610 1146 2869 1215 perculsi,
2905 1146 3158 1200 videntes
3183 1150 3364 1199 totum
3392 1160 3547 1200 mon-

1947 1240 2061 1287 tem
2083 1234 2214 1288 Sina
2246 1235 2462 1287 fumare
2490 1235 2761 1303 procellas
2791 1250 3012 1304 quoque
3041 1239 3099 1287 et
3114 1235 3367 1288 tonitrua
3382 1240 3439 1288 et
3458 1250 3551 1288 vo-

264 1321 650 1375 mansuetiora
674 1339 894 1393 quoque
923 1328 980 1376 et
1010 1324 1241 1377 meliora
1270 1329 1439 1394 atque
1492 1324 1865 1379 admiratione
1934 1338 2037 1375 ces
2068 1321 2329 1376 tubarum
2366 1324 2641 1389 (lbid.).Et
2662 1323 2710 1374 si
2738 1325 2904 1375 bestia
2928 1325 3166 1389 tetigerit
3184 1327 3441 1384 montem,
3469 1327 3547 1376 ια-

266 1408 620 1478 digna.Facit
650 1411 798 1464 enim
826 1428 975 1465 nunc
1004 1413 1377 1466 dill‘erentiam
1414 1414 1559 1466 inter
1583 1415 1866 1468 Christum
1946 1413 2254 1478 pt'dabl'tur.
2291 1411 2555 1465 subaudis
2576 1410 2854 1480 lapidibus
2869 1410 3393 1478 grandiniscmlitus
3409 1409 3546 1464 mis-

270 1504 329 1549 et
368 1495 780 1567 Moysen,inter
810 1499 1169 1569 Evangelium
1201 1506 1258 1554 et
1284 1502 1644 1570 legem,inter
1663 1502 1865 1555 caelum
1949 1499 2027 1551 sis
2056 1498 2144 1552 Sic
2160 1498 2307 1551 enim
2334 1507 2672 1569 przeceperat
2687 1497 3173 1567 DominuszLonge
3186 1514 3246 1551 se
3265 1498 3473 1551 faciant
3486 1498 3549 1551 fl-

265 1589 323 1637 et
364 1594 612 1639 montem
640 1587 793 1650 Sina,
827 1588 1209 1659 aspersionem
1236 1590 1524 1660 sanguinis
1561 1591 1759 1659 legalis
1812 1597 1869 1644 et
1949 1587 2008 1639 lii
2032 1586 2203 1640 Israel
2227 1588 2759 1657 amonte,quoniam
2785 1588 2831 1640 si
2849 1588 3016 1640 homo
3047 1586 3351 1657 autaliqua
3367 1586 3548 1640 bestia

266 1673 724 1729 emundationem
742 1678 1032 1745 sanguinis
1044 1678 1265 1731 Christi.
1279 1680 1453 1732 Multo
1470 1679 1618 1732 enim
1637 1680 1869 1733 meliora

1949 1677 2245 1730 accesserit
2263 1677 2330 1729 ad
2358 1684 2625 1735 montem.
2663 1676 2943 1746 lapidibus
2988 1672 3281 1745 grandinis
3327 1676 3545 1729 interti-

265 1766 403 1814 sunt
422 1762 530 1815 ista
548 1779 718 1833 quam
748 1763 981 1819 fuissent
1004 1765 1113 1819 illa.
1143 1766 1219 1819 lbi
1235 1767 1383 1819 enim
1404 1768 1715 1837 requiescet
1738 1785 1863 1821 um-
1887 1760 1930 1817 Β
1949 1765 2217 1818 cietur.Et
2250 1766 2328 1818 ita
2365 1765 2617 1818 terribile
2648 1771 2767 1818 erat
2784 1766 2932 1835 quod
2949 1763 3258 1825 videbatur,
3277 1762 3544 1818 subaudis

262 1848 387 1913 bra,
421 1850 511 1904 hic
539 1851 741 1905 veritas
762 1860 1053 1907 teneturet
1075 1855 1355 1924 panditur.
1390 1857 1515 1908 Non
1540 1856 1854 1925 accepistis,

262 1937 548 2008 inquit,ad
565 1941 915 1995 tractabilem
941 1949 997 1995 et
1023 1943 1398 1997 accessibilem
1424 1945 1628 2013 ignem,
1667 1945 1725 1998 id
1752 1950 1856 2005 est.

264 2043 378 2081 non
412 2029 722 2083 accessistis
751 2031 818 2083 ad
848 2031 1061 2085 visibile
1090 2038 1146 2085 et
1176 2032 1451 2103 palpabile
1490 2034 1683 2087 lumen
1715 2034 1861 2103 ignis

263 2117 415 2187 quod
446 2116 566 2170 visu
596 2135 862 2188 corporeo
892 2121 1123 2174 tractari
1156 2121 1349 2191 possit,
1392 2122 1537 2175 sicut
1578 2123 1647 2175 de
1689 2123 1860 2176 veteri

260 2206 472 2276 populo
501 2206 739 2260 Judaico
768 2201 1028 2277 legimus,
1059 2210 1155 2262 sed
1184 2210 1519 2263 invisibilem
1553 2217 1607 2264 et
1643 2211 1860 2264 incom-

261 2294 700 2364 prehensibilem
726 2297 929 2353 Deum.
958 2298 1085 2351 Haec
1108 2299 1163 2351 in
1187 2299 1320 2352 Sina
1344 2306 1533 2353 monte
1554 2299 1698 2354 facta
1723 2300 1862 2353 rete-

258 2389 489 2447 runtur,
522 2385 743 2455 quando
776 2385 909 2439 data
934 2393 1021 2440 est
1050 2388 1153 2449 lex,
1184 2388 1329 2457 ignis
1355 2388 1633 2453 videlicet,
1673 2388 1857 2453 turbo,

260 2472 736 2543 caligo,procella,
766 2474 914 2528 tubae
941 2492 1131 2539 sonus,
1152 2482 1205 2529 et
1237 2491 1334 2529 vox
1369 2476 1862 2531 verborum.Visus

259 2560 561 2631 est,inquit
597 2561 870 2617 Dominus
897 2564 1116 2617 Deusin
1142 2572 1329 2618 monte
1351 2565 1859 2633 Sina(E.r.x1x,xx).

258 2648 452 2704 Turbo
482 2655 567 2704 est
598 2657 793 2705 ventus
824 2653 1039 2707 validus
1070 2653 1329 2706 auferens
1367 2654 1604 2724 stipulas
1633 2661 1687 2708 et
1716 2655 1861 2708 levia

262 2754 503 2808 quaeque
542 2756 607 2793 ac
651 2741 936 2809 pulverem
984 2748 1148 2796 terrae
1196 2743 1499 2808 involvens,
1530 2744 1859 2814 plerumque

260 2828 431 2880 etiam
460 2828 675 2881 extollit
704 2844 826 2898 quae
857 2829 1166 2898 ponderosa
1187 2835 1336 2884 sunt.
1370 2831 1559 2901 Caligo
1599 2838 1680 2886 est
1712 2840 1861 2886 tene-

260 2915 507 2969 brositas
535 2915 672 2969 fumi
694 2923 750 2969 et
770 2917 1191 2987 ignisProcella
1216 2924 1301 2972 est
1322 2926 1626 2990 tempestas
1658 2926 1714 2974 et
1743 2921 1862 2991 plu-

1943 1858 2007 1907 ut
2019 1854 2480 1925 nequeauderent
2497 1852 2899 1924 audire,neque
2913 1853 3172 1908 accedere
3187 1853 3256 1906 ad
3270 1858 3541 1908 montem.

2014 1945 2218 2009 Moyses
2235 1944 2382 1997 enim
2405 1946 2569 1996 dixit:
2584 1944 2905 1997 Exterritus
2920 1948 3104 1996 sumet
3126 1942 3539 1996 tremebundus.

1945 2032 2003 2086 Si
2054 2032 2273 2103 Moyses
2313 2032 2612 2086 exterritus
2643 2038 2745 2095 est,
2788 2030 2921 2102 quid
2953 2031 3250 2085 dicendum
3283 2030 3352 2084 de
3372 2029 3544 2083 aliis?

1943 2122 2045 2176 Sed
2073 2125 2369 2174 accessistis
2393 2122 2467 2173 ad
2495 2120 2629 2173 Sion
2668 2127 2906 2173 montem
2935 2126 2985 2173 et
3012 2123 3289 2174 civitatem
3319 2121 3418 2172 Dei
3458 2122 3544 2172 vi-

1944 2212 2135 2273 rentis,
2172 2211 2511 2263 Hierusalem
2553 2213 2832 2263 caelestem.
2878 2209 2955 2262 Ex
3000 2206 3387 2278 superioribus
3432 2207 3543 2261 ista

1944 2297 2313 2368 pendent.ubi
2345 2298 2553 2351 dictum
2586 2304 2807 2361 est,non
2838 2297 3152 2351 accessistis
3175 2296 3246 2349 ad
3275 2295 3546 2350 tractabi-

1942 2386 2053 2440 lem
2094 2392 2151 2439 et
2179 2386 2553 2440 accessibilem
2586 2387 2771 2456 ignem
2799 2386 3007 2441 montis
3033 2385 3208 2441 Slnai.
3244 2385 3341 2439 sed
3364 2378 3546 2439 acces-

1945 2475 2097 2528 sistis
2116 2475 2186 2528 ad
2208 2475 2332 2528 Sion
2356 2481 2837 2539 montem,caetera
2870 2491 2968 2545 per
2994 2473 3371 2545 parenthesim
3393 2474 3545 2528 dicta

1946 2569 2091 2617 sunt.
2125 2564 2233 2617 Per
2261 2564 2395 2618 Sion
2425 2570 2615 2618 autem
2643 2580 2766 2634 quae
2790 2563 3193 2633 interpretatur
3212 2560 3543 2633 speculatio,

1946 2659 2002 2706 et
2021 2669 2120 2723 per
2140 2653 2488 2706 Hierusalem
2513 2669 2637 2723 quae
2659 2653 3063 2723 interpretatur
3076 2652 3214 2705 visio
3230 2649 3400 2722 pacis,
3425 2650 3546 2704 vult

1945 2742 2184 2811 intelligi
2215 2743 2497 2797 caelestem
2530 2742 2790 2813 patriam.
2827 2742 3126 2796 Ecclesiam
3161 2740 3419 2793 videlicet
3445 2754 3543 2794 su-

1946 2847 2328 2901 pernam,quze
2359 2837 2580 2884 constat
2621 2846 2684 2883 ex
2716 2830 2932 2900 angelis
2959 2839 3017 2883 et
3031 2827 3353 2882 hominibus
3370 2828 3543 2897 justis

1944 2920 2014 2972 ad
2038 2934 2205 2989 quam
2239 2919 2526 2972 acceditur
2555 2919 2664 2972 ﬂde
2678 2924 2735 2972 et
2770 2916 3418 2981 desiderio.Accessistis,
3452 2917 3542 2971 in-

260 3003 368 3057 via.
407 3003 573 3057 Facta
604 3011 737 3058 sunt
762 3011 949 3058 autem
982 3006 1090 3060 ista
1135 3008 1359 3076 quando
1396 3009 1481 3061 lex
1511 3009 1768 3071 dabatur,
1799 3017 1863 3063 ut
1884 3068 1918 3078 η
1946 3009 2086 3078 quit,
2116 3008 2186 3061 ad
2211 3009 2342 3062 Sion
2377 3015 2647 3071 montem,
2680 3009 2784 3062 hoc
2812 3013 2898 3062 est
2926 3008 2996 3060 ad
3026 3006 3305 3060 civitatem
3332 3005 3431 3060 Dei
3460 3002 3545 3059 vi-

262 3093 438 3146 corda
464 3092 784 3147 Judacorum
816 3111 991 3164 prona
1030 3096 1099 3149 ad
1128 3068 1467 3165 peccandum
1501 3068 1859 3151 concuteren-
1877 3068 1920 3128 Ο
1944 3068 2120 3150 ventis
2152 3096 2494 3150 Hierusalem
2525 3068 2644 3150 ﬁdei
2662 3103 2719 3150 et
2740 3096 3117 3153 desiderio.Et
3138 3094 3450 3149 accessistis
3470 3095 3545 3147 ad

260 3186 375 3248 tur,
402 3197 473 3235 ne
500 3182 679 3252 ipsam
720 3182 900 3252 legem
940 3183 1214 3237 auderent
1252 3186 1583 3254 transgredi.
1619 3185 1776 3239 Unde
1806 3191 1862 3239 et
1942 3188 2316 3253 frequentiam
2345 3186 2462 3238 sive
2500 3185 2924 3238 multitudinem
2957 3187 3266 3238 multorum
3295 3187 3545 3238 millium

259 3274 620 3324 terrzemotus
650 3271 862 3325 exstitit
892 3271 989 3335 ibi,
1019 3278 1083 3324 ut
1117 3272 1222 3342 ipsi
1253 3289 1317 3325 ex
1346 3280 1464 3326 toto
1492 3280 1707 3327 terrore
1732 3291 1863 3344 per-
1942 3273 2594 3339 angelorum,consociati
2617 3272 2727 3326 illis
2750 3272 2807 3326 in
2824 3272 3315 3330 ﬁde.consociandi
3336 3271 3545 3326 iterum

262 3359 512 3418 cussi,ad
529 3360 706 3413 Deum
733 3361 1000 3413 ccelorum
1025 3362 1347 3430 confugium
1378 3362 1645 3416 facerent.
1680 3364 1860 3417 Tene-

262 3445 376 3502 brze
411 3454 599 3501 autem
627 3449 772 3502 sicut
801 3454 856 3502 et
892 3449 1071 3519 caligo
1101 3448 1497 3503 obscuritatem
1530 3451 1704 3520 ipsius
1724 3452 1865 3521 legis

261 3535 789 3606 designant.'l‘urbo
818 3537 931 3591 sive
959 3539 1262 3592 commotio
1292 3545 1605 3606 ventorum,
1629 3540 1863 3594 commi-

260 3626 554 3678 nationem
584 3626 759 3696 ipsius
798 3627 958 3697 legis,
984 3644 1107 3698 quae
1132 3628 1287 3693 dicit,
1316 3628 1360 3681 si
1394 3630 1519 3699 quis
1547 3631 1651 3684 hoc
1681 3630 1763 3683 vel
1793 3630 1862 3682 il-

260 3712 359 3767 lud
385 3713 601 3779 fecerit,
633 3715 935 3769 occidatur.
969 3717 1222 3769 Procella
1274 3717 1452 3787 ipsam
1513 3719 1816 3772 vindictam
1845 3736 1859 3773 :

259 3800 587 3856 tubaesonus
608 3805 958 3873 praesentiain
982 3811 1038 3858 et
1067 3805 1496 3860 adventumDei
1518 3808 1865 3877 omnipoten-

1946 3360 2003 3413 in
2032 3362 2231 3431 gloria,
2251 3363 2411 3431 juxta
2425 3362 2571 3431 quod
2597 3362 2867 3415 Dominus
2887 3361 3052 3415 dicit:
3087 3362 3266 3415 Erunt
3281 3360 3444 3414 electi
3467 3359 3544 3414 si-

1947 3456 2042 3504 cut
2062 3451 2247 3521 angeli
2278 3451 2376 3504 Dei
2404 3451 2459 3504 in
2496 3451 2654 3514 coelo,
2688 3457 2745 3504 et
2772 3451 3085 3504 accessistis
3135 3450 3206 3503 ad
3248 3451 3544 3504 Ecclesium

1940 3543 2367 3605 primitivorum
2398 3544 2497 3607 qui
2520 3543 2817 3607 conscripti
2832 3544 2964 3592 sunt
2986 3542 3044 3591 in
3067 3537 3545 3592 calis.Ecclesiam

1946 3629 2358 3698 primitivorum
2379 3628 2646 3682 debemus
2666 3628 2914 3698 accipere
2935 3628 2992 3680 in
3013 3626 3400 3698 apostolis,qui
3422 3625 3541 3696 pri-

1946 3716 2415 3782 micrediderunt,
2450 3726 2685 3787 quorum
2720 3716 2849 3770 fidei
2872 3716 2953 3769 illi
2979 3714 3227 3785 adjuncti
3269 3720 3403 3768 sunt
3428 3728 3547 3768 cre-

1950 3805 2163 3858 dendo:
2194 3812 2251 3858 et
2280 3821 2516 3875 quorum
2548 3805 2776 3858 nomina
2799 3805 3011 3874 scripta
3034 3812 3167 3858 sunt
3186 3803 3245 3857 in
3272 3802 3545 3856 memoria

260 3890 354 3958 tis,
390 3890 542 3944 unde
568 3889 715 3946 idem
746 3892 1053 3963 Apostolus
1076 3893 1216 3947 alias
1237 3894 1371 3947 dicit
1396 3913 1406 3946 :
1443 3897 1509 3949 In
1528 3899 1693 3964 jussu
1724 3901 1771 3948 et
1802 3898 1863 3948 in
1948 3894 2349 3964 omnipotentis
2380 3894 2498 3958 Dei,
2526 3896 2689 3964 juxta
2710 3894 2859 3963 quod
2886 3894 3009 3963 ipsa
3034 3893 3259 3946 Veritas
3280 3892 3360 3946 eis
3380 3888 3537 3946 dixit:

262 3994 385 4033 voce
412 3980 738 4047 archangeli
783 3986 833 4034 et
880 3984 941 4034 in
992 3983 1121 4035 tuba
1166 3983 1263 4036 Dei
1297 3984 1571 4037 descendet
1626 3985 1689 4036 de
1740 3985 1864 4039 εωιο
1948 3982 2180 4037 Gaudete
2209 3986 2341 4050 quia
2366 3985 2597 4036 nomina
2629 3988 2806 4036 vestra
2866 3986 3074 4050 scripta
3120 3988 3252 4036 sunt
3299 3985 3364 4035 in
3398 3983 3540 4035 caelis

266 4069 311 4133 (l
342 4068 527 4120 Thess.
562 4082 633 4132 ιν,
668 4066 787 4136 16);
819 4086 917 4139 per
946 4069 1137 4124 tubam
1171 4078 1357 4125 autem
1393 4071 1726 4141 intelligitur
1746 4073 1867 4143 ipsa
1950 4073 2094 4138 (Luc.
2113 4073 2263 4136 x).Et
2291 4072 2602 4126 accessistis
2627 4072 2697 4125 ad
2725 4074 2895 4126 Deum
2914 4073 3164 4139 judicem
3197 4068 3540 4130 omnium.id

262 4171 366 4210 vox
394 4157 743 4226 angelorum.
764 4158 889 4212 Non
921 4159 1067 4212 enim
1097 4168 1181 4214 est
1202 4162 1510 4231 putandum
1535 4161 1680 4232 quod
1713 4176 1868 4216 uinea
1948 4166 2033 4213 est
2059 4159 2132 4213 ad
2156 4160 2454 4215 Dominum
2479 4162 2667 4215 Jesum
2693 4161 2785 4231 qui
2803 4160 2936 4214 dicit
2959 4179 2971 4214 :
3004 4162 3168 4214 Pater
3199 4160 3540 4228 nonjudicat

267 4252 366 4298 aut
389 4261 597 4299 cornea
638 4246 774 4299 tuba
820 4249 1004 4317 angeli
1033 4249 1459 4320 increpaverint.
1501 4250 1616 4304 Vox
1644 4267 1865 4321 quoque
1947 4264 2297 4317 quemquam,
2325 4251 2416 4303 sed
2442 4266 2601 4303 omne
2616 4252 2902 4318 judicium
2923 4250 3069 4303 dedit
3101 4251 3237 4303 Filio
3261 4251 3439 4316 (Joan.
3464 4245 3542 4315 ν),

265 4333 567 4387 verborum
598 4350 711 4387 non
742 4335 918 4405 ipsius
948 4338 1346 4407 omnipotentis
1378 4339 1475 4392 Dei
1508 4339 1861 4408 intelligitur,
1882 4380 1930 4437 D
1949 4338 2222 4408 perillum
2241 4338 2388 4392 enim
2404 4338 2681 4408 judicabit
2702 4339 2848 4392 Deus
2876 4339 3043 4392 Pater
3061 4354 3173 4392 non
3187 4336 3541 4391 solummodo

267 4423 363 4475 sed
410 4423 761 4492 angelorum.
814 4425 919 4477 Per
962 4424 1272 4495 subjectam
1329 4429 1478 4480 enim
1527 4433 1860 4487 creaturam,

267 4509 371 4565 hoc
403 4519 493 4564 est
521 4528 622 4582 per
649 4513 933 4582 angelum,
966 4512 1300 4584 loquebatur
1330 4515 1479 4569 Deus
1503 4518 1573 4569 ad
1600 4516 1855 4587 Moysen.

265 4598 412 4653 Nam
444 4601 590 4670 quod
621 4617 733 4654 non
758 4608 907 4655 esset
935 4618 1035 4655 vox
1061 4603 1182 4669 Dei,
1213 4604 1485 4658 Dominus
1508 4605 1864 4658 demonstrat

265 4686 325 4742 in
363 4688 683 4759 Evangelio,
733 4689 970 4760 loquens
1007 4691 1251 4745 Judzeis:
1306 4694 1490 4759 Neque
1527 4709 1703 4746 uocem
1747 4698 1862 4762 ejus

266 4779 527 4841 audistis,
561 4794 731 4847 neque
768 4782 995 4847 speciem
1041 4784 1157 4847 ejus
1212 4783 1426 4834 vidistis
1462 4784 1645 4851 (Joan.
1692 4783 1762 4852 v/.
1799 4783 1865 4835 Et

268 4865 418 4935 quod
455 4866 674 4937 Moyses
702 4883 828 4921 cum
859 4868 1078 4937 angelo,
1108 4884 1217 4922 non
1262 4885 1387 4923 cum
1424 4870 1658 4924 Domino
1695 4872 1865 4925 fuerit

264 4952 490 5007 locutus
519 4955 765 5008 ostendit
803 4955 1000 5009 beatus
1048 4957 1369 5027 Stephanus
1388 4960 1444 5012 in
1472 4960 1737 5013 concione
1763 4975 1863 5013 sua

268 5057 440 5111 quam
477 5041 675 5096 habuit
697 5059 823 5096 cum
845 5043 1087 5098 Judazis:
1118 5046 1210 5099 hic
1247 5052 1349 5110 est,
1384 5047 1665 5117 inquiens,
1700 5046 1862 5118 Moy-

269 5130 481 5200 ses,qui
510 5130 619 5185 fuit
644 5148 768 5185 cum
793 5134 1116 5204 angelo,qui
1158 5133 1490 5204 loquebatur
1514 5136 1565 5188 ei
1597 5135 1652 5188 in
1674 5141 1863 5190 monte

271 5217 796 5289 Sina.Evangelium
829 5228 1014 5274 autem
1044 5238 1154 5276 non
1180 5222 1287 5276 fuit
1314 5224 1509 5276 datum
1540 5224 1598 5277 in
1620 5231 1864 5279 tremore

270 5310 612 5377 neque‘cum
642 5310 1097 5376 comminatione,
1122 5312 1215 5364 sed
1244 5312 1446 5365 atl‘ectu
1475 5318 1727 5383 paterno.
1763 5315 1865 5368 Lo-

273 5404 435 5452 cutus
476 5404 563 5453 est
609 5399 881 5453 Dominus
924 5400 1180 5453 fidelibus
1218 5405 1486 5470 tanquam
1537 5402 1685 5454 ﬁliis.
1719 5403 1863 5457 Nam

272 5486 580 5539 ascendens
604 5486 661 5539 in
693 5493 938 5540 montem
996 5486 1221 5556 quando
1276 5487 1423 5539 inter
1471 5492 1672 5540 caetera
1726 5505 1868 5557 prae-

272 5586 438 5645 cepta
456 5574 579 5631 vitae
607 5583 731 5630 octo
758 5574 1132 5631 beatitudines
1161 5575 1242 5629 eis
1271 5575 1527 5647 protulit,
1551 5593 1663 5632 non
1701 5594 1868 5649 appa-

1947 4427 1976 4480 J
1984 4426 2294 4492 udaeos,sed
2312 4444 2400 4480 om
2410 4444 2506 4481 nes
2519 4428 2857 4482 homines:et
2871 4427 3181 4482 accessistis
3194 4427 3268 4481 ad
3279 4429 3546 4495 spiritum

1937 4519 2222 4582 justorum
2242 4517 2911 4587 per/ectarum.Spiritum
2934 4518 3217 4586 justorum
3239 4520 3399 4569 vocat
3425 4513 3549 4585 Spi-

1948 4603 2119 4658 ritum
2149 4609 2424 4669 sanctum,
2459 4620 2560 4675 per
2587 4622 2753 4677 quem
2784 4606 3205 4659 sanctiﬁcantur
3246 4616 3443 4656 omnes
3481 4601 3542 4655 in

1946 4691 2297 4761 baptismate.
2334 4694 2668 4765 accipientes
2726 4694 2797 4747 ab
2852 4693 2948 4746 illo
2995 4692 3385 4746 remissionem
3419 4705 3541 4744 om-

1946 4781 2102 4835 nium
2134 4789 2487 4852 peccatorum
2519 4801 2530 4835 :
2562 4789 2618 4836 et
2654 4782 2790 4835 bene
2814 4781 3044 4851 perfecti
3093 4784 3380 4844 vocantur,
3408 4779 3543 4850 quia

1946 4876 2081 4925 tunc
2113 4871 2254 4939 justi
2286 4871 2510 4941 perfecti
2533 4870 2788 4935 existent,
2822 4870 2954 4923 dum
2973 4868 3043 4922 ab
3072 4868 3332 4922 omnibus
3352 4872 3541 4923 conta-

1944 4959 2054 5028 giis
2077 4959 2560 5023 mundantur,sive
2590 4959 2846 5029 spiritum
2864 4959 3145 5028 justorum
3168 4957 3544 5028 pertertorum

1945 5048 2098 5113 dicit,
2122 5048 2337 5101 animas
2359 5052 2679 5101 sanctorum
2712 5047 2807 5116 qui
2837 5046 2986 5117 apud
3018 5046 3196 5100 Deum
3227 5045 3542 5117 probabiles

1947 5137 2297 5201 exstiterunt,
2332 5137 2533 5206 quibus
2555 5137 2838 5204 conjuncti
2855 5136 3080 5191 fuerant
3106 5136 3188 5190 illi
3219 5136 3329 5191 fide
3357 5143 3414 5191 et
3443 5138 3543 5192 de-

1947 5225 2167 5278 siderio.
2200 5225 2523 5279 Accessistis
2561 5240 2782 5296 quoque
2835 5226 2904 5279 ad
2951 5228 3138 5280 Jesum
3183 5229 3544 5279 mediatorem

1954 5315 2280 5367 Testamenti
2309 5314 2473 5370 Novi.
2507 5314 2775 5368 Dominus
2795 5315 2821 5367 .l
2829 5328 2954 5368 esus
2976 5330 3078 5384 per
3094 5315 3196 5368 hoc
3211 5315 3360 5384 quod
3374 5314 3541 5367 homo

1951 5402 2164 5473 pariter
2184 5407 2239 5454 et
2271 5406 2415 5456 Deus
2444 5409 2546 5467 est,
2573 5403 2849 5457 mediator
2882 5408 3075 5457 noster
3130 5408 3235 5466 est,
3276 5401 3542 5471 quoniam

1952 5490 2097 5542 sicut
2126 5491 2342 5559 Moyses
2374 5492 2651 5545 mediator
2674 5494 2781 5546 luit
2807 5493 2955 5546 inter
2983 5493 3161 5546 Deum
3189 5497 3247 5544 et
3274 5488 3543 5560 populum

1951 5577 2121 5632 verba
2150 5578 2247 5633 Dei
2265 5580 2514 5636 referens
2534 5582 2602 5636 ad
2620 5583 2908 5653 populum,
2928 5595 3236 5649 rursusque
3251 5573 3440 5648 populi
3468 5577 3543 5632 ad
