3992 6166
406 196 425 223 6

489 232 592 291 9'27
971 239 1349 294 HAYMONIS
1383 241 1867 300 liALBERSTAT.
1904 243 2130 300 EPlSC.
2163 242 2320 298 OPP.
2357 244 2587 299 PARSI
2620 276 2684 285 —
2718 246 3089 303 COMMENT.
3123 247 3302 301 BIBL.
3656 243 3761 307 328

484 362 666 417 Deum
682 365 991 420 secundum
1017 366 1293 438 quodipse
1315 366 1449 420 dit-it
1470 381 1482 415 :
1506 370 1614 435 Ego
1637 377 1905 437 sequester
1920 376 2089 424 vester
2105 372 2153 429 Α
2174 371 2324 436 Quod
2360 376 2547 423 autem
2580 372 2765 425 adhuc
2794 377 2953 427 sr-met
2990 374 3147 435 dicit,
3179 373 3423 427 ostendit
3466 370 3764 426 mobilium

487 453 702 506 medius
732 456 881 507 inter
910 456 1079 509 Deum
1108 461 1154 508 et
1186 473 1273 508 vos
1305 456 1718 525 (Deut.v,5),ita
1738 464 1794 512 et
1814 460 2084 513 Dominus
2166 458 2590 512 translationem
2631 465 2900 531 tanquam
2947 462 3243 526 factorum,
3276 468 3339 515 ut
3384 466 3657 515 maneant
3701 474 3768 511 ea

487 540 650 595 Jesus
673 542 840 597 verba
876 542 975 597 Dei
998 544 1180 597 Patris
1202 544 1398 597 retulit
1419 545 1597 603 nobis,
1630 553 1687 599 et
1708 549 2083 601 modunostra
2165 562 2289 614 qum
2329 552 2463 624 sunt
2488 547 2823 604 immobilia.
2855 550 2965 603 Ista
2998 550 3170 603 motio
3198 550 3315 603 caeli
3335 554 3566 603 etterraa
3584 547 3656 601 ad
3689 547 3771 600 in-

489 629 663 684 retert
682 631 751 684 ad
772 632 929 685 illum
949 632 1315 703 interpellans
1335 634 1557 687 assidue
1582 652 1679 704 pro
1698 636 1859 690 nobis
1879 637 2079 690 simul-
2162 634 2531 691 novalionem,
2582 640 2639 687 et
2703 636 3150 690 meliorationem
3200 638 3423 690 illorum
3492 636 3766 704 pertinet.

492 734 715 789 quesua
728 719 987 789 passione
1005 722 1345 774 conﬁrmans
1364 721 1523 775 nobis
1546 724 1966 779 Testamentum
1983 727 2091 779 No-
2171 722 2345 775 Terra
2372 723 2618 792 quidem,
2651 725 3140 794 appropinquante
3177 725 3267 778 die
3299 724 3515 794 judicii.
3551 731 3769 777 motum

490 809 730 860 vum..4d
745 812 1108 874 aspersionem
1124 827 1333 876 quoque
1346 814 1637 877 sanguinis
1659 813 1969 866 accessistis
1987 832 2093 866 mr-

493 895 605 948 tius
630 897 937 962 loquentem
950 914 1116 965 quam
1137 900 1264 952 Abel
1272 900 1446 952 .More
1468 899 1975 971 legis,aspersionis
1996 919 2093 956 nc-

490 982 642 1037 mine
657 984 1111 1040 emundationem
1129 986 1334 1041 Christi
1348 988 1641 1056 sanguinis
1654 989 2093 1061 intimavit,quo-

493 1070 649 1125 niam
679 1073 973 1128 mundatio
994 1092 1116 1145 qua:
1152 1092 1251 1146 per
1278 1076 1608 1146 sanguinem
1632 1078 1819 1144 ﬁebat,
1844 1080 2092 1149 aspersio

493 1159 1190 1218 vocabatur.Accesserunt
1210 1164 1436 1233 ergoilli
1452 1165 1519 1218 ad
1539 1166 1867 1236 sanguinem
1885 1168 2094 1222 Christi

491 1248 608 1303 sive
620 1250 690 1302 ad
703 1251 1293 1317 emundationem,hoc
1309 1253 1475 1306 estad
1491 1254 1805 1323 passionem
1825 1257 1948 1325 ejus
1959 1273 2096 1326 quo-

496 1337 645 1391 niam
667 1337 775 1392 fide
808 1339 1083 1409 passionis
1105 1341 1226 1409 ejus
1248 1341 1500 1394 mundati
1520 1348 1672 1397 sunt.
1694 1344 1934 1413 Sanguis
1964 1361 2094 1400 vero

494 1425 700 1480 Christi
742 1426 944 1480 melius
994 1429 1245 1497 loquitur
1293 1446 1460 1499 quam
1502 1432 1731 1501 sanguis
1770 1433 1928 1495 Abel,
1962 1434 2094 1503 quia

492 1514 720 1583 sanguis
751 1513 889 1568 Abel
921 1517 1219 1570 vindictam
1257 1518 1591 1589 exposcebat
1648 1521 1941 1575 homicidae
1980 1522 2094 1575 fra-

493 1600 596 1655 tris
623 1619 634 1654 :
668 1603 897 1671 sanguis
919 1620 1046 1657 vero
1064 1605 1269 1659 Christi
1296 1606 1460 1660 vitam
1483 1615 1538 1661 et
1557 1608 1964 1679 indulgentiam
1987 1611 2095 1663 im-

2171 810 2594 875 sustinebit,sed
2626 813 2837 882 pariter
2868 813 3238 866 movebuntur
3258 814 3456 866 cmlum
3486 828 3553 864 ac
3581 817 3769 865 terra:

2172 904 2228 951 et
2257 899 2627 954 mutabuntur
2656 901 2725 954 ab
2790 903 2893 955 hac
2948 902 3128 971 specie
3168 902 3225 955 in
3275 901 3771 971 meliorem,juxta

2176 988 2322 1058 quod
2362 989 2664 1059 Apostolus
2704 991 2839 1044 dicit
2882 989 3053 1043 alibi:
3109 992 3354 1044 Praeterit
3382 992 3569 1057 ﬁgura
3596 990 3764 1057 hujus

2176 1077 2377 1129 mundi
2408 1078 2453 1141 (Ι
2482 1079 2604 1132 Cor.
2637 1084 2756 1143 vn).
2801 1080 3017 1132 Mutata
3056 1079 3257 1148 ﬁgura,
3279 1077 3601 1131 remanebit
3639 1076 3772 1131 sub-

2177 1164 2405 1226 stantia,
2441 1166 2659 1235 eritque
2690 1173 2883 1237 postea
2903 1168 3315 1222 ctelumnovum
3347 1178 3404 1220 et
3424 1172 3580 1220 terra
3608 1183 3753 1220 nova

2178 1254 2392 1306 Caelum
2423 1259 2610 1307 autem
2636 1254 2726 1307 hic
2768 1271 2877 1309 non
2905 1256 3184 1309 sidereum
3219 1271 3398 1326 neque
3444 1256 3768 1319 mthereum,

2176 1342 2271 1394 sed
2294 1341 2438 1393 istud
2462 1357 2691 1396 aereum
2714 1344 2959 1412 accipe.a
2977 1350 3153 1414 quoet
3177 1361 3305 1397 aves
3319 1344 3443 1397 caeli
3469 1344 3758 1399 dicuntur.

2248 1433 2434 1498 Itaque
2476 1447 2707 1498 regnum
2765 1435 3046 1486 immobile
3101 1436 3471 1500 suscipientes,
3502 1432 3765 1485 subaudis

2177 1534 2326 1572 nunc
2362 1519 2416 1572 in
2448 1519 2719 1588 spe,quod
2753 1522 3064 1591 percepturi
3097 1538 3292 1574 sumus
3320 1521 3375 1574 in
3407 1520 3765 1582 re,habemus

2175 1608 2414 1676 gratiam
2438 1607 2548 1678 ‘per
2576 1624 2742 1677 quam
2771 1609 3079 1663 serviamus
3134 1610 3420 1680 placentes
3476 1610 3593 1662 Deo
3647 1625 3766 1662 cum

496 1688 884 1760 plorabatsuis
906 1694 1604 1762 persecutoribus,dicente
1630 1697 1724 1751 illo
1739 1698 1806 1751 ad
1824 1699 2045 1753 Patrem
2075 1717 2087 1752 :
2114 1721 2158 1779 Β
2181 1702 2332 1749 metu
2363 1704 2420 1749 et
2447 1697 2774 1749 reverentia.
2819 1698 3061 1763 Regnum
3086 1701 3157 1750 im
3170 1700 3381 1758 mobile.
3417 1698 3663 1751 Ecclesia
3686 1706 3763 1751 cst

494 1780 679 1843 Pater,
714 1782 923 1847 ignosce
946 1784 1222 1851 illis,quia
1255 1787 1504 1837 nesciunt
1534 1789 1669 1854 quid
1698 1788 1915 1854 faciunt
1937 1790 2093 1857 (Luc.

490 1880 651 1933 xxm,
685 1866 795 1937 34).
823 1869 922 1923 Vel
960 1876 1112 1925 certe
1159 1872 1361 1926 melius
1398 1872 1649 1942 loquitur
1694 1874 1827 1929 dum
1872 1892 1973 1930 nos
2022 1876 2100 1930 lo-

2181 1785 2556 1854 cmlestisquze
2575 1790 2794 1838 constat.
2822 1802 2886 1838 ex
2917 1787 3129 1855 angelis
3150 1791 3206 1840 et
3229 1787 3553 1840 hominibus
3584 1786 3763 1854 justis.

2182 1873 2434 1943 Regnum
2468 1879 2655 1927 autem
2692 1874 2783 1927 Dei
2815 1875 3061 1929 Ecclesia
3114 1875 3221 1928 ista
3279 1881 3382 1937 est,
3417 1881 3476 1928 et
3530 1890 3756 1943 regnum

498 1961 736 2026 quentes
766 1958 897 2013 facit
945 1960 1095 2031 quod
1117 1961 1278 2014 Jesus
1314 1961 1435 2031 ipse
1467 1967 1553 2015 est
1582 1963 1755 2017 Filius
1788 1964 1907 2018 Dei.
1939 1966 2098 2033 cujus
2180 1962 2437 2015 Ecclesiae
2468 1962 2823 2032 omnipotens
2874 1964 3019 2016 Deus
3049 1968 3152 2016 est.
3184 1964 3299 2017 Hoc
3339 1979 3576 2033 regnum
3614 1963 3765 2016 modo

493 2044 757 2115 passione
787 2063 983 2102 sumus
1014 2049 1290 2119 redempti
1332 2056 1389 2103 et
1419 2050 1753 2121 baptismate
1782 2051 1957 2106 abluti
1990 2071 2001 2105 :
2035 2057 2093 2107 et
2174 2050 2512 2120 suscipimus
2543 2051 2597 2103 in
2629 2068 2745 2121 spe,
2782 2057 2916 2105 tunc
2958 2058 3145 2105 autem
3195 2051 3573 2122 percipiemus
3596 2051 3652 2104 in
3683 2067 3754 2115 re,

495 2132 625 2202 quia
655 2150 757 2203 per
777 2136 1109 2203 sanguinem
1140 2138 1262 2205 ejus
1295 2154 1492 2192 sumus
1513 2140 1691 2194 eﬂecti
1717 2141 1815 2193 ﬁlii
1848 2140 1965 2204 Dei,
2016 2144 2093 2195 Vi-
2172 2155 2298 2191 cum
2320 2139 2616 2193 tradiderit
2645 2140 2902 2194 Christus
2949 2157 3183 2209 regnum
3223 2140 3338 2193 Deo
3367 2146 3425 2192 et
3454 2140 3633 2192 Patri.
3664 2140 3756 2193 1d—

491 2221 607 2273 dcte
634 2237 701 2274 ne
728 2227 984 2277 recusetis
1015 2227 1339 2292 loquentem,
1369 2227 1515 2295 quod
1537 2232 1622 2280 est
1649 2228 1833 2282 dicere
1858 2230 2090 2285 :Cavete
2173 2228 2319 2281 circo
2349 2235 2536 2281 autem
2550 2230 2867 2299 appellatur
2899 2245 3134 2298 regnum
3165 2227 3472 2293 immobile,
3502 2228 3757 2299 quoniam

494 2323 568 2362 ne
597 2311 969 2364 contemnatis
998 2312 1188 2366 Jesum
1232 2314 1554 2384 loquentem
1597 2332 1696 2386 per
1726 2318 2088 2387 Evangelium
2170 2317 2431 2371 sicaelum
2481 2324 2538 2371 et
2580 2323 2730 2371 terra
2787 2318 3152 2371 immobiliter
3197 2316 3613 2388 permanebunt
3655 2323 3766 2386 post

495 2412 683 2463 suum,
718 2403 984 2465 quoniam
1017 2404 1077 2453 in
1107 2403 1328 2455 dextera
1360 2404 1544 2457 Patris
1574 2407 1713 2457 sedet
1743 2409 2096 2461 considerans
2179 2406 2647 2470 immutationem,
2679 2407 2857 2459 multo
2880 2405 3057 2475 magis
3086 2406 3245 2460 electi
3258 2412 3383 2476 post
3409 2406 3763 2459 resurrectio-

489 2487 635 2554 quod
662 2490 1039 2557 unusquisque
1070 2495 1323 2544 nostrum
1351 2497 1481 2558 agat
1504 2493 1926 2561 (Luc.xxn').Si
1948 2499 2096 2549 enim.
2178 2511 2306 2548 nem
2333 2494 2696 2548 immobiliter
2724 2495 3205 2549 immortalitatem
3230 2495 3288 2547 in
3316 2511 3573 2565 corpore,
3601 2500 3659 2547 et
3683 2493 3760 2547 in-

500 2575 596 2627 ilti
617 2590 729 2629 non
753 2578 1401 2643 elfugerunt,recusantes
1421 2597 1545 2633 eum
1569 2585 1668 2649 qui
1692 2599 1855 2650 super
1885 2589 2094 2638 terram
2177 2583 2734 2637 commutabilitatem
2774 2583 2829 2636 in
2876 2583 3066 2636 anima
3113 2583 3438 2654 percipient.
3477 2581 3757 2652 regnaturi

504 2663 844 2731 loquebatur,
880 2668 1055 2720 multo
1073 2670 1251 2734 magis
1281 2684 1375 2721 nos
1404 2672 1503 2737 qui
1530 2671 1592 2722 (te
1621 2674 1762 2724 curtis
1789 2674 2093 2740 loquentem
2176 2687 2301 2725 cum
2332 2673 2443 2725 Deo
2473 2672 2814 2726 teternaliter
2838 2692 2853 2725 :
2880 2672 3277 2742 eruntqueipsi
3300 2687 3538 2741 regnum
3567 2672 3759 2724 immo-

498 2753 653 2805 nobis
683 2756 1006 2819 avertimus,
1035 2753 1302 2809 subaudis
1331 2773 1440 2810 non
1466 2758 1815 2827 ell‘ugiemus,
1848 2777 1912 2814 ac
1942 2761 1988 2814 si
2013 2761 2094 2815 di-
2178 2760 2286 2814 bile
2316 2762 2717 2831 omnipotentis
2747 2761 2867 2823 Dei,
2897 2767 2953 2814 et
2990 2777 3226 2830 regnum
3254 2760 3482 2813 illorum
3516 2766 3758 2813 contem-

496 2844 675 2894 ceret:
711 2841 771 2896 Si
812 2847 1001 2913 patres
1031 2846 1200 2898 vestri
1229 2845 1528 2899 vindictam
1564 2848 1964 2918 omnipotentis
1989 2850 2093 2904 Dei
2175 2849 2347 2919 platio
2373 2858 2579 2903 sanctae
2604 2850 2992 2904 TrinitatisEt
3031 2850 3175 2920 quod
3208 2849 3353 2902 istud
3389 2864 3629 2918 regnqu
3662 2848 3763 2901 im-

490 2923 605 2983 noh
635 2930 971 3000 effugerunt,
998 2933 1093 3003 qui
1124 2940 1400 3004 praecepta
1426 2936 1578 2989 illius
1600 2938 1943 3007 praevaricati
1960 2945 2092 2993 sunt
2117 2991 2152 3008 η
2176 2937 2378 2992 mobile
2394 2938 2764 3008 suscipiamus
2796 2939 2851 2991 in
2884 2938 3228 3001 re,hortatur
3246 2938 3551 3008 Apostolus
3584 2942 3645 2991 ut
3673 2938 3759 2990 ha-

491 3017 818 3074 fabricando
846 3020 1081 3087 idolum,
1117 3039 1240 3092 quae
1272 3040 1373 3094 per
1401 3025 1629 3095 Moysen
1667 3027 1747 3079 vel
1780 3043 1881 3096 per
1917 3043 2092 3096 ange-
2114 3017 2153 3048 υ
2174 3026 2405 3080 beamus
2433 3028 2695 3096 gratiam,
2729 3044 2830 3098 per
2858 3043 3027 3097 quam
3049 3026 3355 3081 serviamus
3390 3026 3521 3088 Deo,
3547 3026 3756 3096 placen-

493 3106 613 3161 lum
628 3107 759 3161 data
782 3114 913 3163 sunt
943 3110 1077 3175 illis,
1116 3128 1353 3181 quorum
1376 3119 1612 3183 uterque
1637 3114 1696 3167 in
1725 3122 1873 3168 terra
1903 3117 2092 3187 loque-
2173 3122 2258 3169 tes
2279 3115 2377 3168 illi.
2411 3115 2662 3169 Gratiam
2689 3121 2877 3169 autem
2930 3115 3066 3168 dicit
3117 3116 3285 3168 tidem
3340 3120 3579 3178 rectam,
3612 3130 3753 3184 spem

494 3193 682 3261 batur,
717 3197 898 3251 multa
929 3199 1108 3267 magis
1138 3216 1239 3254 nos
1259 3217 1371 3254 non
1400 3203 1707 3272 poterimus
1726 3204 1962 3258 evadere
1980 3205 2093 3259 vin-
2172 3210 2404 3268 certam,
2446 3204 2773 3257 charitatem
2809 3203 3260 3274 perfectam,cum
3291 3203 3621 3273 operatione
3641 3218 3757 3255 san-

494 3283 702 3337 dictam
734 3284 960 3350 illius,si
990 3295 1267 3358 praecepta
1291 3306 1414 3358 quae
1437 3307 1536 3360 per
1558 3292 1758 3345 Filium
1785 3292 1917 3345 data
1937 3301 2087 3358 sunt,
2173 3297 2281 3353 cta,
2317 3308 2412 3360 per
2442 3307 2563 3361 quae
2592 3291 2861 3344 debemus
2904 3292 3015 3345 Deo
3068 3292 3274 3345 servire
3318 3308 3442 3344 cum
3496 3298 3669 3345 metu.
3696 3291 3751 3343 ti-

494 3373 1107 3443 contempserimus.|lli
1142 3393 1267 3431 eum
1299 3378 1353 3431 in
1381 3385 1533 3432 terra
1558 3381 1878 3450 loquentem
1906 3383 2093 3435 audie-
2176 3386 2389 3433 mentes
2411 3380 2565 3433 illum
2598 3385 2660 3433 ut
2694 3380 2867 3433 Deum
2900 3380 3221 3449 etjudicem
3254 3381 3530 3437 omnium,
3553 3386 3611 3433 et
3637 3396 3750 3432 cum

493 3464 645 3526 runt,
676 3477 778 3515 nos
804 3461 872 3516 de
893 3464 1062 3517 caelo:
1087 3471 1316 3536 propter
1337 3467 1608 3521 unitatem
1636 3476 1821 3523 autem
1841 3486 2089 3540 personas
2174 3469 2485 3521 reverentia
2512 3468 2811 3537 diligentes
2839 3469 2995 3521 illum
3029 3476 3090 3521 ut
3110 3474 3348 3538 patrem.
3380 3469 3604 3522 Timere
3639 3484 3751 3521 eum

493 3564 663 3619 quam
701 3548 870 3605 habet
900 3552 1070 3606 Filius
1102 3553 1202 3607 Dei
1230 3555 1286 3608 in
1314 3556 1997 3619 duabus'naturis,dicitur
2022 3559 2090 3612 de
2174 3556 2461 3620 debemus,
2495 3572 2566 3610 ne
2597 3561 2654 3610 et
2683 3556 2773 3610 hic
2810 3556 3176 3627 ﬂagellemur,
3207 3568 3265 3611 et
3317 3556 3676 3627 postmodum
3726 3571 3755 3607 a

493 3638 634 3691 caelo
663 3637 823 3693 nobis
847 3640 1016 3711 loqui.
1051 3642 1116 3696 In
1148 3649 1300 3697 terra
1320 3646 1471 3699 enim
1501 3646 1794 3699 videbatur
1814 3647 1966 3716 loqui
1994 3665 2093 3717 per
2174 3646 2368 3716 requie
2396 3662 2739 3717 separemur.

489 3725 925 3798 humanitatem,
955 3731 1051 3784 sed
1082 3738 1204 3786 erat
1231 3733 1289 3787 in
1330 3740 1482 3787 terra
1513 3740 1569 3789 et
1590 3735 1646 3788 in
1675 3738 1811 3789 caelo
1834 3753 1933 3806 per
1960 3736 2092 3789 divi-

491 3815 750 3870 nitatem.
784 3818 941 3871 Unde
973 3820 1089 3889 ipse
1120 3820 1286 3875 dicit:
1323 3823 1490 3875 Nemo
1513 3826 1756 3877 ascendit
1786 3828 1846 3877 in
1876 3829 2087 3888 artum,

490 3906 607 3958 nisi
632 3908 732 3973 qui
756 3907 1027 3960 descendit
1048 3909 1113 3961 de
1139 3912 1282 3973 cwlo,
1317 3912 1492 3964 Filius
1522 3913 1763 3965 hominis
1789 3916 1889 3981 qui
1924 3919 1996 3966 est
2030 3917 2091 3966 in

489 3995 614 4047 cwto
637 3995 813 4052 (Joan.
848 3994 948 4064 In).
984 3996 1260 4050 Similiter
1287 3998 1422 4052 dum
1487 4000 1846 4070 Evangelium
1898 4002 2092 4071 praedi-

489 4081 727 4135 caturin
756 4084 941 4149 terris,
973 4085 1093 4154 ipse
1124 4103 1346 4157 quoque
1376 4086 1445 4141 de
1503 4089 1641 4141 cmlo
1691 4089 1850 4142 nobis
1907 4090 2089 4160 loqui-

2761 3717 2995 3771 CAPUT
3028 3716 3173 3771 Xlll.

2246 3824 2461 3876 Etenim
2493 3825 2629 3877 Deus
2654 3828 2834 3877 noster
2855 3826 3001 3889 ignis
3021 3839 3344 3877 comumens
3361 3827 3464 3879 est.
3480 3822 3629 3877 Deus
3654 3838 3756 3876 om-

2173 3912 2430 3983 nipotens
2468 3912 2611 3982 ignis
2648 3912 2984 3983 appellatur,
3020 3928 3131 3966 non
3178 3920 3240 3965 ut
3270 3912 3566 3966 materiam
3594 3928 3748 3982 quam

2171 4000 2299 4056 fecit
2336 4008 2647 4061 consumat,
2679 4001 2773 4054 sed
2805 4001 2953 4070 quod
3010 4001 3255 4054 exterius
3298 4000 3467 4053 homo
3498 4000 3750 4060 attrahat,

2173 4090 2489 4160 rubiginem
2520 4091 2730 4144 scilicet
2753 4097 3125 4159 peccatorum.
3158 4090 3283 4143 Non
3309 4089 3459 4142 enim
3481 4090 3618 4142 illud
3634 4105 3749 4142 con-

488 4174 617 4223 tur:
648 4178 992 4243 quaprOpter
1020 4173 1333 4228 audiendus
1364 4183 1450 4229 est
1475 4178 1651 4230 multo
1681 4178 1883 4231 melius
1922 4196 2089 4249 quam
2109 4180 2343 4242 Dsumit
2376 4180 2522 4250 quod
2553 4180 2673 4249 ipse
2710 4180 2876 4232 fecit:
2914 4179 3010 4232 sed
3056 4178 3200 4249 quod
3238 4177 3454 4231 malitia
3474 4178 3742 4231 hominum

487 4258 725 4329 Moyses.
751 4261 1053 4329 Sequitur,
1091 4266 1253 4329 cujus
1299 4280 1400 4316 v0.1;
1450 4268 1613 4317 movit
1668 4271 1875 4319 terram
1930 4273 2081 4336 tunc,

492 4345 762 4400 subaudis
789 4349 1012 4417 quando
1037 4350 1122 4404 lex
1151 4350 1283 4404 data
1310 4355 1414 4417 est,
1439 4368 1590 4406 nunc
1612 4359 1967 4421 repromittit,
1994 4359 2077 4411 di-

486 4449 646 4488 cens:
675 4436 868 4489 Adhuc
896 4440 1056 4491 semet
1085 4443 1133 4492 et
1162 4455 1254 4507 ego
1283 4443 1493 4494 movebo
1520 4458 1624 4495 non
1644 4446 1823 4496 solum
1852 4449 2080 4514 terram,

486 4524 579 4576 sed
604 4525 772 4577 etiam
800 4526 1145 4597 ccelumese
1171 4528 1264 4598 qui
1287 4534 1421 4582 tunc
1445 4530 1697 4599 jussione
1729 4534 1900 4586 movit
1922 4550 2081 4588 mon-

486 4616 601 4666 tem
634 4612 787 4679 Sina,
823 4619 881 4668 et
904 4619 1113 4670 terram
1148 4616 1204 4670 in
1237 4617 1475 4671 circuitu
1531 4620 1653 4689 ejus
1703 4621 1797 4674 ubi
1845 4624 2083 4692 populus

483 4701 689 4768 stabat,
723 4703 948 4773 quando
978 4705 1154 4776 Moysi
1173 4705 1327 4759 dedit
1352 4707 1554 4777 legem,
1588 4709 1705 4778 ipse
1729 4726 1875 4763 nunc
1894 4727 2081 4780 repro-

482 4790 678 4856 mittit,
711 4808 823 4846 non
844 4797 1061 4864 partem
1092 4799 1255 4849 terra:
1276 4797 1605 4850 movendam
1629 4814 1663 4849 a
1690 4814 1768 4857 se,
1793 4815 1975 4868 neque
2004 4800 2083 4868 ip-

492 4895 611 4932 sam
642 4885 820 4935 totam
852 4886 1061 4936 terram
1091 4883 1463 4945 solummodo,
1496 4887 1593 4938 sed
1636 4886 1805 4939 etiam
1842 4888 2071 4945 coelum.

488 4967 560 5020 Et
588 4968 713 5022 ideo
742 4977 953 5039 quanto
984 4972 1199 5041 majora
1221 4988 1393 5040 opera
1422 4973 1543 5026 ﬁeri
1594 4974 1889 5043 promittit,
1921 4980 2079 5029 tanto

482 5056 665 5125 magis
694 5057 981 5112 timendus
1009 5067 1116 5113 est.
1140 5061 1294 5114 Licet
1325 5060 1471 5114 enim
1502 5067 1855 5116 terraemotus
1880 5065 2082 5134 saepius

478 5142 651 5196 fuerit
674 5144 734 5198 in
761 5146 994 5199 diversis
1026 5147 1160 5200 locis
1198 5149 1543 5219 diversisque
1574 5151 1826 5221 partibus
1860 5153 2077 5215 mundi,

477 5246 592 5285 non
621 5231 729 5286 fuit
756 5238 948 5288 tamen
979 5251 1080 5305 per
1109 5241 1291 5289 totum
1321 5239 1616 5302 mundum,
1653 5245 1707 5293 et
1732 5240 1780 5293 si
1814 5248 1964 5294 mota
1995 5247 2084 5295 est

471 5324 643 5381 terra,
677 5337 787 5375 non
814 5327 1023 5376 tamam
1067 5324 1284 5378 ccelum.
1340 5326 1499 5380 Unde
1551 5327 1691 5381 bene
1734 5328 1869 5382 dicit
1905 5331 2079 5383 semel

471 5410 731 5465 futurum
776 5426 897 5464 esse
950 5412 1055 5465 hoc
1105 5412 1163 5465 in
1216 5413 1305 5466 die
1354 5415 1899 5482 judieii,ostendens
1948 5418 2079 5489 quia

464 5515 757 5571 nunquam
792 5499 999 5555 iterum
1053 5501 1443 5557 movebuntur.
1472 5505 1630 5560 Unde
1669 5511 1727 5561 et
1771 5506 2030 5578 sequitur
2061 5524 2072 5559 :

2167 4269 2375 4322 intulit.
2406 4269 2539 4338 Agit
2554 4274 2611 4320 et
2638 4268 2773 4321 illud
2799 4267 2903 4321 iste
2934 4267 3100 4337 ignis,
3127 4267 3262 4320 dum
3293 4266 3465 4319 corda
3514 4266 3742 4319 videlicet

2174 4357 2462 4410 hominum
2496 4356 2563 4409 ad
2593 4373 2842 4410 amorem
2865 4356 2964 4410 Dei
2982 4355 3253 4409 accendit.
3281 4355 3360 4408 De
3382 4355 3630 4424 quoigne
3656 4351 3740 4403 Ve-

2167 4446 2306 4498 ritas
2326 4438 2461 4498 dicit
2486 4464 2496 4497 :
2526 4448 2707 4513 Ignem
2730 4448 2854 4499 veni
2870 4447 3086 4496 mittere
3106 4447 3169 4496 in
3192 4449 3477 4506 terram,et
3496 4443 3626 4511 quid
3639 4440 3735 4492 colo

2168 4537 2363 4586 nisiut
2406 4534 2599 4585 ardeat
2648 4535 2799 4601 (Luc.
2832 4546 2926 4597 xu,
2960 4531 3091 4600 49)?
3132 4532 3307 4585 Terra
3362 4531 3512 4585 enim
3569 4532 3732 4582 vocata

2164 4627 2298 4675 sunt
2325 4622 2493 4675 corda
2521 4626 2765 4686 terrena,
2800 4637 2920 4692 quia
2948 4621 3081 4674 dum
3111 4636 3334 4690 semper
3363 4619 3421 4673 in
3455 4618 3732 4673 intimisco—

2166 4710 2538 4779 gitationibus
2568 4710 2972 4780 desideriisque
2990 4708 3226 4762 terrenis
3253 4714 3604 4773 versantur,a
3631 4719 3731 4756 ma-

2164 4798 2331 4867 lignis
2387 4798 2680 4869 spiritibus
2710 4799 2869 4868 quasi
2920 4804 3148 4851 terrena
3201 4797 3613 4850 conculcantur.
3644 4790 3730 4846 Sed

2161 4887 2348 4957 ignem
2370 4888 2639 4942 Dominus
2662 4888 2716 4940 in
2740 4894 2948 4940 terram
2970 4886 3141 4940 mittit
3159 4902 3284 4939 cum
3301 4886 3500 4939 afﬂatu
3521 4882 3733 4953 Spiritus

2164 4977 2345 5030 sancti
2373 4977 2542 5030 corda
2564 4968 2870 5029 carnalium
2906 4975 3197 5028 hominum
3218 4974 3289 5027 ad
3320 4989 3570 5027 altiorem
3590 4969 3734 5025 Deiet

2164 5065 2400 5135 proximi
2430 5065 2700 5118 accendit.
2737 5065 3058 5133 Eccequare
3079 5063 3396 5134 appellatur
3409 5061 3735 5131 omnipotens

2162 5153 2311 5207 Deus
2335 5153 2499 5222 ignis,
2533 5152 2786 5207 videlicet
2842 5152 2973 5223 quia
3037 5151 3352 5221 rubiginem
3406 5155 3735 5220 peccatorum

2162 5241 2459 5306 consumit,
2501 5248 2559 5295 et
2587 5242 2755 5295 corda
2782 5240 3072 5294 hominum
3103 5239 3172 5294 ad
3195 5239 3530 5292 charitatem
3559 5250 3734 5290 accen-

2161 5330 2388 5386 dit.Sed
2415 5336 2601 5400 potest
2632 5331 2813 5383 adhuc
2841 5330 3017 5399 quzeri
3048 5344 3219 5399 quare
3249 5327 3594 5381 assimiletur
3609 5321 3734 5395 igni?

2160 5419 2246 5472 Ad
2296 5420 2398 5472 hoc
2429 5436 2556 5472 vero
2584 5418 3035 5489 respondendum
3066 5424 3183 5471 est:
3237 5417 3373 5487 quia
3411 5416 3558 5469 sicut
3604 5411 3733 5483 ignis

2159 5507 2298 5562 latet
2326 5507 2382 5561 in
2406 5507 2658 5563 silicibus
2695 5513 2753 5562 et
2771 5507 2965 5577 petris,
2987 5506 3067 5564 ita
3117 5504 3474 5576 omnipotens
3507 5505 3649 5558 Deus
3682 5500 3730 5553 in
