3992 6166
257 269 364 337 929

255 409 510 458 creatura
543 420 646 458 sua
675 409 864 457 manet
899 423 910 456 :
948 404 1041 456 sed
1075 410 1264 457 tamen
1295 419 1404 457 non
1436 403 1674 458 videtur.

325 494 578 548 Charitas
599 494 979 558 fraternitatis
996 497 1215 544 maneat
1237 493 1646 556 invobis.Quod
1671 499 1756 546 est
1775 492 1856 545 di-

254 596 410 635 cere:
438 581 525 634 Ita
552 579 772 648 diligite
793 595 1007 642 omnes,
1043 579 1188 632 sicut
1217 580 1604 650 vosmetipsos,
1642 581 1856 648 recogi-

253 675 438 723 tantes
465 685 562 722 vos
595 667 802 725 habere
835 684 1008 721 unum
1042 668 1218 721 Deum
1254 667 1479 720 I’atrem
1515 668 1858 738 omnipoten-

256 764 391 820 tem,
417 764 474 811 et
495 772 664 810 unam
689 763 927 810 matrem
969 756 1295 823 Ecclesium,
1327 756 1440 809 sive.
1467 773 1528 809 ex
1560 773 1672 810 uno
1704 761 1860 826 patre

253 845 456 910 Adam,
477 850 533 898 et
553 861 660 898 una
685 851 868 898 matre
891 845 1336 914 Evaprogcnitos
1363 860 1484 897 esse
1509 862 1519 896 :
1545 854 1592 896 et
1625 845 1862 911 hospita-

256 937 465 988 litatem
503 937 668 986 nolite
697 935 961 986 oblivisci.
998 934 1120 985 Non
1150 932 1318 985 dixit:
1355 932 1672 1002 llospitales
1717 938 1862 985 esto-

251 1029 329 1084 te,
362 1021 460 1075 sed
486 1021 927 1090 hospitalitatem
958 1021 1128 1074 nolite
1143 1021 1412 1073 oblivisci.
1439 1021 1684 1074 Fuerant
1709 1021 1856 1073 enim

251 1109 334 1162 illi
367 1109 506 1163 satis
531 1109 1010 1180 hospitalitatibus
1027 1109 1221 1166 dediti.
1245 1115 1546 1179 antequam
1565 1109 1859 1178 eXspoliati

250 1205 441 1252 essent
470 1197 712 1268 prepriis
740 1196 1116 1258 facultatibus,
1163 1197 1256 1250 sed
1303 1205 1598 1267 postquam
1630 1197 1860 1251 enudati

250 1291 387 1340 sunt
414 1303 480 1340 ex
514 1286 754 1338 maxima
787 1295 946 1356 parte
975 1285 1195 1356 propria
1221 1284 1555 1350 substantia,
1585 1286 1862 1340 erantite-

248 1391 376 1429 rum
405 1374 642 1428 nimium
669 1381 913 1428 tenaces.
945 1375 1298 1443 Quaproister
1321 1375 1584 1427 hortatur
1603 1390 1698 1427 eos
1713 1373 1859 1444 Apo-

931 279 1310 334 EXPOSiTlO
1353 279 1428 334 IN
1472 281 1624 334 ΕΜ).
1670 284 1724 336 S.
1770 283 1867 336 ΡΑ

1951 283 2004 336 .l.
2051 311 2114 321 —
2154 283 2230 336 ΙΝ
2271 283 2493 336 ΕΡιδΤ.
2537 283 2630 338 AD
2673 284 2885 338 IIEBR.

3417 283 3528 344 930

1871 407 1921 464 Α
1938 405 2268 459 concubitus
2290 405 2502 477 absque
2520 407 2907 462 fornicationis
2928 425 3097 462 causa
3136 413 3194 462 et
3214 409 3538 466 immacula-

1939 499 2031 547 tus
2053 494 2249 555 lectus,
2276 495 2626 550 imo-iaculati
2647 502 2702 550 et
2719 497 2796 550 illi
2815 497 2944 551 inde
2967 486 3282 568 surgentes,
3307 499 3412 552 hoc
3431 503 3536 567 est,

1941 583 2218 635 maculam
2246 583 2456 652 peccati
2488 585 2615 638 inde
2665 602 2774 639 non
2810 587 3118 642 trahentes.
3150 586 3310 641 Unde
3340 587 3538 641 beatus

1941 669 2238 724 Mattbzeus
2259 671 2544 742 apostolus
2559 672 2692 727 dicit
2719 673 2775 726 in
2795 674 3035 744 quodam
3076 675 3218 738 loco,
3251 674 3385 744 quia
3407 675 3542 746 legi-

1941 756 2140 811 timum
2165 760 2489 828 conjugium
2537 766 2594 813 et
2637 761 2835 816 thorus
2885 762 3303 829 immaculatus,
3347 764 3541 819 sordes

1942 845 2151 900 habent
2179 848 2591 918 quodammodo
2643 849 2700 903 in
2730 851 3126 906 commixtione
3147 851 3401 918 seminis,
3441 851 3542 907 sed

1943 935 2154 1003 peccati
2199 935 2473 988 maculam
2503 952 2614 990 non
2636 936 2846 991 habent
2901 939 3101 992 Melius
3121 944 3206 993 est
3230 939 3379 994 enim
3401 956 3542 994 uxo-

1942 1039 2060 1076 rem
2091 1023 2398 1090 legitimam
2423 1024 2642 1082 ducere.
2671 1042 2838 1096 quam
2870 1043 2995 1080 cum
3038 1027 3408 1082 meretriculis
3429 1027 3542 1082 for-

1943 1110 2136 1173 nicari,
2163 1117 2259 1164 aut
2294 1111 2463 1164 etiam
2519 1113 2757 1168 alienum
2808 1131 3007 1168 uxores
3041 1115 3272 1170 violare.
3313 1115 3372 1170 Si
3410 1132 3542 1171 vero

1943 1215 2053 1252 non
2070 1199 2234 1252 fuerit
2254 1198 2566 1268 legitimum
2599 1199 2958 1264 connubium,
2995 1217 3178 1272 neque
3197 1218 3387 1256 amore
3404 1202 3544 1257 filio-

1942 1303 2088 1350 rum,
2108 1286 2201 1338 sed
2225 1302 2393 1339 causa
2413 1286 2659 1340 libidinis
2678 1287 2981 1358 explendae,
3007 1289 3306 1360 pluresque
3333 1290 3546 1345 fuerint

1943 1391 2161 1438 uxores,
2189 1376 2306 1443 jam
2345 1391 2454 1427 non
2485 1381 2571 1428 est
2595 1375 2921 1429 honorabile
2958 1377 3320 1442 connubium,
3360 1395 3545 1450 neque

246 1463 448 1527 stolus,
477 1469 542 1516 ut
564 1463 870 1516 secundum
911 1462 1294 1532 possibilitatis
1325 1463 1573 1520 modum,
1609 1462 1856 1533 hospita-
1939 1463 2135 1515 thorus
2158 1462 2570 1526 immaculatus,
2610 1466 2976 1530 fornicatores
3005 1470 3154 1518 enim
3182 1471 3230 1518 et
3261 1466 3544 1520 adulteros

249 1551 427 1605 litatis
449 1551 696 1604 officium
728 1551 1124 1621 adimpleient,
1159 1551 1353 1603 dicens
1391 1551 1472 1603 eis
1508 1565 1518 1598 :
1549 1551 1856 1620 llospitali-
1926 1552 2202 1618 jmlicabil
2231 1553 2390 1605 Deus.
2425 1551 2710 1605 Fornicari
2760 1559 2845 1606 est
2875 1569 3098 1624 quoquo
3148 1553 3314 1608 modo
3342 1552 3542 1626 pollui,

246 1646 426 1693 tatem
461 1639 631 1692 nolite
661 1638 928 1692 oblivioni
958 1639 1177 1692 tradere
1202 1639 1513 1708 pristinam.
1556 1638 1854 1708 llospitali-
1941 1638 2338 1708 libidinemque
2377 1640 2618 1710 explere,
2662 1640 2985 1695 adulterare
3034 1659 3163 1695 vero
3194 1648 3282 1696 est
3309 1642 3544 1697 alterius

245 1735 336 1782 tas
361 1735 550 1782 autem
615 1727 780 1780 hilari
829 1733 1016 1780 mente
1047 1733 1103 1779 et
1131 1727 1318 1779 animo
1347 1727 1472 1779 laeto
1502 1731 1586 1780 est
1614 1727 1850 1796 agenda.
1878 1714 1920 1772 Β
1943 1726 2164 1779 thorum
2190 1727 2412 1780 violare.
2436 1727 2594 1781 Unde
2611 1727 2850 1792 adulter,
2869 1729 3031 1799 quasi
3053 1729 3288 1784 alterius
3309 1731 3537 1784 thorum

241 1819 411 1887 juxta
446 1815 592 1886 quod
629 1815 823 1869 beatus
853 1815 1052 1869 Petrus
1091 1815 1260 1868 dicit:
1298 1817 1600 1880 Hospitales
1623 1817 1858 1868 invicem

245 1907 368 1958 sine
396 1906 847 1958 murmuratione
869 1907 910 1968 (I
938 1906 1081 1956 Pclr.
1116 1903 1279 1972 lv,9).
1314 1903 1380 1956 Et
1415 1902 1575 1955 alibi:
1606 1904 1856 1957 Hilarem

245 1994 499 2045 datorem
529 1993 719 2057 diligit
753 1993 889 2044 Deus
916 1994 996 2060 (ll
1026 1993 1149 2055 Cor,
1181 2005 1254 2052 lx,
1304 1989 1378 2059 7).
1415 1990 1680 2060 Sequitur
1710 2008 1721 2041 :
1754 1993 1858 2044 Per

249 2080 400 2131 hanc
425 2081 575 2132 enim
605 2078 938 2148 placuerunt
959 2080 1190 2146 quidam
1222 2079 1356 2144 Deo,
1385 2082 1596 2143 angelis
1625 2079 1856 2144 hospitio

245 2170 496 2235 receptis,
530 2171 596 2220 ut
620 2166 905 2220 Abraham
935 2167 1029 2236 qui
1076 2165 1281 2219 meruit
1326 2165 1752 2236 promissionem
1785 2167 1855 2220 de

247 2255 366 2308 filio
395 2255 666 2325 accipere,
699 2263 756 2308 et
786 2255 926 2309 Loth
957 2255 1052 2324 qui
1104 2254 1372 2307 liberatus
1407 2260 1494 2307 est
1545 2253 1614 2306 de
1641 2253 1854 2309 excidio

253 2343 652 2404 Sodomorum,
693 2343 840 2396 unde
863 2343 982 2412 ipse
1005 2343 1177 2412 judex
1205 2343 1456 2395 omnium
1489 2342 1741 2396 dicturus
1771 2351 1856 2398 est

248 2432 306 2485 in
336 2432 432 2485 die
462 2430 731 2485 examinis
766 2450 776 2482 :
808 2432 1072 2498 Quandiu
1116 2434 1318 2498 [coistis
1373 2433 1478 2483 uni
1505 2447 1569 2482 ea:
1599 2433 1855 2484 minimis

249 2523 409 2581 meis,
442 2521 581 2574 mihi
609 2521 812 2586 fecistis
841 2519 1050 2584 (Matth
1084 2535 1212 2581 xxv,
1237 2518 1350 2578 40).

321 2608 648 2660 Mementote
681 2609 995 2659 vinctorum
1028 2610 1292 2673 tanquam
1322 2609 1492 2659 simul
1522 2610 1712 2669 vincti,
1758 2607 1859 2660 hoc

254 2703 364 2758 est,
386 2695 535 2748 sicut
549 2694 820 2764 Optaretis
852 2693 1003 2746 vobis
1033 2693 1335 2760 subveniri,
1354 2695 1633 2764 vestrique
1666 2695 1861 2748 memi-

1939 1813 2170 1873 violans,
2203 1813 2300 1867 sed
2331 1815 2581 1883 nunquid
2611 1815 2967 1886 omnipotens
3013 1816 3162 1870 Deus
3189 1815 3544 1870 solummodo

1940 1902 2304 1956 fornicatores
2327 1909 2383 1955 et
2415 1903 2700 1956 adulteros
2733 1902 3030 1972 judicabit,
3055 1904 3158 1957 hoc
3187 1905 3544 1970 est,damna-

1942 1989 2039 2054 bit,
2106 1990 2497 2060 praetermissis
2563 1991 2878 2050 homicidis.
2929 1991 3236 2062 sacrilegis,
3303 1991 3540 2058 furibus,

1940 2079 2176 2148 aliisque
2187 2078 2418 2131 diversis
2436 2079 2762 2132 criminibus
2776 2079 3041 2133 involutis
3057 2081 3082 2132 ’ἶ
3097 2079 3542 2143 Minime.Quare

1939 2183 2072 2235 ergo
2089 2167 2391 2236 Apostolus
2429 2167 2746 2236 specialiter
2776 2167 3139 2222 fornicatores
3171 2173 3229 2222 et
3256 2169 3544 2223 adulteros

1931 2255 2268 2324 judicandos
2306 2255 2423 2308 fore
2467 2255 2643 2308 dixit?
2669 2255 2946 2309 Nimirum
2976 2257 3105 2324 quia
3135 2255 3204 2310 de
3225 2256 3540 2324 homicidia,

1938 2342 2245 2412 sacrilegis,
2269 2343 2603 2408 latronibus,
2619 2343 2932 2414 parricidis,
2955 2349 3124 2414 atque
3140 2344 3266 2398 aliis
3287 2349 3546 2415 peccato-

1937 2448 2062 2484 rum
2097 2431 2341 2501 pondcre
2369 2432 2636 2500 gravatis,
2667 2432 2822 2485 nulla
2853 2432 3129 2486 haesitatio
3153 2439 3238 2486 est
3266 2432 3400 2504 quin
3430 2433 3547 2486 sint

1939 2519 2265 2584 damnandi,
2287 2520 2356 2572 de
2397 2518 2830 2573 fornicatoribus
2851 2536 2980 2574 vero
3007 2525 3064 2574 et
3087 2521 3358 2574 adulteris
3383 2525 3548 2576 erant

1939 2613 2075 2661 tunc
2094 2608 2362 2676 temporis
2387 2607 2481 2676 qui
2500 2607 2853 2667 dubitabant.
2873 2607 3122 2662 dicentes
3149 2608 3218 2661 ad
3237 2609 3354 2662 haec
3371 2608 3546 2663 factos

1944 2695 2218 2748 masculos
2237 2703 2292 2747 et
2323 2694 2558 2748 feminas
2590 2712 2623 2747 a
2645 2697 2781 2756 Deo,
2804 2702 2866 2748 ut
2885 2696 3051 2748 simul
3073 2701 3290 2761 coeant,
3309 2695 3548 2766 ideoque

253 2783 412 2836 nisse
433 2782 482 2835 si
503 2782 699 2835 essetis
719 2781 882 2834 vincti
907 2781 963 2834 in
988 2797 1229 2848 carcere,
1263 2783 1342 2835 ita
1381 2789 1722 2836 mementote
1744 2783 1863 2836 illc-
1943 2799 2055 2836 non
2085 2799 2207 2838 esse
2235 2791 2520 2852 peccatum
2554 2800 2678 2836 cum
2725 2783 2976 2852 qualibet
3006 2783 3242 2837 muliere
3287 2799 3548 2837 concum-

253 2889 382 2925 rum
409 2871 504 2940 qui
521 2887 620 2940 pro
645 2870 752 2923 fide
775 2869 982 2923 Christi
1005 2870 1266 2924 vinculati
1301 2877 1584 2935 tenentur,
1604 2871 1860 2925 videlicet
1941 2870 2091 2936 bere,
2123 2871 2267 2941 quod
2299 2872 2526 2944 omnino
2551 2872 2710 2941 longe
2735 2889 2769 2924 a
2794 2871 3026 2924 veritate
3071 2879 3176 2925 est.
3211 2872 3369 2926 Unde
3396 2875 3540 2943 Apo-

254 2967 530 3030 tanqnam
560 2969 615 3012 et
643 2975 735 3011 vos
765 2958 934 3012 simul
961 2958 1083 3012 sitis
1115 2959 1280 3012 vincti
1311 2976 1435 3012 cum
1479 2960 1608 3024 illis,
1639 2966 1686 3012 et
1711 2962 1860 3013 labo-
1887 3017 1923 3030 η
1943 2961 2144 3028 stolus,
2165 2977 2290 3013 cum
2317 2961 2560 3029 primum
2583 2961 2812 3012 dixisset
2846 2958 3173 3013 honorabile
3201 2960 3543 3014 connubium

253 3050 541 3108 matiam,
567 3045 836 3100 subaudis
867 3053 1227 3110 mementote,
1279 3053 1548 3116 tanquam
1591 3055 1638 3100 et
1663 3051 1768 3116 ipsi
1799 3051 1861 3100 in
1883 3017 1926 3076 Ο
1944 3053 1997 3101 et
2012 3047 2236 3100 thorum
2254 3046 2674 3100 immaculatum
2697 3047 2915 3117 placere
2938 3048 3206 3110 Deo,mox
3223 3046 3542 3114 subintulit,

255 3151 484 3205 corpore
515 3134 639 3188 sitis
671 3141 968 3198 morantes,
988 3136 1134 3206 quod
1157 3142 1244 3189 est
1261 3135 1465 3194 dicere.
1492 3135 1639 3202 Quia
1670 3137 1726 3189 in
1745 3151 1864 3189 cor-
1946 3136 2089 3199 Quia
2101 3135 2466 3189 fornicatores
2489 3141 2544 3188 et
2565 3135 2848 3190 adulteros
2872 3135 3150 3205 judicabit
3163 3136 3330 3200 Deus,
3358 3141 3542 3190 osten-

259 3241 402 3295 pore
427 3223 608 3277 adhuc
634 3225 768 3276 estis
800 3230 1102 3286 morantes,
1145 3239 1244 3292 per
1297 3223 1441 3292 quod
1483 3222 1864 3294 experimento
1947 3224 2245 3293 densjustc
2255 3223 2492 3292 judicari
2511 3223 2876 3278 fornicatores
2891 3231 2948 3277 et
2967 3215 3281 3280 adulteros.
3316 3223 3374 3278 Si
3395 3223 3548 3278 enim

258 3311 602 3380 cognoscitis
617 3311 751 3381 quid
770 3327 994 3366 necesse
1013 3311 1862 3374 estlaborantibus,mementote
1945 3312 2282 3366 connubium
2303 3328 2624 3369 concessum
2643 3318 2745 3368 est.
2759 3313 2912 3382 justo
2943 3312 3309 3367 fornicatores
3333 3311 3548 3384 suppli-

260 3403 494 3456 illorum
521 3399 617 3471 qui
649 3399 907 3453 laborant
927 3399 983 3452 in
1009 3399 1258 3453 doctrina
1291 3408 1347 3452 et
1381 3399 1703 3469 operatione
1731 3416 1863 3452 san-

263 3499 379 3558 cta,
403 3488 887 3542 subministrando
908 3487 1132 3552 victum,
1158 3488 1572 3550 vestimentum,
1596 3487 1740 3541 sicut
1757 3488 1868 3541 vel-

261 3579 391 3632 letis
425 3577 589 3632 vestri
618 3575 956 3640 meminisse,
987 3577 1036 3629 si
1061 3576 1256 3629 taliter
1285 3575 1747 3630 laboraretis.Pcr
1767 3576 1870 3630 hoc

263 3668 423 3721 enim
457 3665 590 3737 quia
617 3665 674 3718 in
707 3681 940 3735 corpore
970 3665 1194 3717 mortali
1224 3664 1485 3729 manetis,
1526 3663 1672 3716 sicut
1703 3670 1759 3716 et
1786 3663 1870 3716 illi

267 3755 662 3826 experimento
683 3752 936 3824 probatis
970 3752 1102 3822 quia
1129 3755 1340 3806 militia
1379 3758 1454 3806 est
1483 3756 1597 3806 vita
1629 3755 1870 3808 hominis

264 3860 442 3912 super
469 3849 676 3896 terram
697 3844 837 3909 (Job.
862 3855 956 3904 v11,
992 3840 1068 3907 1),
1090 3845 1147 3894 et
1182 3841 1348 3895 homo
1395 3842 1465 3895 ad
1494 3841 1740 3896 laborem
1769 3859 1874 3896 na-

263 3933 470 3992 scitur,
499 3931 646 3984 sicut
672 3930 789 3982 avis
827 3929 898 3982 ad
919 3929 1182 3982 volatum.

336 4019 676 4074 Honorabile
694 4019 1056 4084 connubium,
1077 4017 1346 4072 subaudis
1365 4017 1439 4070 sit
1457 4017 1514 4071 in
1528 4017 1706 4082 nobis,
1730 4017 1876 4072 sicut

264 4109 462 4179 placet
475 4107 608 4168 Deo,
627 4111 674 4158 et
695 4107 884 4159 (horas
921 4107 1338 4172 inimice-alatus.
1361 4106 1718 4160 Connubium
1737 4106 1873 4160 dici-

1946 3401 2047 3454 ciis
2077 3401 2417 3466 afﬁciuntur,
2437 3401 2591 3469 juste
2621 3400 2934 3470 puniuntur
2961 3399 3222 3454 adulteri.

2017 3487 2144 3542 Sint
2164 3504 2336 3540 mores
2354 3491 2473 3540 sine
2493 3489 2760 3550 avaritia,
2784 3490 3028 3540 contenti
3040 3486 3550 3554 praesentibus.Mos

1951 3584 2036 3630 est
2057 3577 2321 3630 honestas
2341 3576 2465 3628 vita:
2485 3585 2540 3628 et
2561 3575 2699 3628 bene
2720 3574 2956 3627 vivendi.
2994 3575 3119 3627 Non
3164 3574 3333 3628 dixit:
3363 3573 3550 3628 Nolite

1952 3665 2238 3735 possidere
2268 3663 2508 3728 divitias,
2525 3663 2621 3716 sed
2641 3663 2756 3716 sint
2786 3678 2990 3723 mores,
3017 3661 3071 3713 id
3091 3667 3177 3714 est
3199 3661 3312 3714 vita
3340 3666 3398 3715 et
3416 3677 3551 3716 con-

1951 3753 2196 3806 versatio
2220 3759 2406 3806 vestra
2425 3752 2547 3806 sine
2578 3751 2834 3804 avaritia.
2878 3751 3092 3804 Avarus
3118 3748 3328 3803 dicitur
3355 3749 3553 3803 avidus

1955 3841 2100 3905 auri,
2135 3840 2388 3894 videlicet
2417 3840 2549 3910 quia
2576 3846 2744 3893 tenax
2779 3843 2863 3892 est
2893 3837 2950 3892 in
2979 3837 3290 3906 largiendo,
3318 3842 3376 3891 et
3401 3837 3555 3908 cupi-

1955 3929 2060 3982 dus
2092 3929 2150 3982 in
2171 3927 2494 3998 accipiendo
2526 3933 2581 3980 et
2607 3928 2702 3997 qui
2730 3943 2956 3980 manum
2979 3925 3150 3980 habet
3172 3925 3462 3980 collectam
3481 3925 3554 3979 ad

1956 4017 2223 4078 dandum,
2257 4024 2316 4070 et
2345 4022 2628 4070 extentam
2660 4016 2730 4069 ad
2761 4014 3164 4084 accipiendum.
3197 4015 3279 4069 De
3307 4031 3418 4086 quo
3439 4015 3558 4086 qui-

1957 4107 2086 4160 dam
2117 4105 2340 4176 sapiens
2385 4104 2697 4168 admonuit,
2758 4103 2948 4156 dicens
2983 4103 3146 4156 :Non
3192 4104 3267 4157 sit
3296 4107 3558 4174 porrecta

265 4204 366 4250 tur
392 4211 430 4248 a
453 4193 840 4247 connubendo.
871 4193 1044 4246 Erant
1069 4193 1295 4262 quidam
1325 4199 1461 4246 tunc
1480 4194 1750 4264 temporis
1780 4195 1876 4264 qui
1960 4211 2164 4248 manus
2193 4201 2293 4248 tua
2321 4194 2390 4247 ad
2415 4191 2800 4263 accipiendum
2833 4195 2890 4244 et
2919 4190 2987 4243 ad
3021 4189 3267 4244 dandum
3290 4191 3550 4248 collecta.

275 4281 738 4338 condemnabam
783 4281 1030 4351 nuptias,
1084 4280 1334 4334 dicentes
1367 4279 1721 4336 immundum
1757 4299 1878 4336 esse
1960 4283 2236 4337 Fortassis
2257 4289 2552 4352 postquam
2577 4279 2871 4351 exspoliati
2894 4279 3118 4332 fuerant
3143 4279 3370 4350 propria
3387 4279 3560 4334 facul-

271 4369 580 4442 conjugale
607 4367 967 4433 connubium,
998 4385 1100 4421 nec
1157 4385 1280 4422 esse
1331 4369 1602 4422 mundum
1647 4387 1810 4440 posse
1847 4387 1881 4424 a
1903 4363 2078 4425 Dtate
2107 4388 2140 4424 a
2170 4388 2278 4424 non
2301 4369 2677 4434 credentibus,
2709 4367 3012 4438 cupiebant
3037 4367 3140 4422 sub
3165 4373 3388 4422 retenta
3417 4367 3560 4422 elec-

270 4461 427 4514 lecto
459 4458 716 4528 conjugis
746 4462 1094 4527 surgentem.
1161 4457 1321 4511 Unde
1342 4457 1554 4527 ,beatus
1581 4459 1882 4528 Apostolus

175 4539 187 4544 ”
273 4548 597 4618 legitimum
631 4544 994 4611 connubium,
1025 4545 1173 4616 quod
1203 4561 1372 4599 causa
1400 4545 1608 4599 amoris
1637 4547 1880 4600 filiorum

275 4637 371 4700 sit,
391 4651 504 4690 non
525 4651 692 4688 causa
712 4633 958 4688 libidinis
980 4634 1282 4705 explendae,
1317 4651 1430 4688 non
1475 4635 1657 4708 solum
1686 4651 1882 4690 conce-

277 4726 384 4787 dit,
413 4724 512 4778 sed
546 4724 716 4778 etiam
749 4723 886 4776 dicit
914 4723 1032 4777 Deo
1079 4721 1216 4775 illud
1262 4722 1504 4792 placere.
1547 4723 1886 4778 Honorabile

277 4815 437 4868 enim
471 4811 812 4866 connubium
841 4817 946 4874 est,
968 4826 1162 4862 amore
1191 4810 1438 4864 filiorum
1467 4811 1718 4882 legitime
1746 4828 1886 4866 uxo-

279 4919 404 4956 rem
437 4901 640 4955 ducere
667 4897 1126 4969 temporibusque
1154 4897 1322 4952 certis
1368 4898 1438 4952 ab
1481 4915 1548 4952 ea
1579 4900 1881 4966 abstinere,

278 5008 388 5045 nec
415 4989 606 5060 plures
660 5003 861 5042 uxores
897 4986 1122 5050 habere,
1175 4987 1440 5057 quoniam
1493 4988 1552 5042 in
1601 4989 1760 5042 initio
1789 4991 1886 5058 (ut

281 5079 582 5148 Scriptura
601 5077 762 5146 dicit)
781 5075 989 5130 creavit
1011 5077 1158 5129 Deus
1178 5075 1463 5129 hominem
1489 5075 1560 5129 ad
1575 5075 1880 5146 imaginem

279 5183 471 5233 suam,
496 5166 566 5220 ad
612 5164 917 5235 imaginem
960 5164 1062 5217 Dei
1115 5163 1322 5218 creavit
1345 5163 1526 5230 illum,
1571 5165 1878 5218 masculum

281 5261 341 5308 et
401 5254 667 5309 feminam
723 5252 935 5306 creavit
975 5268 1071 5306 eos
1125 5251 1376 5322 dixitque
1421 5253 1502 5306 eis
1533 5273 1544 5306 :
1573 5253 1800 5307 Crescite
1829 5258 1878 5306 et

280 5346 757 5412 multiplicamini
777 5343 928 5404 (Gen.
956 5346 1018 5409 ι).
1036 5343 1096 5396 In
1117 5341 1480 5410 sequentibus
1498 5357 1718 5411 quoque
1749 5342 1885 5396 dici-

280 5439 401 5494 tur,
419 5431 564 5502 quod
579 5431 753 5486 futuri
772 5436 961 5485 essent
979 5431 1089 5484 duo
1111 5431 1167 5484 in
1186 5445 1353 5482 carne
1375 5446 1504 5483 una.
1543 5429 1881 5498 Hujusmodi

281 5519 558 5574 connubii
575 5520 772 5574 thorus
798 5519 1196 5574 immaculatus
1211 5523 1315 5582 est,
1364 5516 1470 5571 hoc
1489 5521 1575 5570 est
1595 5516 1880 5586 legitimus

1964 4476 2210 4531 mosynae
2236 4459 2440 4513 iterum
2473 4473 2814 4528 congregare
2835 4456 3056 4510 divitias
3070 4499 3084 4512 .
3109 4455 3346 4526 Ideoque
3365 4455 3562 4512 admo-

1965 4548 2088 4602 nuit
2114 4549 2412 4618 Apostolus
2443 4553 2507 4600 ut
2535 4551 2723 4600 essent
2743 4562 2927 4599 mores
2957 4544 3181 4598 illorum
3217 4543 3338 4598 sine
3374 4544 3560 4598 avari-

1965 4637 2064 4701 tia,
2089 4635 2335 4690 contenti
2390 4641 2612 4688 tantum
2664 4632 3031 4704 praesentibus
3059 4631 3406 4698 necessariis,
3447 4647 3560 4688 non

1965 4725 2393 4796 praecogitantes
2413 4725 2482 4777 de
2497 4723 2705 4787 futuro,
2720 4722 2880 4790 juxta
2902 4719 3050 4790 quod
3074 4720 3193 4790 ipse
3211 4719 3346 4773 alibi
3367 4721 3561 4774 horta-

1965 4821 2058 4868 tus
2069 4814 2271 4877 fuerat,
2295 4797 2486 4867 dicens
2513 4829 2525 4864 :
2553 4810 2836 4864 Habentes
2856 4808 3063 4862 victum
3085 4813 3143 4861 et
3159 4807 3440 4874 vestitum,
3472 4807 3563 4863 his

1967 4901 2213 4955 contenti
2233 4900 2410 4953 simus
2430 4901 2480 4960 il
2495 4901 2634 4951 Tim.
2659 4901 2754 4962 VI);
2779 4901 2836 4949 et.
2851 4911 2921 4948 ne
2941 4895 3084 4949 forte
3103 4895 3353 4950 dicerent
3375 4913 3386 4948 :
3416 4895 3564 4962 Quid

1963 4988 2165 5042 facturi
2193 4989 2403 5041 erimus
2432 4986 2478 5039 si
2503 4983 2820 5039 necessaria
2851 4982 3011 5037 nobis
3041 4983 3340 5053 contigerit
3369 4984 3565 5042 deesse

1965 5076 2250 5145 suffragia,
2282 5073 2548 5146 proximis
2571 5073 3006 5126 consolationem
3033 5071 3268 5137 addidit,
3291 5073 3562 5130 adhibens

1961 5165 2347 5218 testimonium
2369 5163 2591 5216 delibro
2615 5162 2746 5215 Jcsu
2776 5161 2947 5214 Nave.
2975 5163 3090 5230 Ipse
3109 5177 3260 5215 enim
3281 5163 3430 5218 Deus
3445 5179 3563 5218 om-

1961 5253 2374 5323 nipotensdiwit
2403 5270 2419 5304 :
2447 5253 2570 5304 Non
2602 5256 2648 5304 te
2677 5251 2922 5304 deseram
2955 5266 3124 5318 neque
3153 5251 3558 5320 derelinquam.

1965 5342 2100 5396 Post
2126 5347 2361 5393 moztem
2395 5339 2570 5410 Moysi
2593 5339 2734 5392 dixit
2759 5338 3035 5393 Dominus
3065 5339 3234 5393 Josue
3258 5361 3268 5394 :
3303 5339 3462 5394 Sicut
3479 5339 3562 5394 fui

1963 5446 2090 5485 cum
2118 5429 2330 5498 Moyse,
2353 5427 2434 5480 ita
2447 5443 2543 5480 ero
2581 5434 2786 5481 tecum.
2816 5429 3158 5494 Confertare,
3185 5433 3234 5481 et
3259 5432 3366 5481 esto
3393 5428 3561 5480 robu-

1960 5523 2077 5572 stus
2113 5518 2273 5582 (Dan.
2308 5520 2393 5584 x);
2429 5531 2542 5570 non
2571 5521 2619 5570 te
2650 5517 2916 5582 deseram,
2952 5531 3122 5585 neque
3139 5517 3557 5582 derelinquam.
