3884 6154
465 198 562 256 931

888 195 1270 251 HAYMONIS
1309 193 1798 250 HALBERSTAT.
1841 193 2064 249 EPISC.
2108 195 2267 251 OPP.
2310 199 2494 254 PARS
2533 200 2577 254 Ι.
2625 229 2684 240 -
2729 201 3098 257 COMMENT.
3142 202 3325 257 BIBL.

3611 205 3701 264 93'2

463 325 622 391 Quod
653 323 972 394 exemplum
1003 328 1068 376 ut
1099 323 1341 393 pertinet
1361 322 1434 375 ad
1455 322 1643 383 Josue,
1663 319 1742 372 ita
1759 324 1815 372 et
1843 319 1914 372 ad
1935 336 2057 373 om-
2075 325 2120 381 Α
2144 323 2471 377 reticorum.
2492 324 2694 395 quibus
2721 325 3077 381 abducuntur
3091 332 3148 380 et
3176 330 3509 397 separantur
3524 298 3705 399 simpli-

460 432 590 470 nem
609 415 870 477 electum,
893 412 988 482 qui
1009 428 1164 482 spem
1184 428 1343 464 suam
1378 410 1435 464 in
1457 410 1569 464 Deo
1592 407 1759 461 habet
1782 408 2049 478 positam.

460 504 631 561 Nulla
649 502 800 557 enim
815 502 1032 557 ratione
1048 500 1336 565 mentitur,
1361 498 1408 552 si
1426 498 1483 551 in
1517 498 1611 551 illo
1628 514 1784 568 spem
1808 504 2059 552 nostram

459 592 721 665 ponimus
734 637 748 649 .

534 697 921 764 Ita,subaudis
942 701 1026 751 est
1067 697 1163 750 ille
1197 694 1586 759 nobiscum,ut
1608 695 1943 759 conﬁdenter
1977 693 2061 745 di-

459 803 668 850 camus,
692 788 960 839 Dominus
988 786 1130 837 mihi
1154 786 1382 851 adjutor
1410 786 1504 847 est,
1538 798 1645 834 non
1705 782 1902 833 timebo
1925 780 2061 847 Quid

456 882 631 948 faciat
654 879 798 930 mihi
825 877 1001 930 homo.
1037 875 1293 929 Hominis
1324 874 1550 928 nomine
1584 872 1920 941 intelligitur
1948 871 2056 936 hic,

458 983 571 1022 non
599 966 779 1020 solum
813 965 1053 1018 carnalis
1085 963 1319 1035 quilibet
1350 962 1724 1019 adversarius.
1764 961 1859 1013 sed
1892 960 2059 1013 etiam

456 1055 637 1109 hostis
663 1054 951 1124 antiquus,
986 1053 1080 1124 qui
1100 1054 1266 1106 homo
1280 1052 1615 1122 appellatur,
1645 1050 1714 1103 ab
1741 1049 1921 1102 ofﬁcio
1960 1064 2061 1102 suo

454 1143 788 1197 vocabulum
820 1158 1067 1205 sumens,
1085 1158 1149 1194 eo
1168 1141 1315 1211 quod
1334 1140 1613 1192 hominem
1635 1137 1895 1207 decipiat.
1918 1137 2063 1190 sicut

457 1239 514 1286 et
566 1231 824 1286 Christus
879 1231 966 1283 leo
1007 1229 1326 1300 appellatur
1384 1234 1614 1298 propter
1649 1224 2055 1279 fortitudinem.

462 1322 617 1377 Unde
647 1321 928 1389 Propheta
954 1317 1117 1371 dicit:
1154 1319 1321 1383 Eripe
1350 1334 1452 1373 me,
1480 1318 1723 1378 Domine,
1749 1316 1817 1368 ab
1837 1314 2059 1367 homine

455 1412 604 1462 malo
654 1410 823 1477 (Psal.
886 1410 1125 1471 cxxxtx),
1159 1405 1214 1457 id
1248 1410 1334 1457 est
1377 1404 1617 1457 diabolo.
1660 1404 1895 1473 Oportet
1924 1419 2057 1473 ergo

455 1514 558 1551 nos
580 1496 639 1549 in
685 1493 945 1548 omnibus
994 1492 1453 1547 tribulationibus
1503 1509 1601 1546 seu
1652 1491 2056 1545 tentationibus

453 1585 606 1639 hunc
637 1583 975 1637 versiculum
1009 1581 1436 1651 Psalmographi
1475 1596 1573 1634 seu
1602 1581 1854 1650 Apostoli
1882 1581 2058 1634 excla-

2141 410 2321 464 ciores
2351 428 2384 465 a
2411 414 2644 467 veritate
2665 413 2812 472 ﬁdei,
2834 415 3262 483 superstitiones
3283 432 3502 485 quoque
3518 417 3706 470 Judae-

2144 515 2288 557 rum.
2341 500 2437 569 qui
2489 501 2690 555 docent
2728 501 3121 555 abstinendum
3157 519 3189 555 a
3220 502 3549 572 quibusdam
3575 504 3703 567 cibis,

2147 604 2287 657 quos
2308 588 2393 641 lex
2414 588 2689 658 prohibet,
2722 590 2995 659 quosdam
3050 607 3180 643 vero
3229 590 3557 644 concedunt.
3592 591 3709 654 Quia

2146 692 2282 745 ergo
2332 676 2483 730 inter
2502 678 2627 731 illos
2656 684 2819 731 erant
2856 678 3081 749 quidam
3111 679 3418 733 carnaliter
3444 680 3705 749 sapientes,

2143 766 2239 835 qui
2272 782 2526 819 escarum
2556 766 2941 821 observatione
2970 774 3026 821 et
3054 767 3373 822 differentia
3406 767 3709 823 sedueebant

2140 854 2433 922 quosdam.
2468 854 2859 909 abstrahentes
2905 872 3001 909 eos
3030 873 3064 909 a
3093 856 3354 910 doctrina
3402 856 3705 926 evangelica,

2143 958 2267 1011 qua
2293 942 2433 995 dixit
2461 948 2650 997 omnia
2679 961 2802 998 esse
2838 947 3051 998 munda
3082 947 3311 998 mundis
3344 947 3480 1011 (Tit.
3514 952 3570 1005 ιι.
3606 946 3708 999 allo-

2144 1030 2337 1099 quitur
2363 1031 2488 1083 illos
2516 1033 2835 1101 Apostolus,
2870 1049 2940 1086 ne
3000 1033 3220 1086 illorum
3270 1033 3570 1103 peregrina
3613 1033 3708 1087 deo

2144 1118 2293 1171 trina
2328 1118 2755 1174 abducerentur.
2796 1121 2954 1184 Quod
3003 1128 3061 1173 et
3112 1121 3365 1191 apertius
3420 1121 3708 1175 manifestat

2142 1208 2488 1276 subjungens
2522 1227 2534 1261 :
2566 1210 2842 1276 Optimum
2878 1214 2951 1262 est
2969 1213 3119 1262 enim
3149 1213 3340 1276 gratia
3363 1212 3706 1275 stabitirecor,

2143 1311 2251 1347 non
2277 1300 2407 1348 escis
2427 1313 2544 1363 qua:
2590 1313 2701 1350 non
2729 1303 3067 1364 pro/uerunt
3096 1300 3529 1351 ambulantibus
3556 1301 3609 1351 in
3633 1300 3706 1356 cit.

2142 1382 2450 1452 Optimum,
2468 1384 2672 1454 inquit.
2692 1394 2747 1438 et
2780 1385 3085 1455 perfectum
3100 1390 3203 1449 est,
3231 1385 3492 1439 stabilire
3530 1394 3581 1439 et
3602 1402 3707 1440 eon-

2140 1472 2380 1525 solidare
2422 1474 2767 1527 intellectum
2816 1474 2990 1527 animi
3034 1474 3089 1527 in
3138 1473 3325 1543 gratia
3379 1474 3524 1527 Novi
3554 1475 3708 1528 Testa-

2142 1561 2335 1623 menti,
2359 1572 2421 1614 ut
2435 1561 2687 1615 habeatis
2708 1562 2872 1615 ﬁdem
2889 1562 3209 1632 perfectam,
3235 1563 3534 1616 credentes
3552 1568 3706 1616 omnia

454 1632 603 1639 ..νη
651 1632 975 1637 .--μη-ψη
1012 1632 1356 1651 ημηηση,
1406 1632 1433 1633 η
1740 1632 1743 1633 ν
1892 1632 1925 1634 ,κ

454 1689 630 1736 mare,
651 1672 929 1724 dicentes:
958 1672 1225 1723 Dominus
1243 1671 1386 1721 milii
1405 1670 1733 1735 adjutorcst,
1768 1686 1875 1722 non
1902 1673 2044 1722 time-

2138 1665 2188 1700 m
2201 1651 2351 1702 unda
2366 1667 2458 1703 mu
2470 1652 2613 1713 ndis,
2640 1668 2750 1703 non
2774 1650 3026 1704 stabilire
3051 1651 3108 1704 in
3123 1651 3466 1705 differentiis
3482 1658 3541 1704 et
3556 1650 3707 1704 obser-

455 1762 516 1815 bo
541 1762 678 1828 quid
696 1761 868 1826 faciat
888 1760 1033 1811 mihi
1051 1759 1228 1821 homo,
1273 1757 1330 1810 id
1360 1764 1446 1810 est
1474 1756 1709 1827 quilibet
1747 1758 1924 1812 hostis
1953 1763 2052 1812 aut

450 1847 819 1903 adversarius.

519 1965 833 2019 Mementote
850 1964 1269 2032 praepositorum
1306 1966 1635 2023 vestrorum,
1668 1964 1767 2029 qui
1792 1962 1936 2014 vobis
1967 1964 2047 2014 lo-

449 2056 565 2109 cuti
579 2057 710 2106 sunt
740 2053 965 2105 verbum
981 2051 1078 2104 Dei
1102 2068 1117 2103 :
1145 2066 1385 2117 quorum
1412 2053 1683 2104 intuentes
1701 2053 2049 2102 critumcon-

449 2143 797 2205 versationis,
822 2142 1137 2193 imitamini
1152 2141 1334 2205 fidem.
1361 2137 1573 2193 Omnes
1588 2139 1811 2209 quidem
1835 2138 2050 2209 prmlati

450 2234 509 2284 et
521 2228 778 2283 doctores
799 2228 854 2280 in
877 2233 1146 2298 quantum
1179 2226 1323 2279 bona
1346 2227 1649 2295 praedicant
1666 2234 1721 2280 et
1750 2226 1895 2280 bona
1914 2239 2051 2297 ope-

447 2325 667 2382 rantur,
687 2315 957 2371 audiendi
978 2320 1181 2369 suntet
1208 2315 1497 2368 imitandi:
1535 2315 1592 2368 in
1624 2322 1896 2385 quantum
1918 2332 2048 2369 vero

452 2412 554 2461 aut
581 2422 693 2459 non
717 2409 868 2458 recte
926 2403 1250 2474 praedicant,
1287 2410 1385 2456 aut
1430 2403 1576 2456 male
1618 2404 1825 2467 vivunt,
1867 2420 2049 2474 neque

452 2493 718 2551 audiendi
737 2499 871 2546 sunt
894 2507 1076 2561 neque
1105 2491 1365 2545 imitandi
1391 2510 1403 2557 ;
1452 2490 1601 2545 verbi
1648 2494 1857 2561 gratia:
1886 2492 1943 2546 Si
1967 2508 2049 2545 re-

448 2588 537 2638 cte
567 2581 850 2654 praedicat,
876 2587 933 2634 et
955 2579 1095 2633 bene
1114 2579 1265 2638 vivit.
1296 2580 1610 2634 audiendus
1635 2588 1719 2633 est
1748 2588 1803 2633 et
1830 2581 2051 2634 imitan-

449 2672 554 2726 dus
586 2691 597 2724 :
628 2671 673 2724 si
705 2686 834 2724 vero
863 2675 1127 2722 neutrum
1158 2669 1295 2738 agit,
1339 2686 1450 2722 non
1485 2675 1569 2722 est
1614 2669 1926 2723 audiendus
1957 2686 2051 2722 ne-

447 2777 558 2832 que
584 2759 893 2815 imitandus
916 2782 927 2812 :
961 2764 1021 2811 at
1049 2774 1177 2811 vero
1197 2758 1244 2810 si
1268 2766 1417 2811 recte
1438 2758 1725 2828 praedicat.
1750 2759 1878 2812 licet
1900 2760 2046 2813 male

445 2850 617 2909 vivat,
650 2864 762 2902 non
784 2846 1322 2900 estcontemnendus
1343 2855 1407 2899 ut
1440 2863 1551 2900 non
1572 2847 1856 2901 audiatur.
1890 2848 2046 2902 Unde

449 2937 726 2995 Dominus
744 2936 885 2989 dixit
910 2936 1099 2994 (Matth
1138 2946 1290 3000 χχιιι)
1317 2953 1327 2986 :
1362 2936 1496 2998 Qua)
1516 2935 1711 2989 dicunt
1731 2936 2044 3006 facite.qum
2062 2937 2108 2998 C

448 3032 639 3081 autem
662 3025 875 3078 faciunt
893 3024 1075 3078 facere
1088 3023 1277 3076 nolite.
1300 3024 1443 3092 Quia
1465 3024 1700 3093 ergoisti
1715 3024 1887 3077 bonos
1910 3041 2044 3093 prte-

442 3113 655 3182 positos
680 3111 1010 3176 habuerant,
1072 3120 1293 3165 sanctos
1340 3112 1597 3165 videlicet
1640 3113 1918 3182 apostolos
1954 3129 2044 3166 eo-

439 3217 683 3271 rumque
713 3216 1079 3260 successores,
1112 3201 1371 3253 hortatur
1401 3219 1496 3254 eos
1527 3210 1587 3254 ut
1613 3218 1891 3254 memores
1929 3202 2043 3255 sint

443 3289 691 3354 illorum,
741 3304 1049 3357 eorumque
1105 3288 1564 3352 conversationis,
1623 3290 2040 3344 considerantes

444 3378 673 3441 exitum,
707 3377 810 3430 hoc
827 3382 912 3431 est
942 3378 1415 3447 perseverantiam
1472 3394 1649 3446 usque
1682 3378 1737 3431 in
1780 3380 1948 3431 ﬁnem
1982 3379 2039 3431 in

441 3466 552 3521 ﬁde
584 3472 754 3520 recta.
772 3465 1040 3536 bonisque
1062 3466 1324 3536 operibus
1349 3465 1706 3519 imitarentur
1725 3466 1914 3525 ﬁdem,
1935 3467 2039 3519 hoc

443 3561 531 3610 est
559 3555 887 3610 ﬁrmitatem
921 3554 1191 3608 bonorum
1239 3554 2039 3624 Quiaergoﬁnembonumha—

444 3643 567 3700 buit
588 3661 782 3700 eorum
795 3644 1162 3711 conversatio,
1186 3643 1389 3698 idcirco
1410 3643 1712 3697 imitamini
1734 3643 1897 3697 ﬁdem
1921 3643 2039 3697 illo-

438 3747 587 3786 rum.
621 3732 813 3786 Fidem
842 3738 1033 3786 autem
1057 3732 1386 3787 ﬁrmitatem
1416 3748 1516 3787 seu
1560 3732 2038 3802 perseverantiam

439 3820 665 3875 illorum
696 3821 851 3875 dicit.

506 3937 662 3990 Jesus
682 3935 933 3989 Christus
957 3935 1081 3988 heri
1125 3940 1174 3988 et
1208 3936 1384 3999 hodie,
1406 3938 1516 4003 ipse
1532 3940 1579 3988 et
1610 3938 1674 3988 in
1697 3939 1912 3989 secula.
1953 3935 2038 3988 Ad

439 4023 734 4095 superiora
780 4023 1064 4093 pertinent
1107 4024 1235 4090 ista,
1286 4022 1382 4077 ubi
1435 4030 1674 4078 testatus
1712 4030 1799 4077 est
1835 4023 2038 4078 dixisse

435 4112 617 4167 Deum
639 4130 651 4164 :
686 4113 808 4166 Non
827 4118 873 4165 te
894 4114 1142 4166 deseram
1161 4130 1328 4180 neque
1348 4115 1731 4180 derelinquam
1746 4158 1757 4168 .
1771 4113 2039 4166 Poterant

437 4201 517 4254 illi
536 4201 873 4270 respondere
895 4201 999 4254 hoc
1018 4218 1129 4254 non
1152 4201 1432 4271 pertinere
1448 4200 1517 4253 ad
1537 4201 1635 4254 Dei
1676 4200 2032 4270 promissum,

2134 1737 2451 1791 vationibus
2482 1755 2758 1803 escarum,
2787 1740 3040 1793 dicentes
3087 1740 3361 1809 quosdam
3393 1739 3549 1793 cibos
3573 1755 3708 1794 mun-

2132 1826 2252 1885 dos,
2288 1827 2891 1895 quosdamimmundos
2911 1828 3158 1898 quinihil
3175 1828 3514 1898 profuerunt
3540 1826 3707 1882 ambu-

2131 1914 2379 1968 lantibus
2404 1916 2460 1968 in
2501 1915 2613 1969 illis
2662 1915 3166 1969 observationibus.
3219 1916 3354 1970 Post
3382 1917 3604 1970 Domini
3634 1916 3708 1970 ad-

2132 2009 2360 2055 ventum
2385 2003 2575 2055 omnia
2596 2003 2690 2055 illa
2721 2020 2842 2073 qua:
2870 2002 2929 2055 in
2962 2004 3144 2072 ﬁgura
3173 2003 3596 2073 contingebant,
3615 2020 3707 2056 ces-

2132 2096 2432 2145 saverunt:
2458 2097 2514 2145 et
2531 2092 2767 2144 maxime
2800 2096 3096 2161 postquam
3118 2091 3393 2146 Dominus
3409 2092 3542 2146 dixit
3570 2111 3582 2144 :
3605 2092 3706 2146 Non

2133 2180 2276 2249 quod
2311 2180 2485 2233 intrat
2508 2181 2564 2233 in
2590 2197 2653 2233 os
2681 2180 3011 2249 coinquinat
3032 2180 3317 2234 hominem
3351 2198 3364 2233 :
3399 2181 3498 2234 sed
3542 2183 3706 2233 omni}:

2132 2273 2266 2321 sunt
2286 2270 2497 2321 munda
2529 2270 2776 2322 mundis.
2820 2268 2974 2321 Vidit
3029 2269 3306 2339 siquidem
3360 2270 3511 2323 Deus
3533 2272 3707 2322 cuncta

2133 2372 2256 2426 quae
2282 2356 2429 2413 fecit.
2463 2363 2739 2426 erantque
2793 2358 2953 2411 valde
3000 2358 3166 2412 bona.
3220 2357 3421 2411 Melius
3460 2363 3545 2411 est
3579 2358 3706 2411 enim

2132 2444 2297 2496 ﬁdem
2324 2445 2564 2498 retinere
2585 2462 2710 2498 cum
2744 2446 2986 2515 perfecto
3038 2461 3226 2515 opere,
3262 2462 3428 2516 quem
3480 2446 3547 2499 de
3575 2445 3707 2498 ditio-

2132 2533 2313 2585 rentia
2345 2532 2591 2586 ciborum
2617 2534 2925 2603 disputare,
2951 2534 3251 2603 rejiciendo
3299 2534 3395 2586 illa
3424 2551 3547 2603 quae
3576 2534 3704 2587 Deus

2133 2621 2345 2674 munda
2365 2622 2587 2674 creavit.
2622 2622 2746 2675 Una
2795 2639 3041 2692 namque
3096 2621 3341 2692 perfecta
3373 2621 3702 2675 observantia

2133 2709 2532 2765 estabstinere
2558 2726 2589 2763 a
2620 2711 2894 2780 peccatis:
2928 2711 3067 2765 nihil
3096 2711 3246 2764 enim
3299 2711 3525 2781 prodest
3549 2709 3703 2763 absti-

2128 2814 2262 2851 nere
2281 2814 2314 2850 a
2344 2799 2481 2851 cibis
2508 2799 2554 2850 si
2578 2815 2686 2852 non
2717 2798 3069 2853 abstineatur
3087 2817 3118 2852 a
3139 2800 3402 2869 peccatis.
3425 2800 3562 2853 Nam
3587 2799 3703 2852 licet

2126 2894 2389 2955 gererent
2416 2888 2495 2939 illi
2527 2887 2776 2941 studium
2808 2889 2953 2941 circa
2983 2889 3366 2957 hujuscemodi
3387 2887 3703 2941 observatio-

2127 2992 2245 3035 nes,
2266 2976 2398 3028 nihil
2421 2976 2502 3027 eis
2526 2976 2748 3045 profuit,
2774 2977 2819 3029 si
2846 2977 3010 3029 tidem
3026 2994 3135 3030 non
3166 2977 3500 3030 habuerunt.
3527 2978 3588 3030 In
3610 2977 3699 3029 hoc

2128 3065 2275 3118 enim
2301 3065 2445 3134 quod
2468 3065 2647 3134 legem
2679 3064 3085 3120 custodiebant.
3122 3065 3331 3134 profuit
3368 3066 3501 3119 illis:
3525 3066 3577 3118 in
3608 3065 3697 3118 hoc

2126 3154 2272 3222 quod
2288 3153 2429 3207 escis
2465 3169 2576 3206 non
2594 3153 2983 3219 vescebantur,
3010 3153 3148 3207 nihil
3182 3154 3445 3208 utilitatis
3456 3169 3696 3225 percepe-

2124 3247 2275 3295 runt.

2194 3331 2462 3384 Habemus
2491 3333 2666 3382 altare
2693 3333 2757 3383 de
2791 3347 2895 3398 quo
2918 3333 3069 3384 edere
3112 3348 3225 3385 non
3258 3333 3455 3386 habent
3482 3337 3691 3401 potesta-

2125 3423 2223 3470 tem
2251 3422 2349 3486 qui
2370 3420 2721 3471 tabernaculo
2732 3421 3067 3473 deserviunt.
3088 3421 3349 3489 Legalem
3365 3420 3691 3474 consuetudio

2121 3524 2250 3559 nem
2313 3507 2379 3559 ad
2432 3508 2760 3577 mysterium
2802 3508 3228 3579 spiritalemque
3279 3525 3503 3563 sensum
3541 3509 3691 3562 refert

2126 3595 2449 3664 Apostolus.
2480 3596 2641 3664 Legis
2665 3595 2939 3665 siquidem
2994 3603 3334 3667 praeceptum
3367 3604 3488 3651 erat
3533 3604 3591 3652 ut
3613 3598 3690 3649 de-

2121 3684 2266 3738 cima
2289 3684 2378 3737 die
2405 3684 2628 3753 septimi
2662 3701 2871 3737 mensns
2901 3686 3248 3739 atestivitate
3271 3688 3533 3755 paschali,
3559 3686 3689 3739 festi-

2123 3774 2294 3826 vitate
2352 3772 2608 3825 videlicet
2646 3772 3052 3842 propinationis
3102 3774 3424 3843 acciperent
3481 3774 3687 3828 vitulum

2125 3867 2181 3916 et
2210 3862 2448 3923 hircum,
2480 3868 2539 3914 et
2559 3862 2924 3915 immolarent
2960 3878 3086 3915 eum
3134 3868 3290 3916 extra
3317 3869 3502 3917 castra
3528 3877 3539 3910 :
3577 3879 3685 3916 san-

2119 3951 2347 4020 guinem
2376 3957 2565 4003 autem
2595 3950 2818 4003 illorum
2846 3950 3176 4004 animalium
3200 3952 3377 4006 ferret
3394 3950 3684 4023 pontifexin

2122 4040 2325 4093 Sancta
2355 4046 2697 4101 sanctorum,
2725 4046 2989 4093 oraturus
3010 4041 3162 4093 solus
3193 4057 3294 4110 pro
3317 4042 3556 4111 populo:
3584 4055 3682 4095 car-

2119 4144 2219 4181 nes
2244 4143 2375 4180 vero
2403 4127 2627 4180 illorum
2688 4134 3055 4197 portarentur
3091 4134 3248 4181 extra
3280 4136 3487 4194 castra,
3528 4128 3682 4197 ibique

2120 4222 2744 4270 concremarentur.nee
2773 4233 2893 4269 esse
2914 4216 3128 4269 licitum
3161 4217 3328 4270 alicui
3355 4214 3682 4271 tabernaculo

428 4288 573 4356 ‘quia
592 4303 703 4339 non
720 4294 807 4341 est
824 4288 981 4341 nobis
993 4290 1352 4358 promissum,
1373 4288 1469 4340 sed
1493 4289 1678 4357 potius
1706 4290 1875 4343 Josue
1906 4307 2034 4360 pro-

2129 4305 2451 4358 deservienti
2480 4322 2543 4357 ex
2574 4304 2686 4357 illis
2730 4305 3045 4357 comedere.
3106 4305 3491 4375 Spiritualiter
3525 4312 3683 4360 autem

434 4374 592 4427 misit
620 4375 725 4427 hoc
745 4375 924 4439 Deus;
957 4375 1025 4429 ad
1060 4377 1177 4428 hzec
1197 4376 1496 4444 Apostolus
1521 4393 1532 4428 :
1554 4377 1741 4430 Nolite
1770 4379 2027 4437 deﬁcere.

436 4462 723 4532 quoniam,
752 4462 899 4516 sicut
926 4462 1170 4532 pertinet
1196 4463 1265 4515 ad
1290 4464 1458 4517 Josue
1482 4469 1588 4517 ista
1610 4466 1923 4534 promissio.
1958 4468 2038 4521 ita

432 4551 679 4624 pertinet
714 4551 782 4604 ad
806 4567 921 4616 vos,
956 4551 1220 4621 quoniam
1253 4552 1415 4606 Jesus
1456 4553 1713 4607 Christus
1744 4555 1839 4624 qui
1870 4557 2036 4610 unius

433 4640 691 4695 essentne
710 4640 955 4695 existens
970 4656 1098 4694 cum
1123 4640 1293 4694 Patre
1327 4646 1460 4694 tunc
1479 4643 1749 4712 temporis
1770 4644 1889 4713 ipse
1910 4645 2031 4705 fuit,

432 4732 553 4803 ipse
578 4739 683 4797 est,
707 4731 828 4803 ipse
847 4730 957 4786 erit
985 4736 1042 4784 et
1070 4730 1130 4784 in
1160 4731 1382 4784 saecula.
1433 4730 1619 4784 Nolite
1651 4739 1848 4801 putare
1875 4734 2034 4802 quasi

433 4821 533 4887 qui
552 4826 691 4874 tunc
714 4818 1103 4891 temporisfuit
1130 4826 1186 4873 et
1216 4835 1325 4873 non
1355 4819 1429 4873 sit
1457 4819 1641 4872 modo.
1684 4820 1838 4873 Idem
1855 4821 1904 4873 ei
1935 4822 2030 4891 qui

433 4905 543 4961 fuit
571 4909 712 4974 heri,
734 4909 883 4963 idem
901 4908 1009 4962 erit
1028 4914 1085 4962 et
1103 4908 1162 4962 in
1185 4908 1474 4962 sarculum.
1515 4907 1647 4961 Heri
1684 4915 1872 4962 autem
1896 4927 2031 4980 prae-

433 4994 665 5048 teritum
691 4996 971 5065 signiﬁcat
995 5002 1219 5067 tempus
1251 5015 1263 5050 :
1300 4996 1482 5057 hodie,
1518 5013 1795 5063 praesens:
1830 4999 2033 5051 saecula

432 5096 584 5141 vero,
617 5083 869 5137 futurum
900 5085 1021 5137 sine
1039 5085 1302 5146 termino,
1334 5092 1603 5155 tanquam
1621 5085 1859 5138 diceret:
1891 5092 2031 5141 Ante

434 5168 637 5221 saecula
655 5170 781 5222 etin
806 5173 1074 5225 saeculaet
1116 5180 1241 5241 post
1270 5174 1730 5242 sazculasemper
1760 5172 2027 5237 manebit,

431 5256 579 5309 cicut
597 5255 772 5310 deillo
788 5259 1070 5329 Propheta
1088 5261 1222 5314 dicit
1254 5280 1267 5314 :
1308 5264 1383 5314 Tu
1420 5267 1608 5315 autem
1636 5264 1778 5314 idem
1816 5264 1923 5328 ipse
1953 5279 2025 5325 es,

429 5350 479 5400 et
498 5347 643 5399 anni
666 5349 751 5399 tui
771 5363 884 5401 non
911 5349 1158 5414 deﬁcient
1186 5351 1362 5415 (Hebr.
1397 5353 1466 5419 ι).

2117 4394 2214 4447 illa
2243 4394 2354 4447 duo
2382 4393 2666 4450 animalia.
2704 4393 2961 4446 videlicet
3016 4393 3222 4447 vitulus
3249 4400 3307 4447 et
3334 4395 3541 4457 hircus,
3570 4394 3685 4462 ﬁgu-

2119 4500 2238 4536 ram
2263 4488 2464 4536 tenent
2494 4482 2713 4535 Domini
2745 4482 3047 4536 Salvatoris
3076 4502 3086 4535 :
3120 4480 3247 4552 Ipse
3269 4489 3357 4536 est
3386 4483 3533 4537 enim
3561 4482 3684 4535 vitu-

2118 4572 2225 4632 lus,
2260 4588 2422 4641 quem
2448 4571 2573 4640 pius
2603 4576 2764 4640 pater
2793 4570 2850 4623 in
2878 4570 3227 4639 regressione
3256 4570 3358 4623 ﬁlii
3376 4571 3582 4641 prodigi
3600 4570 3682 4623 im-

2119 4660 2366 4721 molavit,
2396 4659 2515 4728 ipse
2544 4666 2600 4712 et
2630 4659 2817 4711 hircus
2847 4659 2944 4729 qui
2989 4675 3087 4729 pro
3137 4659 3524 4729 peccatoribus
3549 4658 3679 4711 obla-

2118 4754 2209 4801 tus
2239 4753 2341 4800 est.
2386 4747 2640 4800 Pontifex
2699 4763 2917 4816 quoque
2963 4747 3057 4799 ille
3108 4748 3203 4818 qui
3250 4764 3379 4802 cum
3437 4745 3676 4816 sanguine

2114 4837 2337 4889 illorum
2370 4835 2696 4888 animalium
2727 4834 2974 4888 intrabat
3023 4835 3078 4888 in
3135 4836 3342 4889 Sancta
3386 4841 3674 4890 sanctorum

2113 4931 2375 4979 oraturus
2397 4941 2498 4994 pro
2516 4924 2737 4993 populo,
2765 4929 2957 4993 typum
2976 4923 3208 4992 gerebat
3236 4924 3401 4978 istius
3430 4924 3536 4978 veri
3566 4936 3675 4993 pon-

2112 5013 2296 5072 tiﬁcis,
2331 5011 2425 5082 qui
2454 5028 2579 5064 cum
2609 5011 2881 5080 sanguine
2912 5011 3185 5081 passionis
3209 5028 3325 5065 suae
3355 5013 3414 5066 in
3440 5011 3675 5066 interiora

2114 5101 2308 5172 patriae
2328 5099 2569 5153 scelestis
2588 5099 2836 5161 intravit,
2854 5106 3116 5154 oraturus
3145 5116 3247 5170 pro
3268 5101 3524 5155 ﬁdelibus
3556 5097 3670 5152 suis.

2114 5189 2559 5244 Immolabantur
2586 5188 2679 5240 illa
2712 5188 2976 5241 animalia
3000 5189 3150 5241 intra
3178 5189 3483 5251 castra,sed
3504 5200 3673 5243 carnes

2112 5278 2332 5332 illorum
2352 5284 2505 5331 extra
2527 5282 2707 5330 castra
2720 5276 3208 5339 comburebantur,
3228 5278 3361 5347 quia
3382 5284 3440 5331 et
3468 5277 3673 5331 Redem-

2108 5374 2236 5438 ptor
2262 5375 2454 5421 noster
2474 5367 2530 5419 in
2551 5366 2897 5419 Hierusalem
2932 5366 3091 5436 quasi
3126 5367 3272 5420 intra
3294 5374 3479 5420 castra
3502 5367 3673 5420 immo-

498 5453 777 5508 Doctrinis
814 5456 991 5508 variis
1037 5460 1087 5507 et
1111 5459 1421 5521 peregrinis
1444 5461 1613 5512 nolite
1641 5459 1865 5516 abduci.
1912 5459 2019 5513 Do.
2101 5457 2248 5511 latus
2278 5461 2363 5510 est
2392 5454 2615 5509 vocibus
2647 5460 2701 5507 et
2718 5453 2934 5523 judicio
2956 5454 3198 5508 ﬁliorum
3227 5455 3423 5521 Israel,
3453 5453 3545 5508 sed
3569 5465 3671 5506 car-

423 5541 623 5600 ctrina
647 5540 819 5600 variae
846 5546 905 5599 et
928 5542 1259 5616 peregrinae,
1285 5557 1431 5598 nova
1456 5545 1728 5617 dogmata
1752 5551 1888 5603 sunt
1912 5546 2023 5603 bte-
2100 5562 2201 5602 nes
2221 5546 2373 5603 illius
2398 5551 2557 5601 extra
2582 5542 2937 5599 Hierusalem
2952 5541 3014 5598 in
3036 5558 3201 5599 cruce
3223 5543 3530 5600 combusta
3555 5545 3669 5596 sunt
