3992 6166
237 181 345 238 933

900 181 1280 237 EXPOSITIO
1321 185 1398 236 IN
1438 183 1590 237 EPP.
1637 183 1693 236 ὃ.
1737 181 1974 235 PAULI.
2017 209 2082 222 -—
2123 180 2202 236 IN
2244 183 2464 236 EPIST.
2506 183 2602 236 AD
2641 183 2856 237 HEBR.

3418 189 3519 244 934

231 306 368 372 igne
391 304 668 374 passionis
700 323 710 357 :
745 305 982 368 Quando
998 305 1146 358 enim
1163 307 1514 375 adjudicatus
1535 313 1621 360 est
1643 306 1830 368 morti,
1854 314 1898 368 A
1919 303 2151 357 cabatur
2171 305 2459 358 Calvarius
2483 308 2694 377 (.llatth.
2746 312 2940 369 xxv”).
2979 309 3052 362 Ut
3091 325 3223 379 ergo
3256 312 3521 367 Dominus

233 393 614 446 clamantibus
643 394 849 447 Judaais
881 396 1103 462 (Matth.
1138 401 1309 461 xxvt).
1339 399 1473 450 Reus
1502 401 1577 448 est
1609 398 1801 448 mort-is
1826 413 1840 445 :

235 483 531 548 Cruci/ige,
565 485 821 548 cruci/ige
842 499 985 543 eum,
1007 483 1421 551 quodammodo
1456 490 1746 553 (quantum
1771 482 1841 535 ad

235 569 369 622 illos
393 570 657 639 pertinet)
682 570 1005 623 immolatus
1028 576 1132 623 est.
1159 572 1316 633 Quod
1350 572 1570 625 Marcus
1600 588 1840 640 evange-

237 657 374 711 lista
411 659 603 711 volens
642 658 801 711 nobis
844 659 1142 712 ostendere
1181 660 1261 713 ita
1307 677 1448 724 esse,
1495 660 1630 713 dicit
1663 677 1673 711 :
1707 661 1841 713 Erat

236 753 429 799 autem
453 747 589 799 hora
621 752 806 810 tertia,
829 753 876 798 et
907 751 1306 814 cruci/laverunt
1337 766 1462 800 eum
1494 750 1682 812 (.llarc.
1711 759 1796 815 xv)
1828 767 1838 800 :

238 835 454 904 linguis
476 835 729 888 videlicet
749 836 884 888 suis.
922 837 1063 888 Nam
1098 837 1240 890 hora
1273 846 1429 889 sexta
1474 837 1529 890 in
1563 853 1725 890 cruce
1759 842 1845 889 est

243 924 463 977 levatus
482 930 641 976 extra
657 923 1006 978 Hierusalem
1019 967 1031 986 ,
1056 924 1242 993 ibique
1263 942 1463 994 corpus
1481 927 1604 993 ejus
1615 924 1847 978 combu-

242 1017 399 1065 stum
424 1018 512 1065 est
539 1013 666 1081 igne
695 1012 990 1082 passionis.
1017 1013 1206 1065 Altare
1241 1020 1436 1066 autem
1469 1013 1603 1066 illud
1632 1014 1846 1067 Judaeu-

251 1117 383 1153 rum
416 1101 562 1169 quod
594 1101 766 1153 ﬁebat
795 1108 951 1153 extra
984 1106 1186 1160 castra,
1232 1100 1325 1154 ubi
1372 1101 1848 1154 consumebantur

243 1205 468 1250 carnes,
497 1189 674 1242 altare
695 1189 950 1242 Ecclesiae
969 1195 1075 1256 est,
1098 1189 1193 1242 ubi
1216 1189 1467 1258 quotidie
1490 1207 1692 1259 corpus
1712 1207 1845 1243 con-

242 1283 503 1330 secratur
531 1277 760 1330 Christi.
788 1277 1072 1330 [labemUs
1089 1295 1223 1345 ergo
1247 1278 1424 1330 altare
1449 1279 1723 1338 Ecclesiae,
1750 1278 1844 1331 ubi

242 1371 611 1418 consecratur
631 1382 833 1434 corpus
856 1366 1208 1419 Dominicum
1236 1385 1246 1418 :
1273 1367 1341 1419 de
1373 1383 1481 1436 quo
1509 1383 1619 1420 non
1643 1366 1848 1419 habent

240 1459 588 1524 potestatem
626 1454 810 1514 edere,
836 1454 931 1523 qui
960 1454 1323 1508 tabernaculo
1355 1457 1603 1526 corporis
1638 1456 1721 1508 sui
1755 1457 1847 1509 de-

245 1543 504 1595 serviunt
538 1561 548 1595 :
585 1542 950 1596 fornicatores
983 1543 1256 1608 videlicet,
1305 1545 1564 1607 adulteri,
1619 1545 1841 1606 ebriosi,

1927 393 2184 446 umbram
2214 399 2270 446 et
2300 397 2536 462 figuram
2580 396 2638 448 in
2671 397 2960 449 veritatem
2998 405 3363 464 converteret,
3399 417 3519 470 qum

1925 481 1992 533 de
2011 499 2069 533 se
2088 483 2315 552 suisque
2339 483 2602 536 membris
2621 486 3144 554 praetigurabantur,
3162 504 3374 558 suoque
3396 505 3524 542 san-

1922 570 2091 636 guine
2122 571 2420 624 redimeret
2451 578 2618 641 atque
2654 574 2950 626 mundaret
2967 576 3233 644 p0pulum
3250 576 3306 629 in
3328 593 3386 630 se
3402 593 3525 630 ere-

1925 658 2171 724 dentem,
2201 659 2335 712 foris
2358 659 2709 713 Hierusalem
2744 678 2941 730 passus
2963 670 3066 717 est.

1996 749 2266 800 Exeamus
2296 751 2472 814 igitur
2513 751 2583 801 ad
2615 750 2786 802 Deum
2819 757 2975 803 castra
3013 756 3217 817 castra,
3253 755 3522 821 imprope-

1929 837 2083 886 rium
2114 839 2230 902 ejus
2256 841 2559 902 portantes.
2587 835 2733 910 Quia
2761 854 2893 906 ergo
2927 839 3200 892 Dominus
3232 857 3330 909 pro
3362 841 3521 895 nobis

1929 938 2125 990 passus
2160 934 2263 986 est,
2309 923 2566 976 hortatur
2594 927 2893 994 Apostolus
2919 939 2980 980 ut
3028 928 3314 982 imitemur
3339 929 3518 996 illum,

1929 1009 2119 1062 dicens
2147 1028 2157 1061 :
2198 1009 2396 1078 Igitur,
2421 1012 2550 1080 quia
2583 1013 2699 1080 ipse
2730 1021 2885 1066 extra
2915 1021 3097 1069 castra
3127 1034 3323 1086 passus
3354 1025 3522 1073 estut

1929 1115 2029 1152 nos
2059 1101 2452 1161 sanctilicarct,
2478 1103 2833 1170 egrediamur
2863 1105 2931 1156 ad
2964 1122 3088 1157 eum
3119 1111 3276 1160 extra
3297 1125 3520 1164 conver-

1929 1188 2202 1241 sationem
2235 1189 2542 1241 carnalium
2573 1190 2886 1248 hominum.
2918 1194 3316 1248 mortiticantes
3339 1213 3516 1250 mem-

1929 1275 2028 1328 bra
2067 1280 2259 1328 nostra
2283 1293 2407 1329 cum
2442 1277 2589 1329 vitiis
2631 1286 2686 1332 et
2715 1280 3196 1349 concupiscentiis,
3247 1290 3303 1335 et
3343 1283 3522 1338 imite-

1931 1380 2056 1416 mur
2077 1366 2199 1432 ejus
2221 1365 2556 1432 passionem,
2583 1367 2913 1437 martyrium
2937 1385 3037 1438 pro
3054 1369 3146 1421 illo
3169 1371 3516 1427 sustinendo.

1930 1453 2046 1504 l-loc
2089 1460 2173 1505 est
2203 1453 2354 1506 enim
2407 1454 2811 1524 improperium
2857 1456 3008 1509 illius
3038 1463 3281 1526 portare,
3326 1461 3520 1514 eadem

1931 1558 2052 1610 quae
2081 1542 2174 1594 ille
2205 1542 2469 1595 sustinuit
2500 1543 2634 1612 pati.
2671 1543 2816 1596 Crux
2852 1545 3003 1597 enim
3041 1545 3190 1599 illius
3237 1547 3522 1618 imprope—

245 1631 548 1686 immundi.
598 1636 654 1683 et
682 1630 737 1683 hi
775 1631 868 1700 qui
898 1632 1179 1684 seminant
1222 1632 1368 1684 inter
1405 1633 1606 1685 fratres
1635 1621 2070 1684 discor-Brium
2104 1631 2226 1698 ejus
2261 1631 2475 1684 videtur
2514 1648 2634 1684 esse
2678 1633 2928 1701 paganis,
2986 1633 3144 1686 nobis
3196 1641 3387 1690 autem
3439 1643 3524 1692 est

245 1718 392 1782 dias,
410 1735 714 1788 omnesque
738 1719 1225 1789 quivoluptatibus
1257 1726 1311 1773 et
1337 1721 1629 1774 desideriis
1660 1721 1842 1773 carnis

245 1824 364 1860 suae
396 1807 734 1860 deserviunt.
771 1809 1038 1873 Quienim
1061 1811 1355 1861 manducet
1378 1815 1423 1862 et
1439 1812 1571 1862 bibit
1595 1812 1838 1875 indigne,

242 1897 528 1963 judicium
559 1897 666 1948 sibi
695 1897 993 1948 manducat
1014 1901 1062 1948 ct
1091 1899 1223 1948 bibit
1253 1897 1305 1962 [Ι
1335 1897 1463 1952 Cor.
1503 1907 1599 1955 χι).

321 1985 574 2049 Quorum
591 2000 654 2035 cn
663 1986 735 2034 im
758 1999 834 2035 an
843 1987 1100 2036 i-matium
1117 1987 1171 2036 in
1178 1987 1362 2051 fertur
1381 1990 1608 2053 sanguis
1624 2002 1724 2053 pro
1733 2003 1847 2055 pec-

245 2077 369 2124 cato
403 2077 463 2123 in
501 2071 702 2125 Sancta
729 2087 829 2138 per
853 2075 1181 2137 ponti/(cem.
1217 2074 1415 2126 horum
1462 2090 1690 2140 corpora
1737 2090 1847 2126 crc-
1910 2113 1913 2116 -

247 2164 490 2212 mantur
510 2164 665 2211 extra
693 2164 892 2210 castra.
938 2159 1066 2212 Haec
1096 2160 1373 2228 quomodo
1411 2161 1480 2214 ad
1528 2162 1700 2214 Deum
1729 2179 1847 2231 per-

245 2247 471 2300 tineant
498 2246 655 2307 satis,
699 2254 760 2299 ut
813 2263 958 2306 reor,
1009 2247 1216 2300 dictum
1269 2248 1524 2302 habetur.
1560 2249 1667 2303 Sed
1714 2251 1846 2319 quia

242 2336 367 2405 ipse
389 2343 559 2405 caput
583 2335 832 2388 omnium
857 2336 1181 2395 electorum,
1217 2353 1316 2406 per
1344 2354 1538 2390 carnes
1567 2337 1693 2391 illas
1722 2339 1845 2391 ani-

242 2424 480 2477 malium
513 2423 728 2492 possint
757 2422 997 2491 intelligi
1026 2440 1220 2476 omnes
1251 2425 1408 2478 electi
1449 2425 1544 2494 qui
1575 2433 1732 2478 extra
1759 2443 1846 2479 ca-

241 2518 386 2575 stra,
424 2513 530 2564 hoc
559 2518 644 2564 est
673 2518 828 2564 extra
854 2513 1333 2566 conversationem
1356 2515 1704 2567 sacularium
1729 2531 1846 2567 car—

242 2601 461 2655 nalium
485 2599 580 2669 qui
598 2600 886 2652 hominum
909 2600 1296 2653 mortificando
1320 2602 1571 2654 membra
1594 2619 1696 2656 sua
1717 2619 1844 2656 cum

242 2689 402 2742 vitiis
429 2695 485 2741 et
513 2688 994 2757 concupiscentiis,
1029 2688 1143 2741 sive
1176 2697 1451 2760 martyres
1490 2708 1591 2760 pro
1637 2691 1844 2744 Christi

244 2777 482 2831 nomine
519 2776 802 2829 sustinent
845 2776 1033 2829 omnia
1063 2778 1316 2842 adversa,
1342 2785 1398 2832 et
1430 2779 1641 2832 fervore
1671 2780 1848 2832 sancti

247 2865 500 2935 Spiritus
524 2864 742 2917 accensi
762 2875 1100 2918 consumunt
1130 2867 1184 2918 in
1215 2883 1275 2919 se
1306 2867 1576 2936 quidquid
1608 2868 1844 2920 ﬂuidum

245 2960 425 3024 atque
471 2952 831 3005 libidinosum
891 2953 1191 3017 invenitur,
1251 2955 1560 3024 ardentque
1635 2957 1848 3025 pariter

244 3059 444 3096 amore
487 3041 798 3093 dilectionis
836 3041 936 3093 Dei
973 3052 1028 3094 et
1054 3042 1311 3112 proximi.
1351 3043 1659 3112 Dupliciter
1697 3044 1847 3097 enim

242 3137 662 3183 consumuntur
691 3137 848 3182 extra
900 3136 1103 3192 castra,
1159 3133 1274 3184 sive
1329 3132 1460 3184 dum
1503 3133 1844 3186 mortiﬁcant

241 3217 502 3271 membra
531 3236 631 3272 sua
661 3235 787 3271 cum
818 3218 964 3272 vitiis
1005 3226 1061 3272 et
1098 3220 1584 3289 concupiscentiis,
1614 3227 1676 3274 ut
1705 3221 1845 3274 dixi-

237 3323 394 3366 mus,
434 3306 547 3360 sive
577 3308 712 3360 dum
759 3307 828 3360 ad
878 3309 1195 3378 exemplum
1227 3308 1532 3361 Dominicze
1567 3309 1841 3378 passionis

241 3396 508 3466 martyrii
531 3396 775 3465 palmam
800 3397 1060 3461 subeunt,
1080 3398 1241 3465 juxta
1263 3397 1406 3466 quod
1428 3397 1625 3468 beatus
1647 3399 1843 3452 Petrus

234 3485 508 3538 hortatur
535 3485 725 3538 dicens
760 3503 770 3536 :
803 3487 1051 3539 Christus
1078 3503 1269 3553 passus
1300 3492 1372 3538 est
1409 3503 1508 3552 pro
1541 3489 1708 3547 nobis,
1757 3503 1842 3540 re-

235 3577 504 3639 linquens
533 3575 676 3625 vobis
706 3577 1032 3640 exemplum,
1059 3579 1117 3626 ut
1146 3577 1461 3640 sequamini
1483 3578 1844 3643 vestit/"0'71""

236 3663 297 3731 (Ι
333 3666 481 3716 Pclr.
521 3673 602 3727 II).
655 3663 898 3715 Infertur
940 3663 1168 3730 sanguis
1194 3663 1416 3714 illorum
1463 3662 1610 3715 intra
1639 3663 1845 3715 Sancta

238 3766 350 3820 per
394 3749 738 3818 pontificem,
788 3750 921 3802 dum
959 3750 1183 3802 illorum
1236 3749 1347 3802 vita
1390 3749 1685 3802 laudabilis
1732 3751 1844 3802 Deo

237 3838 406 3890 Patri
429 3843 801 3906 praesentatur
828 3855 928 3907 per
947 3855 1138 3891 verum
1171 3837 1517 3890 sacerdotem
1538 3839 1726 3891 Jesum
1748 3839 1844 3907 qui

239 3933 338 3980 est
370 3927 669 3980 advocatus
685 3933 872 3979 noster
903 3927 1268 3996 interpellans
1295 3942 1392 3995 pro
1423 3926 1598 3979 nobis.
1627 3925 1702 3979 Et
1719 3944 1850 3980 con-

238 4031 396 4086 grue
428 4031 524 4084 per
551 4015 879 4084 sanguinem
904 4016 1065 4085 juxta
1102 4015 1392 4084 accipitur,
1439 4015 1569 4084 quia
1607 4015 1718 4068 vita
1756 4016 1850 4068 ho-

242 4103 424 4157 minis
451 4104 506 4156 in
537 4103 812 4172 sanguine
843 4103 1081 4157 est.Sive
1107 4103 1338 4172 sanguis
1363 4103 1586 4156 illorum
1609 4102 1850 4155 infertur

239 4193 309 4246 in
342 4192 563 4253 Sancta,
595 4192 728 4244 dum
757 4192 980 4245 illorum
1012 4192 1213 4244 animae
1250 4207 1376 4244 cum
1401 4191 1687 4260 triumpho
1729 4209 1850 4260 pas-

243 4282 430 4336 sionis
459 4285 527 4333 ad
549 4281 796 4334 caelestia
821 4280 1167 4334 deferuntur.
1205 4280 1353 4333 Bene
1371 4296 1593 4349 quoque
1611 4279 1670 4332 in
1685 4279 1850 4332 altari

245 4377 668 4424 consumuntur
707 4371 842 4438 quia
879 4369 1068 4421 omnia
1119 4369 1227 4422 ista
1275 4368 1452 4421 sancti
1485 4375 1762 4438 martyres
1793 4368 1850 4422 in

249 4459 373 4513 ﬁde
392 4459 719 4528 adimplent,
764 4475 873 4528 qua
903 4474 962 4511 se
1001 4458 1237 4510 credunt
1265 4474 1299 4509 a
1336 4457 1449 4510 Deo
1480 4456 1848 4509 remunerari.

250 4550 344 4602 De
371 4547 454 4600 his
486 4564 607 4617 quae
637 4547 694 4598 in
726 4547 829 4599 hoc
857 4547 1024 4599 altari
1051 4551 1469 4609 consecrantur,
1501 4561 1612 4598 non
1645 4544 1854 4598 habent

251 4642 596 4708 potestatem
621 4636 785 4688 edere
811 4636 909 4704 qui
951 4635 1312 4688 tabernaculo
1345 4635 1687 4693 deserviunt,
1723 4650 1855 4703 quo-

250 4725 416 4777 niam
447 4725 514 4777 ad
545 4741 608 4776 ea
631 4741 752 4794 quae
773 4724 950 4777 sancti
973 4732 1248 4794 martyres
1273 4724 1330 4776 in
1361 4723 1469 4776 ﬁde
1498 4723 1746 4792 perfecta
1758 4738 1856 4776 su-

248 4813 520 4866 stinendo
573 4813 903 4882 adimplent,
933 4829 1044 4866 non
1099 4813 1310 4865 audent
1355 4812 1618 4864 accedere
1654 4811 1710 4864 hi
1756 4811 1852 4880 qui

247 4901 562 4955 carnaliter
590 4901 802 4965 vivunt,
836 4908 892 4954 et
935 4917 1126 4955 amore
1167 4901 1336 4970 hujus
1375 4900 1561 4953 saeculi
1590 4906 1855 4953 tenentur

249 4989 494 5042 astricti.

335 5080 559 5145 Propter
587 5080 746 5147 quod,
772 5076 1038 5135 subaudis
1059 5077 1390 5148 mysterium
1411 5076 1852 5146 adimplendum,

252 5173 304 5219 et
343 5169 512 5230 Jesus,
540 5174 600 5219 ut
625 5170 992 5233 sancti/icarct
1011 5182 1109 5232 per
1138 5171 1467 5232 sanguinem
1492 5181 1658 5216 suum
1683 5181 1855 5232 popu-

259 5260 385 5308 lum
420 5256 474 5308 in
505 5273 563 5307 se
593 5255 932 5316 credentem,
961 5261 1119 5307 ext-ra
1138 5261 1359 5322 portam
1379 5270 1575 5321 pass-us
1598 5253 1858 5306 est.Sicut

257 5345 410 5398 liber
434 5344 858 5412 Evangeliorum
885 5348 1146 5400 testatur.
1183 5344 1373 5395 dicens
1401 5361 1410 5394 :
1435 5343 1603 5394 Extra
1641 5348 1858 5411 portam

258 5433 621 5488 Hierusalem
643 5448 843 5504 passus
861 5440 948 5486 est
975 5432 1034 5485 in
1062 5432 1182 5486 loco
1212 5430 1636 5501 decollatorum,
1655 5431 1752 5500 qui
1772 5446 1862 5484 vo-

1927 1718 2293 1772 sanctiﬁcatio
2320 1726 2376 1772 et
2405 1720 2732 1790 redemptio.
2781 1723 3053 1774 Ereamus
3086 1726 3262 1789 igitur
3283 1727 3356 1776 ad
3389 1743 3514 1778 cum

1926 1812 2081 1858 extra
2095 1813 2295 1869 castra,
2314 1808 2684 1878 despicientes
2710 1810 3285 1879 praesentiaamantes
3302 1814 3513 1880 futura,

1929 1902 2348 1949 contemnentes
2404 1896 2659 1958 visibilia,
2725 1898 3109 1952 desiderantes
3161 1906 3220 1954 ct
3261 1910 3518 1958 amantes

1928 1990 2154 2036 aeterna.
2183 1985 2452 2054 Sequitur
2475 2005 2487 2037 :

1997 2072 2119 2125 Non
2146 2076 2295 2125 enim
2333 2075 2592 2128 habemus
2631 2075 2718 2127 hic
2750 2081 3061 2128 manentem
3101 2079 3395 2147 civitatem,
3429 2084 3521 2136 sed

1927 2161 2184 2225 futuram
2209 2164 2577 2228 inqurimus.
2606 2164 2834 2216 Certum
2857 2170 2942 2216 est
2960 2164 3091 2233 quia
3112 2165 3168 2217 in
3193 2166 3293 2220 hoc
3309 2170 3519 2224 mundo

1927 2262 2038 2299 non
2065 2264 2359 2317 possumus
2388 2249 2590 2303 habere
2613 2250 2994 2303 habitaculum
3015 2258 3307 2317 aeternum,
3340 2272 3522 2326 neque

1928 2335 2207 2388 civitatem
2222 2353 2444 2405 semper
2461 2339 3073 2408 manentem,quoniam
3090 2341 3331 2395 mundus
3343 2347 3525 2397 trans-

1926 2423 2031 2476 ibit
2062 2431 2118 2477 et
2158 2425 2609 2494 concupiscentia
2663 2428 2806 2496 ejus.
2849 2427 3202 2498 Quapropter
3248 2430 3519 2486 debemus

1928 2513 2156 2565 tendere
2174 2513 2409 2566 summis
2429 2514 2642 2567 nisibus
2673 2515 2744 2567 ad
2781 2515 3060 2568 civitatem
3089 2517 3368 2571 ccelestem
3393 2521 3521 2574 Hie-

1929 2601 2190 2663 rusalem,
2228 2618 2350 2670 quae
2374 2601 2742 2656 habitatorem
2778 2603 2944 2656 habet
2962 2604 3156 2670 Deum,
3180 2607 3521 2662 aeternaliter

1927 2705 2380 2758 permansurum.

2002 2779 2106 2830 Per
2139 2781 2317 2845 ipsum
2339 2778 2511 2846 igitur
2532 2779 2816 2832 olle-rimus
2846 2781 3078 2834 hostiam
3110 2784 3292 2835 laudis
3311 2801 3520 2852 semper

1933 2867 2053 2930 Deo,
2088 2867 2147 2918 id
2183 2872 2254 2920 est
2293 2869 2544 2932 fructum
2584 2870 2861 2920 Iabiorum
2892 2873 3267 2934 conﬁtentium
3302 2876 3520 2928 nomini

1869 2931 1908 2988 (ἶ
1928 2957 2068 3019 ejus.
2107 2953 2212 3006 Per
2239 2931 2444 3022 ipsum,
2476 2954 2528 3006 id
2559 2960 2643 3008 est
2671 2931 3281 3017 Christumxdebemus
3320 2960 3520 3016 oll‘erre

1931 3041 2043 3092 Deo
2074 3041 2223 3093 Patri
2254 3042 2588 3095 sacrificium
2627 3042 2805 3096 laudis
2836 3048 2893 3096 et
2929 3045 3241 3113 gratiarum
3271 3048 3518 3102 actiones

1925 3145 2025 3197 pro
2055 3129 2314 3182 omnibus
2347 3129 2505 3182 bonis
2534 3129 2719 3183 abillo
2752 3132 3046 3201 perceptis.
3085 3133 3297 3186 idcirco
3326 3141 3517 3190 autem

1925 3216 2236 3285 gratiarum
2287 3218 2536 3271 actiones
2585 3220 2822 3272 fructum
2865 3220 3144 3273 labiorum
3176 3229 3352 3286 vocat,
3387 3223 3519 3293 quia

1926 3305 2129 3358 eaedem
2151 3305 2462 3374 gratiarum
2487 3306 2734 3360 actiones
2760 3307 3000 3360 fructum
3020 3309 3377 3378 prmmidrum
3400 3328 3522 3365 me-

1926 3401 2141 3446 rentur.
2178 3394 2334 3447 Unde
2367 3394 2671 3463 Apostolus
2703 3395 2854 3461 dicit,
2899 3396 3029 3465 quia
3063 3413 3151 3450 ore
3178 3402 3236 3464 ﬁt
3260 3401 3518 3466 Confessio

1925 3483 1996 3533 ad
2023 3487 2255 3534 salutem
2295 3484 2469 3547 (Ilom.
2514 3488 2594 3546 x).
2635 3483 2720 3536 llli
2751 3500 2882 3552 ergo
2915 3485 3152 3552 pecudes
3190 3487 3516 3554 oilerebant,

1929 3587 2032 3622 nos
2057 3577 2243 3622 autem
2269 3571 2408 3622 nihil
2430 3571 2631 3623 horum
2656 3572 2958 3635 oll‘erimus,
2991 3574 3087 3624 sed
3112 3573 3283 3626 solam
3314 3575 3521 3642 gratia-

1930 3674 2052 3710 rum
2087 3658 2364 3710 actionem
2389 3659 2502 3712 Deo
2529 3661 2728 3710 otl'erre
2754 3659 3038 3710 debemus.
3068 3661 3143 3711 De
3175 3659 3273 3712 boc
3306 3661 3520 3712 sacriﬁ-

1927 3748 2010 3798 cio
2032 3746 2168 3798 dicit
2197 3746 2528 3798 Psalmista:
2562 3748 2797 3799 lmmola
2835 3748 2938 3799 Deo
2967 3750 3305 3814 sacri/icium
3337 3751 3519 3802 laudis

1931 3836 2105 3902 (Psal.
2135 3841 2302 3901 xux).

2003 3922 2366 3986 Beneﬁccntiaz
2393 3927 2576 3974 autem
2607 3926 2655 3974 et
2685 3925 3092 3976 communionis
3127 3927 3294 3978 nolite
3330 3926 3522 3978 oblivi-

1929 4013 2026 4063 sci.
2056 4011 2275 4062 Talibus
2293 4012 2441 4062 enim
2463 4011 2654 4062 hostiis
2669 4016 3020 4076 promeretur
3035 4013 3514 4079 Deus.Beneﬁcus,

1931 4097 2134 4151 dicitur
2156 4097 2321 4149 homo
2343 4097 2534 4166 largus
2553 4105 2609 4150 et
2631 4099 2997 4169 eleemosynis
3013 4100 3234 4154 deditus
3249 4145 3260 4156 .
3273 4102 3407 4155 Inde
3425 4102 3522 4156 be-

1932 4186 2230 4239 neﬁcentia
2266 4185 2472 4238 dicitur
2503 4186 2734 4255 largitas
2777 4187 3282 4259 eleemosynarum.
3326 4193 3524 4259 Bene/i-

1934 4278 2138 4338 centia’,
2158 4273 2359 4343 inquit,
2391 4278 2437 4326 et
2465 4278 2872 4328 communionis
2898 4280 3064 4330 nolite
3091 4279 3416 4342 oblivisci,id
3439 4285 3525 4333 est

1934 4361 2211 4432 largitatis
2267 4362 2770 4432 ele‘emosynarum,
2816 4369 2872 4416 et
2922 4366 3332 4419 communionis
3396 4379 3526 4438 (qua

1934 4451 2345 4505 communicare
2369 4457 2424 4504 et
2453 4451 2788 4521 participare
2817 4452 3030 4506 debetis
3059 4455 3184 4508 aliis
3201 4472 3266 4508 ex
3286 4456 3524 4508 faculta-

1936 4540 2085 4594 tibus
2117 4540 2332 4608 vestris)
2367 4540 2539 4592 nolite
2569 4539 2835 4593 oblivisci.
2863 4542 2920 4594 Si
2937 4542 3031 4594 alii
3061 4550 3268 4596 vestras
3288 4560 3524 4614 rapuere

1938 4629 2298 4694 substantias,
2331 4635 2521 4682 tamen
2551 4645 2614 4680 ex
2635 4629 2715 4681 eis
2742 4645 2878 4698 quas
2899 4630 3526 4702 habetiscleemosynas

1940 4720 2074 4773 dare
2113 4719 2286 4773 nolite
2324 4717 2594 4783 oblivisci,
2644 4717 2788 4770 sicut
2818 4718 3094 4788 Propheta
3125 4719 3288 4772 dicit:
3333 4721 3526 4773 Beatus

1936 4811 2034 4875 qui
2067 4810 2327 4873 intelligit
2355 4823 2517 4873 super
2547 4822 2779 4872 egenum
2825 4812 2869 4858 et
2902 4823 3196 4873 pauperem
3220 4809 3377 4872 (Psal.
3415 4813 3528 4866 XL).

1942 4898 2161 4950 Talibus
2190 4899 2340 4947 enim
2371 4895 2577 4956 hostiis,
2613 4900 2668 4945 et
2695 4893 3020 4946 muneribus
3044 4894 3528 4965 eleemosynarum

1937 4988 2284 5051 pron‘ieretur
2313 4984 2447 5034 Deus
2468 4980 2885 5048 adipisci.Unde
2915 4981 3048 5033 dicit
3088 4983 3392 5053 propheta:
3417 4987 3526 5038 Μί-

1938 5073 2295 5125 sericordiam
2327 5072 2441 5122 voto
2482 5074 2529 5120 et
2561 5084 2672 5121 non
2702 5072 3038 5135 sacri/icium
3071 5071 3231 5139 (Osce.
3273 5071 3369 5142 v1).
3402 5073 3528 5129 Non

1941 5167 2026 5213 est
2054 5157 2490 5213 considerandus
2521 5172 2734 5225 pauper
2761 5157 2856 5226 qui
2886 5158 3104 5212 videtur
3127 5161 3396 5232 accipere,
3431 5164 3530 5217 sed

1942 5251 2127 5320 potius
2145 5249 2236 5318 qui
2251 5247 2422 5316 jussit
2437 5247 2590 5298 dare.
2605 5247 2967 5318 Eleemosyna
2987 5253 3132 5302 enim
3154 5268 3275 5321 quae
3295 5269 3359 5321 pa
3373 5254 3530 5322 uperi

1942 5339 2182 5407 largitur
2210 5337 2265 5389 in
2299 5344 2469 5398 terra,
2503 5350 2536 5386 ει
2581 5334 2690 5387 Deo
2721 5337 2990 5407 recipitur
3026 5339 3084 5392 in
3123 5341 3280 5395 ccelo.
3306 5341 3371 5393 Et
3411 5341 3528 5396 ιι)ιὶ

1942 5427 2233 5482 attendere
2255 5424 2404 5494 quod
2417 5424 2521 5478 hoc
2537 5421 2642 5476 tibi
2660 5424 2734 5478 sit
2753 5427 3072 5482 redditurus
3095 5427 3245 5499 quod
3279 5427 3524 5499 accepit;
