3992 6166
505 321 609 380 935

950 321 1324 374 llAYMONlS
1361 318 1842 372 llALBERS’I‘AT.
1879 317 2110 372 El’lSU.
2153 316 2310 370 UPP.
2349 315 2528 368 PARS
2558 317 2599 368 ι.
2635 343 2700 354 -—
2732 315 3100 372 COMMENT.
3139 320 3320 393 BIBL.

3666 320 3768 379 936

503 452 566 500 tu
593 445 741 500 enim
773 450 980 498 terram
1012 442 1234 505 dedisti,
1264 441 1354 494 ille
1385 442 1582 495 ccelum
1617 441 1831 505 reddet,
1867 445 2052 510 tempo
2079 471 2090 477 -
2112 445 2156 500 A
2179 437 2279 500 dit,
2309 454 2489 508 neque
2511 437 2742 492 damnat
2765 441 2915 506 quod
2945 441 3148 496 bonam
3172 444 3515 499 voluntatem
3547 462 3661 501 non
3679 447 3772 500 ha-

505 534 644 588 ralia
673 533 896 598 dedisti,
931 540 1140 585 aeterna
1165 530 1522 584 mercaberis.

579 623 791 678 Ubedite
812 623 1118 688 [impositis
1141 623 1332 672 vestris
1363 623 1410 671 et
1433 620 1700 686 subjaeete
1722 617 2094 672 eis.0bedien-

503 711 636 765 dum
677 714 764 764 est
807 708 1064 764 omnibus
1107 706 1348 778 praelatis
1389 712 1446 760 et
1476 705 1950 776 praedicatoribus,
2004 705 2092 758 in-

503 804 774 870 quantum
802 797 1055 850 doctrina
1091 801 1148 848 et
1179 811 1361 848 mores
1411 795 1634 847 illorum
1673 799 1864 847 sancte
1905 799 1960 846 et
2006 794 2094 863 pie

502 887 763 940 existunt.
799 885 859 939 Si
887 890 1074 938 autem
1124 899 1156 936 a
1196 883 1282 935 via
1321 882 1673 936 rectitudinis
1727 881 2090 941 deviaverint,

499 973 646 1029 sicut
665 973 868 1028 Scriba:
889 979 944 1026 et
965 971 1252 1034 Pharisaei,
1271 987 1382 1024 non
1403 971 1672 1024 faciamus
1693 971 1883 1040 qualia
1896 977 2093 1039 agunt,

497 1063 596 1118 sed
626 1063 814 1133 qualia
839 1061 1050 1123 dicunt,
1073 1061 1181 1113 nisi
1203 1060 1345 1114 forte
1365 1060 1422 1114 in
1446 1060 1553 1112 ﬁde
1577 1059 1844 1113 contrarii
1871 1059 2092 1112 exstite-

495 1149 624 1206 rint.
662 1151 804 1204 Nam
830 1149 952 1203 siin
984 1149 1093 1202 ﬁde
1116 1148 1382 1202 contrarii
1413 1147 1751 1210 exstiterint,
1779 1163 1890 1200 non
1907 1147 2086 1199 solum

493 1239 708 1293 vitandi
727 1247 878 1302 sunt,
915 1237 1012 1291 sed
1042 1236 1209 1290 etiam
1233 1236 1508 1306 fugiendi.
1537 1237 1612 1289 At
1639 1236 1684 1288 si
1715 1235 1854 1288 bene
1884 1235 2088 1289 docue-

494 1329 628 1394 rint,
653 1327 1091 1398 discrepaverint
1119 1330 1306 1380 autem
1349 1324 1598 1378 moribus
1637 1341 1670 1378 a
1713 1325 1954 1384 Christo.
1986 1341 2088 1378 au-

494 1417 718 1470 diamus
746 1431 873 1469 eum
906 1414 1183 1467 dicentem
1205 1413 1274 1466 de
1298 1412 1504 1466 talibus
1525 1413 1582 1466 in
1611 1428 1846 1482 persona
1867 1411 2090 1466 Scriba-

495 1519 622 1556 rum
653 1509 709 1556 et
736 1501 1144 1556 Pharisaeorum
1179 1518 1190 1552 :
1215 1500 1392 1568 Super
1415 1500 1732 1553 cathedram
1758 1501 1932 1568 Moysi
1950 1500 2090 1552 sede-

2180 526 2412 580 beamus
2441 543 2575 596 erga
2607 543 2702 580 vos

2247 613 2502 681 Amplius
2519 623 2700 669 autem
2721 620 2976 685 (ιι·].υ·ίί;οι·
2999 620 3192 672 vos/ioc
3209 623 3521 688 facere,quo
3543 625 3770 677 celerius

2177 705 2448 756 restituar
2466 707 2628 758 vobis.
2676 705 3002 760 V'oluntatis
3033 707 3261 777 quidem
3283 725 3420 762 meae
3459 715 3546 763 est
3583 710 3770 766 venire

2177 791 2248 843 ad
2271 807 2384 856 vos,
2413 791 2648 863 ideoque
2670 800 2885 848 attente
2914 795 3183 864 deprecor
3205 813 3300 848 vos
3327 813 3426 866 pro
3458 814 3548 852 me
3588 815 3767 864 orare,

2177 885 2238 932 ut
2263 879 2373 932 cito
2403 880 2740 935 desiderium
2769 899 2952 936 meum
2970 883 3539 954 impleaturvenlendi
3560 887 3628 939 ad
3655 904 3765 940 vos.

2179 967 2246 1020 Et
2266 968 2574 1022 notandum
2595 971 2738 1039 quml
2765 971 2944 1040 primo
2967 971 3284 1040 postulabat
3308 973 3378 1026 ab
3400 973 3480 1026 eis
3503 975 3770 1029 orationis

2175 1056 2505 1125 sull'ragium
2538 1074 2603 1110 ac
2633 1057 2834 1111 deinde
2876 1075 2986 1112 non
3017 1059 3362 1129 simpliciter,
3402 1061 3504 1114 sed
3533 1069 3656 1116 tota
3685 1063 3768 1116 in-

2173 1145 2440 1208 tentione,
2457 1151 2514 1198 et
2533 1145 2682 1198 omni
2707 1163 2935 1214 prorsus
2957 1146 3144 1200 studio
3165 1148 3314 1218 piam
3335 1150 3650 1204 orationem
3672 1168 3768 1221 pro

2172 1232 2252 1284 eis
2280 1233 2349 1284 ad
2372 1234 2670 1286 Dominum
2709 1235 2908 1296 tundit,
2941 1235 3202 1304 inquiens
3231 1255 3244 1288 :

2242 1323 2381 1374 Deus
2408 1327 2596 1374 autem
2621 1325 2776 1388 pacis
2804 1325 3108 1390 quieduzit
3133 1325 3196 1376 de
3227 1327 3464 1378 mortuis
3494 1331 3766 1393 pastorem

2176 1425 2441 1476 magnum
2467 1426 2592 1462 omn
2605 1413 2716 1460 ium
2749 1414 2806 1461 ιἰι
2827 1414 3098 1476 sanguine
3120 1415 3432 1465 testamenti
3459 1418 3656 1467 aeterni
3672 1417 3768 1468 [)0-

2173 1499 2394 1550 minum
2421 1503 2668 1550 nostrum
2693 1501 2878 1550 Jesum
2904 1501 3205 1552 Christum.
3229 1500 3378 1553 Deus
3399 1501 3554 1570 pacis
3584 1503 3766 1556 istoin

494 1596 633 1644 runt
677 1591 878 1644 Scriba:
930 1593 981 1640 et
1031 1589 1294 1641 [’harisa'i
1325 1607 1340 1640 :
1364 1589 1553 1640 omnia
1593 1603 1718 1654 ergo
1754 1603 2087 1654 quacunque
2171 1584 2290 1637 loco
2313 1585 2648 1654 intelligitur
2675 1585 2824 1639 Deus
2851 1586 3018 1640 Pater
3038 1603 3068 1640 a
3086 1604 3196 1658 quo
3221 1604 3344 1642 vera
3369 1605 3470 1658 pax
3494 1591 3761 1660 procedit,

492 1680 740 1732 dixerint
757 1679 904 1732 vobis
924 1683 1130 1730 servate
1157 1681 1205 1729 et
1229 1679 1410 1742 facile,
1435 1677 1736 1728 secundum
1776 1690 1898 1728 vero
1926 1691 2087 1741 opera
2172 1673 2264 1742 qui
2291 1680 2376 1727 est
2403 1681 2624 1726 amator
2645 1675 2814 1744 pacis,
2841 1681 2898 1728 et
2926 1675 3020 1744 qui
3050 1691 3152 1729 nos
3180 1677 3493 1746 pacificavit
3525 1694 3629 1748 per
3647 1695 3762 1732 om-

491 1771 725 1823 itlorum
753 1769 918 1820 nolite
945 1767 1141 1833 facere.
1184 1767 1387 1818 Dicunt
1433 1767 1581 1817 enim
1620 1768 1668 1816 et
1708 1779 1818 1816 non
1867 1764 2086 1830 faciunt
2110 1761 2263 1845 Bnia
2282 1761 2386 1814 sibi
2412 1779 2512 1832 per
2540 1763 2868 1830 sanguinem
2899 1763 3025 1816 Filii
3050 1763 3155 1824 sui,
3206 1763 3325 1834 ipse
3353 1765 3546 1818 eduxit
3575 1772 3758 1836 pasto-

491 1857 700 1926 (Matth.
725 1861 860 1922 XXI).
897 1857 1006 1922 Ipsi
1029 1857 1180 1908 enim
1211 1856 1570 1920 pervigilant,
1607 1855 1770 1919 quasi
1807 1855 2080 1905 rationem
2169 1866 2284 1902 rem
2319 1867 2585 1920 magnum
2625 1851 2808 1904 ovium
2863 1852 2932 1904 de
2978 1853 3234 1917 mortuis,
3267 1852 3323 1906 id
3352 1861 3440 1906 est
3467 1854 3539 1906 de
3569 1856 3756 1924 sepul-

482 1961 588 2014 pro
615 1945 912 1998 animabus
961 1945 1151 1996 vestris
1181 1943 1480 2006 reddituri,
1511 1945 1572 1994 ut
1601 1957 1727 1994 cum
1755 1941 1958 2007 gaudio
1989 1941 2087 1992 hoc
2165 1953 2282 2001 cro,
2311 1939 2406 2008 qui
2445 1940 2596 1993 locus
2652 1940 2874 2010 proprie
2921 1945 3268 1994 mortuorum
3316 1953 3421 2004 est,
3479 1943 3756 1996 suscitans

487 2035 708 2100 faciant
736 2038 784 2086 et
807 2048 917 2085 non
933 2028 1503 2098 gementes.0mnibus
1526 2028 1751 2098 quidem
1769 2027 2012 2098 praelatis
2029 2033 2086 2080 et
2166 2027 2320 2080 illum
2344 2028 2511 2080 tertia
2525 2027 2798 2097 die.juxta
2810 2028 2958 2098 quod
2973 2028 3093 2098 ipse
3107 2029 3282 2083 Filius
3301 2029 3756 2101 appropinquans

487 2120 801 2192 praepositis
852 2119 1224 2172 obedientium
1277 2124 1381 2179 est,
1443 2116 1551 2169 nisi
1597 2117 1742 2170 forte
1779 2132 1814 2168 a
1848 2116 2082 2170 veritate
2166 2115 2621 2184 passioniorabat
2646 2115 2870 2168 dicens:
2898 2117 3078 2181 Pater,
3104 2120 3350 2184 clari/ica
3371 2120 3578 2170 Filium
3602 2126 3754 2172 tuum

486 2209 615 2262 ﬁdei
645 2207 1064 2264 aberraverint:
1099 2205 1376 2276 praecipue
1400 2209 1594 2258 tamen
1631 2205 1742 2258 illis
1766 2203 1860 2274 qui
1906 2203 2082 2274 pervi-

485 2296 686 2366 gilant,
717 2295 822 2348 hoc
843 2301 930 2347 est
950 2294 998 2347 si
1023 2295 1143 2346 sine
1173 2293 1589 2346 intermissione
1611 2292 1843 2362 vigilant
1867 2292 1922 2345 in
1947 2307 2082 2362 prae-

486 2383 786 2448 dicatione,
813 2382 870 2436 in
900 2381 1046 2435 bono
1069 2381 1338 2450 exemplo,
1355 2386 1413 2433 et
1437 2395 1572 2432 cura
1600 2379 1935 2432 exteriorum
1968 2379 2081 2432 sol-

483 2471 620 2526 liciti
659 2471 980 2535 existentes,
1007 2469 1250 2540 qualiter
1277 2483 1378 2538 pro
1408 2467 1488 2520 eis
1514 2467 1786 2520 rationem
1820 2467 2060 2520 reddant

481 2561 614 2614 Ideo
635 2558 843 2613 subditi
877 2557 1150 2612 debemus
1164 2573 1285 2609 esse
1300 2555 1542 2626 praelatis
1566 2555 1790 2618 nostris,
1817 2555 1909 2626 qui
1933 2555 2081 2608 solli-

481 2649 576 2702 citi
608 2653 742 2702 sunt
769 2647 838 2700 de
863 2645 1041 2709 nobis,
1067 2653 1260 2715 utpote
1293 2661 1392 2714 pro
1420 2643 1579 2696 nobis
1599 2644 1874 2697 rationem
1898 2643 2080 2697 reddi-

481 2737 616 2802 turi,
641 2742 706 2791 ut
729 2752 858 2790 cum
887 2734 1094 2806 gaudio
1128 2734 1232 2786 hoc
1270 2733 1496 2796 faciant,
1532 2737 1589 2784 et
1629 2747 1740 2784 non
1761 2737 2072 2801 gementes,

477 2825 536 2880 id
576 2830 682 2896 est,
729 2830 793 2879 ut
829 2841 957 2878 cum
1011 2823 1204 2876 lzetitia
1252 2829 1308 2875 et
1348 2821 1634 2874 hilaritate
1675 2837 1864 2874 curam
1901 2820 2075 2874 nostri

377 2975 396 2983 κ
479 2920 668 2984 agant,
699 2919 753 2967 et
775 2929 886 2966 non
909 2928 1034 2966 cum
1060 2926 1346 2964 murmure
1367 2916 1422 2962 et
1448 2907 1866 2979 perturbatione
1881 2908 2072 2972 animi,

477 3001 742 3073 quoniam
763 3002 1094 3072 plerumque
1108 2999 1254 3052 mala
1271 2997 1616 3052 conversatio
1631 3004 1688 3050 et
1703 2997 2076 3050 inobedientia

475 3090 852 3160 subjectorum
870 3089 938 3142 ad
952 3086 1386 3140 amaritudinem
1400 3091 1702 3156 provocant
1713 3086 1928 3139 animos
1941 3103 2075 3156 prte-

473 3177 738 3242 latorum,
781 3177 919 3231 adeo
951 3182 1014 3229 ut
1059 3175 1344 3244 segniores
1386 3180 1556 3244 atque
1592 3173 1871 3230 tristiores
1927 3174 2072 3227 circa

477 3266 788 3337 proiectum
821 3265 1047 3316 illorum
1070 3263 1314 3316 existant
1346 3280 1358 3314 :
1392 3262 1506 3315 sive
1535 3261 1764 3315 obedire
1803 3261 2072 3316 debemus

473 3352 606 3411 illis,
639 3358 705 3405 ut
731 3351 789 3404 in
815 3351 906 3404 die
945 3350 1138 3419 judicii
1171 3365 1297 3402 cum
1326 3349 1536 3419 gaudio
1588 3365 1688 3420 pro
1717 3349 1876 3403 nobis
1905 3351 2072 3404 ratio-

471 3455 602 3494 nem
632 3439 873 3492 reddant
915 3438 1094 3492 securi
1138 3438 1206 3491 de
1260 3437 1508 3507 praemio,
1549 3443 1608 3490 et
1647 3454 1756 3491 non
1782 3445 2072 3507 gementes

471 3527 622 3582 anxii
649 3527 718 3582 de
747 3534 941 3581 nostra
967 3527 1347 3580 damnatione.
1389 3528 1498 3581 [loc
1537 3529 1686 3580 enim
1719 3543 1829 3580 non
1859 3529 2069 3594 expedit

469 3618 635 3678 vobis,
666 3615 934 3670 subaudis
965 3623 1026 3668 ut
1047 3615 1126 3668 illi
1168 3615 1444 3684 gemendo
1466 3630 1655 3668 curam
1679 3614 1847 3667 vestri
1876 3623 2066 3684 agant,

475 3703 564 3758 vel
591 3720 692 3776 pro
723 3704 876 3758 vobis
900 3705 1176 3757 rationem
1210 3719 1335 3756 cum
1367 3701 1597 3755 tristitia
1618 3702 1871 3756 reddant.

545 3793 706 3848 Orate
747 3807 852 3860 pro
899 3794 1072 3845 nobis.
1123 3791 1226 3845 llic
1274 3789 1594 3860 snperbiam
1651 3791 2066 3861 elationemque

471 3879 678 3936 mentis
717 3881 1087 3951 quorumdam
1139 3880 1464 3949 pontiﬁcum
1503 3878 1758 3945 destruit,
1790 3880 1886 3950 qui
1933 3886 2065 3950 typo

2169 2208 2348 2268 (.Ioan.
2385 2204 2538 2276 xvn),
2567 2205 2619 2258 id
2659 2212 2764 2265 est,
2814 2205 3020 2258 suscita
3058 2205 3259 2258 Filium
3295 2211 3476 2259 tuum.
3529 2207 3600 2260 Et
3629 2207 3754 2278 quid

2163 2293 2295 2346 dicit
2321 2293 2500 2346 eidem
2533 2295 2678 2346 Deus
2706 2293 2870 2346 l’ater
2896 2293 2956 2346 in
2995 2293 3210 2362 psalmo
3230 2308 3247 2342 :
3278 2295 3546 2361 Exsurge,
3579 2298 3752 2362 gloria

2164 2373 2302 2435 mea.
2337 2398 2580 2446 exsurge,
2609 2381 3122 2448 psalteriumU’sal.
3164 2382 3295 2449 va),
3328 2381 3384 2434 id
3427 2388 3518 2436 est
3553 2383 3752 2437 chorus

2163 2471 2415 2522 omnium
2448 2469 2733 2522 virtutum.
2763 2469 2858 2522 [υἱ
2889 2468 3064 2523 Filius
3098 2487 3110 2522 :
3161 2471 3472 2536 Exsurgam
3509 2473 3750 2526 diluculo

2164 2559 2532 2624 (Ibid.).Deus
2547 2575 2679 2627 ergo
2705 2559 2870 2611 Pater
2883 2558 3073 2611 eduxit
3091 2557 3292 2612 Filium
3325 2574 3490 2612 suum
3522 2558 3594 2613 de
3614 2575 3749 2613 mor-

2161 2646 2296 2707 tuis,
2329 2646 2433 2698 hoc
2455 2651 2540 2700 est
2567 2647 2636 2698 de
2655 2645 2874 2699 inferno
2903 2647 2988 2699 vel
3019 2646 3088 2699 de
3113 2647 3392 2716 sepulcro,
3408 2648 3577 2716 juxta
3605 2648 3745 2718 quod

2160 2735 2408 2804 psalmus
2419 2735 2747 2804 praedixerat
2769 2753 2779 2786 :
2808 2735 2930 2788 Non
2948 2735 3102 2787 dabis
3116 2741 3372 2788 sanctum
3395 2740 3559 2788 tuum
3576 2737 3746 2789 videre

2159 2825 2566 2890 corruptionem
2609 2824 2768 2876 εΡςαι.
2809 2826 2914 2888 xv).
2961 2823 3046 2884 Et,
3098 2833 3163 2876 ut
3203 2823 3281 2875 ita
3324 2823 3602 2888 dicamus,
3631 2824 3743 2894 ipse

2159 2911 2334 2964 Filius
2358 2910 2649 2964 suscitavit
2692 2910 3057 2980 semetipsum
3101 2926 3200 2980 per
3233 2911 3542 2980 potentiam
3579 2911 3738 2966 verbi.

2159 2999 2302 3052 Nam
2327 2999 2472 3052 sicut
2504 3005 2620 3052 tota
2640 2998 2887 3052 Trinitas
2909 2999 3118 3052 creavit
3161 2997 3319 3051 illum
3364 3000 3649 3053 hominem
3689 3001 3739 3054 in

2159 3096 2318 3140 utero
2343 3087 2705 3156 virginali,ita
2729 3092 2849 3140 tota
2875 3086 3120 3140 Trinitas
3149 3087 3340 3140 eduxit
3361 3087 3520 3140 illum
3549 3104 3582 3140 a
3606 3104 3738 3141 mor-

2153 3175 2286 3240 tuis,
2316 3175 2577 3246 quoniam
2611 3175 3025 3229 indivisibiliter
3045 3181 3352 3244 operantur
3370 3175 3610 3230 illustres
3626 3193 3737 3246 per-

2153 3281 2322 3318 sonae.
2351 3265 2588 3332 Magnus
2615 3269 2804 3317 autem
2841 3270 3032 3333 pastor
3053 3269 3139 3316 est
3165 3263 3435 3317 Dominus
3459 3265 3624 3318 Iesus
3649 3265 3732 3333 qui

2152 3353 2218 3405 ad
2245 3369 2450 3422 pasaua
2481 3354 2624 3413 vitae,
2658 3357 2715 3404 et
2765 3367 2985 3405 aiiitena
3015 3357 3176 3420 prata
3224 3351 3456 3405 virentis
3499 3355 3732 3422 paradisi

2154 3457 2284 3494 suas
2315 3457 2442 3494 oves
2473 3441 2891 3511 perducit.lpse
2908 3447 2993 3494 est
3016 3445 3208 3510 pastor
3226 3439 3468 3508 quidicit
3485 3441 3544 3494 in
3567 3441 3732 3494 Evan-

2153 3528 2298 3598 gelio
2332 3545 2342 3579 :
2379 3529 2484 3594 Ego
2527 3545 2652 3580 sum
2683 3532 2872 3595 pastor
2905 3530 3076 3580 bonus
3117 3529 3296 3589 (Joan.
3327 3533 3402 3593 κ).
3439 3529 3586 3584 Oves
3621 3531 3730 3600 ejus

2152 3623 2284 3670 sunt
2307 3616 2488 3674 electi,
2521 3616 2590 3669 de
2621 3615 2823 3685 quibus
2861 3615 2980 3686 ipse
3034 3615 3170 3668 dicit
3200 3634 3211 3667 :
3250 3617 3379 3669 Ores
3410 3633 3538 3670 mea:
3565 3634 3728 3671 vocem

2151 3721 2328 3758 meam
2359 3706 2602 3758 audiunt
2639 3709 2688 3756 et
2717 3709 3031 3771 sequuntur
3053 3720 3154 3769 me,
3182 3709 3229 3756 et
3262 3719 3356 3771 ego
3383 3707 3560 3760 vitam
3592 3712 3726 3760 arter-

2149 3809 2282 3845 nam
2311 3795 2377 3845 do
2401 3795 2477 3846 eis
2509 3794 2708 3859 ΗΜΛ).

2219 3883 2254 3934 .4
2260 3885 2374 3948 plet
2401 3897 2508 3944 res,
2545 3881 2597 3933 id
2628 3885 2711 3934 est
2735 3885 3011 3951 prmparet
3039 3896 3153 3941 vos.
3185 3881 3573 3953 perfectosque
3608 3882 3722 3936 red-

391 3982 400 3989 ‘
473 3969 750 4042 superbiae
795 3967 974 4022 inﬂati
1026 3967 1406 4036 dedignantur
1441 3967 1728 4038 deprecari
1759 3984 1889 4021 suos
1927 3968 2060 4022 sub-
2146 3969 2330 4034 dat,in
2352 3971 2508 4030 omni
2529 3970 2751 4036 bono,ut
2774 3970 2997 4035 faciatis
3016 3971 3354 4023 voluntatem
3370 3974 3508 4040 ejus,
3530 3973 3719 4037 facietis

462 4062 663 4132 jectos,
691 4065 968 4131 quatenus
1001 4074 1100 4128 pro
1131 4057 1212 4111 eis
1236 4057 1518 4112 orationes
1555 4057 1812 4112 fundant.
1840 4057 1898 4112 Si
1927 4074 2060 4128 ergo
2144 4060 2208 4110 in
2234 4058 2534 4124 vobisquod
2553 4060 2766 4124 placeat
2797 4071 2985 4110 coram
3009 4073 3062 4108 se
3085 4072 3187 4124 per
3205 4059 3392 4110 Jesum
3425 4059 3711 4118 Christum,

465 4151 562 4204 ille
581 4149 678 4220 qui
715 4148 786 4202 ad
819 4148 920 4200 hoc
965 4151 1192 4199 vocatus
1222 4151 1308 4199 est
1333 4161 1368 4198 a
1401 4145 1666 4210 Domino,
1693 4151 1758 4200 ut
1793 4145 1987 4200 doctor
2006 4152 2064 4200 et
2144 4147 2338 4212 quiest
2373 4147 2555 4212 gloria
2583 4149 2645 4199 in
2676 4147 2871 4200 saecula
2898 4146 3446 4202 seculorumAmen.
3471 4150 3618 4208 Deus,
3642 4147 3712 4199 in-

467 4238 740 4306 magister
757 4234 1007 4289 omnium
1018 4233 1272 4302 gentium
1293 4235 1469 4296 ﬁeret,
1496 4249 1608 4286 non
1629 4238 1713 4287 est
1726 4233 2060 4304 dedignatus
2144 4233 2283 4302 quit,
2306 4236 2459 4301 pacis
2483 4238 2627 4301 aptet
2655 4249 2745 4286 vos
2774 4237 2837 4287 in
2862 4237 3018 4287 omni
3044 4235 3198 4294 bono.
3224 4234 3330 4288 hoc
3349 4242 3436 4289 est
3453 4235 3615 4289 faciat
3631 4249 3712 4286 vos

467 4331 680 4395 petere,
708 4328 986 4392 quatenus
1014 4337 1113 4390 pro
1131 4320 1226 4373 illo
1246 4319 1483 4390 subjecti
1511 4321 1648 4390 ejus,
1669 4338 1808 4391 quos
1821 4321 2124 4420 Domin‘oD
2141 4328 2301 4391 aptos
2323 4321 2380 4374 in
2410 4321 2520 4375 ﬁde
2549 4327 2721 4387 recta,
2753 4321 2813 4374 in
2841 4321 3115 4388 doctrina,
3160 4322 3216 4375 in
3245 4324 3569 4393 operatione
3600 4339 3710 4393 per-

467 4411 808 4482 acquisierat
831 4415 1074 4465 orarent,
1099 4414 1308 4478 quanto
1331 4409 1509 4478 magis
1529 4409 1782 4479 indigent
1801 4410 1950 4482 pleni
1971 4408 2119 4464 in-"
2139 4410 2304 4475 fecta,
2328 4415 2393 4464 ut
2415 4408 2641 4480 possitis
2669 4413 2785 4477 ejus
2828 4413 3161 4464 voluntatem
3201 4413 3491 4480 perlicere,
3522 4413 3710 4479 faciem

466 4497 633 4561 vidia,
667 4497 883 4569 rapina,
934 4496 1172 4566 aliisque
1209 4496 1357 4550 vitiis
1395 4497 1653 4568 respersi,
1711 4497 2057 4552 orationibus
2139 4496 2258 4567 ipse
2286 4501 2350 4551 in
2387 4500 2533 4550 vobis
2581 4499 2724 4566 quod
2761 4501 2973 4566 placeat
3003 4497 3103 4551 illi.
3136 4499 3183 4552 A
3215 4499 3370 4553 vobis
3399 4500 3544 4554 enim
3585 4497 3709 4552 nihil

465 4588 842 4659 subjectorum
863 4585 1190 4640 subveniri?
1219 4585 1486 4657 Sequitur
1509 4604 1520 4638 :
1555 4586 1892 4654 Con/tdimus
1907 4590 2054 4640 enim
2139 4585 2272 4640 boni
2299 4585 2503 4639 habere
2528 4586 2780 4656 potestis,
2807 4585 2912 4640 nisi
2944 4586 3041 4640 illo
3071 4587 3448 4656 praeveniente
3467 4593 3525 4642 et
3545 4587 3714 4642 subse-

464 4681 600 4748 quia
617 4679 813 4731 bonam
835 4677 1225 4730 conscientiam
1256 4676 1537 4742 habemus,
1560 4677 1623 4728 in
1643 4677 1900 4728 omnibus
1930 4676 2056 4729 bene
2140 4681 2364 4744 quente,
2393 4676 2555 4743 juxta
2585 4673 2734 4744 quod
2773 4675 3024 4744 psalmus
3051 4683 3264 4734 exorat,
3299 4675 3495 4730 dicens
3525 4693 3538 4729 :
3564 4677 3711 4730 illise-

463 4769 698 4822 volentcs
727 4766 1068 4820 conversari.
1109 4762 2050 4834 CulpabaturApostolusaJudasis,
2139 4765 2383 4816 m’cordia
2402 4767 2524 4831 ejus
2545 4765 2838 4830 praeveniet
2863 4769 3028 4826 me,et
3059 4766 3448 4818 misericordia
3475 4769 3586 4832 ejus
3603 4763 3710 4816 sub-

463 4855 614 4926 quod
646 4871 758 4909 non
787 4853 1052 4923 diligeret
1091 4855 1317 4922 gentem
1371 4867 1551 4915 suam,
1603 4851 1750 4904 sicut
1792 4851 2050 4920 gentiles,

462 4943 699 5013 ideoque
749 4941 953 4996 blande
1009 4956 1073 4993 ac
1122 4939 1506 5010 deprecatorie
1550 4939 1860 5008 alloquitur
1905 4939 2050 5006 illos,

2135 4857 2389 4918 sequetur
2427 4867 2512 4904 me
2557 4853 2714 4912 (Psal.
2778 4862 2944 4914 LVIII).
2989 4851 3292 4921 Apostolus
3335 4869 3557 4922 quoque
3585 4851 3705 4903 alias

2135 4938 2270 4992 dicit
2303 4959 2314 4992 :
2338 4939 2481 4992 Deus
2519 4943 2593 4992 est
2615 4941 2715 5006 qui
2743 4944 3006 5006 operatur
3026 4942 3086 4992 in
3115 4941 3269 4993 nobis
3290 4945 3337 4994 et
3360 4945 3511 5006 cette,
3529 4947 3575 4994 et
3597 4953 3702 5006 per-

463 5030 766 5084 ostendens
793 5045 853 5082 se
879 5029 1080 5082 bonum
1113 5028 1451 5081 voluntatem
1476 5025 1683 5080 habere
1713 5027 1769 5080 in
1795 5027 2055 5081 omnibus
2134 5029 2291 5094 ﬁcere
2325 5028 2582 5095 (Phil-ipp.
2637 5040 2694 5080 in
2713 5069 2726 5082 .
2781 5027 2908 5080 Haec
2938 5033 3124 5080 autem
3174 5029 3364 5080 omnia
3395 5045 3492 5098 per
3533 5029 3698 5082 Iesum

461 5117 802 5181 hominibus,
835 5117 941 5169 hoc
971 5123 1074 5176 est,
1109 5121 1166 5169 et
1203 5117 1260 5169 in
1293 5115 1500 5170 Judaeis
1537 5121 1593 5169 et
1639 5115 1695 5168 in
1724 5115 2048 5184 gentilibus.

463 5205 830 5268 Conﬁdimus,
857 5203 1056 5274 inquit,
1090 5220 1196 5272 ego
1226 5220 1290 5257 ac
1311 5203 1444 5258 socii
1476 5203 1605 5268 mei,
1637 5203 1836 5257 bonam
1867 5204 2055 5258 volun-

399 5333 406 5340 η
461 5299 636 5349 tatem
667 5309 780 5346 non
813 5290 1017 5344 habere.
1042 5291 1099 5344 in
1137 5291 1397 5344 omnibus
1431 5290 1770 5354 hominibus,
1805 5291 1944 5345 bene
1967 5308 2054 5346 vo-

2137 5114 2444 5179 Christum,
2477 5115 2534 5167 in
2575 5113 2828 5168 oratione
2859 5115 3098 5184 perlicit,
3146 5115 3414 5185 quoniam
3448 5132 3544 5186 per
3562 5115 3694 5168 illum

2137 5202 2264 5255 facti
2306 5208 2475 5272 atque
2505 5201 2781 5272 redempti
2803 5218 2998 5256 sumus
3033 5220 3044 5254 :
3069 5209 3124 5256 et
3153 5220 3253 5274 per
3270 5204 3430 5258 illum
3453 5199 3693 5274 quidquid

2135 5290 2265 5344 boni
2283 5291 2572 5355 habemus,
2607 5290 2768 5343 nobis
2793 5289 3254 5344 subministratur
3298 5293 3406 5346 Cui
3427 5299 3500 5346 est
3519 5293 3696 5360 gloria.

458 5383 639 5438 lentes
667 5380 981 5434 conversari
1005 5385 1120 5432 tam
1142 5379 1362 5434 Judzeos
1383 5396 1550 5450 quam
1581 5380 1838 5450 gentiles.
1865 5380 2050 5434 Nolite
2134 5378 2192 5432 id
2223 5392 2309 5432 est
2338 5379 2452 5432 Deo
2483 5379 2638 5432 Patri
2666 5389 2722 5432 et
2757 5378 2894 5432 Jesu
2931 5380 3170 5442 Christo,
3212 5381 3266 5433 in
3299 5381 3491 5434 omnia
3529 5381 3700 5434 futura

458 5470 679 5542 aliquas
715 5467 1100 5524 accusationes
1149 5471 1250 5521 aut
1295 5467 1728 5522 detrectationes
1776 5469 2046 5538 proferre,

458 5559 724 5635 quoniam
754 5557 1094 5614 conscientia
1124 5560 1316 5610 nostra
1344 5555 1400 5609 in
1436 5556 1591 5610 nullo
1619 5572 1724 5611 nos
1750 5557 2050 5628 reprehen-

2130 5471 2352 5524 δεδιυῖα,
2384 5469 2578 5524 Amen.
2604 5471 2781 5523 Amen
2813 5475 3000 5523 autem
3041 5469 3391 5523 conﬁrmatio
3421 5475 3508 5523 est
3525 5484 3617 5538 pro
3642 5481 3698 5519 eo

2131 5557 2278 5627 quod
2309 5565 2394 5612 est
2423 5548 2660 5623 fiatfvel
2688 5557 2769 5612 ita
2795 5562 2879 5611 est
2910 5573 3104 5611 verum
3133 5563 3196 5611 ut
3215 5557 3369 5611 dixit.
