3884 6154
145 342 258 400 937

993 340 1374 398 EXPOSITIO
1405 342 1482 397 ΙΝ
1511 340 2038 398 APOCALYPSIN.
2070 368 2139 382 -
2168 340 2574 397 PR/EFATIO.

3319 345 3426 404 938

216 469 351 535 Rogo
363 472 668 533 autemvos,
682 467 907 535 fratres,
923 469 1276 533 utsu/feratis
1288 467 1514 521 verbum
1529 468 1740 521 solatii.
1762 470 1814 530 Α
1831 463 2112 536 simulque
2140 463 2428 520 blanditur
2446 465 2546 531 eis,
2571 465 2705 521 dum
2731 467 3134 525 honorabiliter
3158 486 3253 526 eos
3282 471 3429 527 salu-

151 557 370 610 Etem’m
395 571 496 624 per
531 558 725 624 paucis
769 558 965 624 scripsi
1005 557 1170 610 vobis.
1204 555 1350 609 Nota
1386 555 1532 626 quod
1563 559 1742 609 totam

150 645 459 717 Epistolam
483 661 660 700 unum
681 643 910 699 verbum
934 644 1237 715 appellavit
1259 660 1361 698 nec
1387 644 1525 698 dixit
1549 663 1560 697 :
1592 645 1747 714 Rogo

151 751 252 789 vos
267 739 331 788 ut
347 734 628 788 sufferatis
639 734 940 806 patientier
951 733 1176 788 verbum
1194 732 1756 802 admonitionis,quia

153 823 543 896 pusillanimes
577 831 767 890 erant;
801 823 900 877 sed
924 824 1148 877 verbum
1169 825 1377 886 solatii,
1407 822 1511 875 hoc
1534 828 1620 876 est
1641 837 1758 874 ver-

151 912 289 966 bum
334 913 753 977 consolationis,
787 910 1130 982 verbumque
1169 909 1601 964 adhortationis.
1631 910 1758 964 Non

155 1001 311 1056 enim
352 1001 551 1072 scripsi
580 1000 734 1055 vobis
763 1001 959 1065 multa,
988 1000 1086 1054 sed
1124 1017 1320 1070 pauca,
1362 999 1433 1053 ad
1465 1015 1758 1070 compara-

154 1091 372 1145 tionem
387 1090 614 1144 illorum
633 1107 754 1162 quae
776 1089 928 1144 vobis
949 1087 1214 1155 dicerem,
1229 1088 1277 1142 si
1299 1103 1756 1160 prmsensessem,

158 1180 370 1234 timens
401 1179 558 1234 vobis
589 1180 741 1233 oneri
775 1195 914 1233 esse.

224 1271 534 1336 Cognoscite
545 1271 782 1336 fratrem
805 1273 1059 1322 nostrum
1083 1267 1424 1321 Timotheum
1441 1267 1758 1320 dimissum.

156 1358 492 1413 Timotheus
519 1357 877 1428 coepiscopus
905 1362 1030 1411 erat
1055 1355 1202 1410 beati
1230 1354 1498 1426 Apostoli,
1524 1358 1581 1408 et
1608 1353 1765 1424 adju-

156 1453 251 1501 tor
291 1446 351 1500 in
390 1445 807 1517 praedicatione,
841 1462 1007 1516 quem
1037 1445 1172 1499 dicit
1208 1443 1501 1498 dimissum
1534 1460 1566 1496 a
1597 1458 1675 1505 se,
1707 1447 1766 1496 et

158 1536 229 1588 ad
262 1535 720 1606 praedicationem
746 1535 1040 1600 directum,
1065 1534 1177 1588 sive
1197 1532 1456 1595 Athenis,
1475 1531 1573 1586 ubi
1603 1531 1762 1586 illum

159 1623 462 1678 dimiserat
483 1623 745 1677 fortassin
767 1624 1088 1694 Apostolus.
1112 1623 1304 1676 Potest
1326 1620 1496 1675 etiam
1526 1618 1764 1689 intelligi

1837 559 1940 618 tat,
1965 558 2242 624 quatenus
2271 555 2783 610 animadverterent
2807 574 2865 612 se
2894 557 3050 629 diligi
3079 558 3150 613 ab
3177 560 3292 626 illo,
3318 577 3431 616 non

1838 641 1908 696 ad
1937 642 2180 706 oculum,
2213 643 2311 696 sed
2340 649 2397 697 et
2437 660 2502 697 ex
2529 650 2648 698 toto
2687 646 2891 700 mentis
2917 647 3137 702 affectu.
3166 649 3432 705 Salutant

1837 748 1926 785 vos
1961 733 2024 784 de
2058 733 2224 785 Italia
2261 733 2484 798 fratres.
2534 734 2896 804 Apertissiine
2932 736 3019 790 his
3062 737 3242 791 verbis
3272 737 3433 793 nobis

1838 819 2024 874 innuit
2043 819 2173 891 quia
2202 820 2392 874 Romae
2412 821 2556 875 hanc
2575 822 2869 893 epistolam
2895 825 3200 896 scripserit,
3227 843 3350 898 qua:
3375 827 3434 882 in

1839 907 2070 978 regione
2098 907 2293 962 Italica
2321 907 2430 962 sita
2457 914 2560 973 est,
2588 917 2644 963 et
2668 910 2814 965 sicut
2841 911 3165 968 doctoribus
3196 915 3431 983 videtur,

1841 997 1899 1051 in
1921 1013 2144 1051 carcere
2171 1003 2296 1052 erat
2322 1002 2456 1052 tunc
2485 999 2772 1070 temporis.

1914 1086 2106 1140 Gratia
2131 1100 2259 1139 cum
2288 1088 2544 1140 omnibus
2573 1090 2734 1143 vobis.
2775 1091 2968 1145 Amen.
3001 1090 3198 1145 Gratia
3227 1091 3437 1146 dicitur

1841 1174 2020 1245 gratis
2039 1174 2189 1228 data.
2213 1174 2422 1229 Gratim
2443 1180 2631 1229 autem
2654 1178 2880 1231 nomine
2903 1177 3171 1234 debemus
3188 1179 3278 1234 hic
3297 1180 3439 1235 acci-

1845 1279 1977 1333 pere
1997 1262 2162 1316 fidem
2184 1262 2489 1333 perfectam
2504 1280 2633 1318 cum
2647 1267 3002 1321 exsecutione
3021 1267 3292 1323 bonarum
3311 1285 3436 1341 ope-

1844 1368 1991 1416 rum,
2015 1352 2403 1406 remissionem
2427 1369 2649 1424 quoque
2671 1361 3045 1424 peccatorum,
3067 1374 3237 1427 quam
3267 1359 3440 1429 perci-

1845 1439 2010 1514 piunt
2031 1439 2194 1494 electi
2222 1446 2477 1512 tempore
2503 1441 2875 1513 baptismatis,
2898 1445 3107 1500 donum
3129 1447 3298 1500 etiam
3321 1447 3444 1518 Spi-

1845 1529 1988 1584 ritus
2006 1528 2204 1591 sancti,
2223 1530 2370 1600 quod
2392 1530 2560 1584 datur
2579 1537 2693 1585 tam
2717 1533 2772 1586 in
2796 1533 3132 1604 baptismate
3147 1552 3315 1606 quam
3341 1552 3442 1608 per

1846 1619 1922 1674 im
1930 1618 2263 1689 positionem
2280 1635 2481 1674 manus
2494 1621 2901 1691 episc0porum,
2916 1639 3038 1692 qua:
3061 1625 3250 1678 omnia
3266 1626 3446 1695 gratis

161 1713 314 1784 quod
341 1713 399 1766 in
421 1730 642 1768 carcere
664 1717 937 1778 retentus,
959 1716 1094 1766 tunc
1121 1710 1289 1765 fuerit
1308 1709 1590 1763 dimissus.
1629 1708 1774 1762 Cum
1849 1723 1883 1760 a
1912 1706 2028 1760 Deo
2047 1707 2273 1761 dantur.
2300 1708 2438 1762 Orat
2463 1725 2596 1778 ergo
2618 1711 2915 1780 Apostolus
2934 1718 2996 1764 ut
3019 1712 3128 1766 ista
3148 1715 3339 1767 omnia
3362 1713 3446 1768 illi

160 1819 286 1871 quo,
315 1801 376 1856 id
405 1809 490 1856 est
517 1819 642 1856 cum
662 1802 974 1862 Timotheo,
999 1804 1049 1854 si
1076 1802 1306 1854 celerius
1332 1801 1540 1852 venerit
1565 1798 1640 1850 ad
1658 1813 1768 1871 vos,
1791 1786 1838 1846 B
1855 1795 2056 1866 quibus
2085 1795 2362 1851 scribebat
2392 1798 2760 1869 possiderent.
2795 1799 3034 1854 Oremus
3053 1807 3110 1855 et
3129 1818 3230 1855 nos
3260 1803 3449 1856 Domi-

163 1894 356 1946 ride-bo
399 1909 508 1946 eos.
551 1891 964 1946 Mansuetiores
1003 1907 1098 1945 eos
1135 1890 1256 1944 vult
1293 1889 1550 1956 reddere,
1582 1887 1774 1942 dicens

163 1997 222 2034 se
253 1987 523 2051 paratum
548 1981 619 2034 ad
648 1997 743 2035 eos
771 1981 980 2035 venire.

234 2070 494 2125 Salutate
513 2086 696 2123 omnes
711 2073 1023 2138 prapositos
1044 2074 1243 2124 vestros
1262 2073 1310 2122 ct
1330 2083 1514 2121 omnes
1535 2071 1768 2120 sanctos.

167 2159 332 2213 Sicut
359 2157 702 2228 generaliter
731 2156 990 2212 omnibus
1020 2156 1272 2211 Hebraeis
1305 2156 1449 2210 hanc
1478 2154 1773 2226 epistolam

166 2247 496 2318 scripserat,
529 2246 608 2300 ita
626 2245 967 2316 generaliter
985 2261 1182 2300 omnes
1201 2245 1384 2299 salute
1404 2244 1592 2314 vigere
1614 2247 1777 2314 Opta-

167 2337 284 2399 bat,
308 2352 428 2389 non
445 2335 625 2390 solum
646 2336 926 2406 praelatos,
945 2333 1042 2388 sed
1066 2334 1237 2388 etiam
1261 2349 1456 2387 omnes
1475 2331 1775 2402 subjectos,

168 2441 315 2496 quos
329 2430 552 2478 sanctos
569 2428 744 2490 vocat,
759 2423 893 2494 quia
908 2422 1090 2477 sancti
1102 2423 1329 2477 fuerant
1343 2421 1400 2475 in
1417 2419 1776 2491 baptismate,

195 2591 1511 2622 ᾗ

1853 1900 1989 1938 num
2039 1884 2131 1955 pia
2178 1885 2604 1956 supplicatione,
2648 1893 2925 1958 quatenus
2973 1905 3073 1960 per
3113 1891 3446 1961 suffragium

1853 1973 2065 2044 egregii
2079 1973 2165 2027 sui
2178 1975 2430 2043 Apostoli
2447 1975 2647 2029 horum
2663 1991 2958 2030 numerum
2975 1994 3075 2031 nos
3097 1995 3446 2048 possessores

1852 2061 1912 2114 in
1941 2063 2202 2132 praesenti
2231 2063 2458 2130 efficiat,
2482 2064 2762 2136 fidemque
2787 2082 2958 2136 quam
2986 2067 3179 2121 docuit
3208 2069 3452 2139 integer-

1854 2150 1998 2205 rime
2036 2152 2437 2219 custodientes,
2484 2152 2758 2224 bonisque
2805 2154 3066 2226 Operibus
3096 2167 3449 2224 exornantes,

1859 2239 1931 2293 ad
1951 2241 2484 2311 contemplationem
2505 2258 2762 2313 supernae
2781 2243 3026 2312 visionis,
3047 2245 3270 2300 Christo
3289 2247 3452 2312 duce,

1859 2327 2181 2399 pertingere
2209 2346 2547 2385 mereamur.
2581 2331 2788 2386 Arnen.

1283 2604 2408 2853 ima;

1313 2938 2001 2996 HALBERSTATENSIS
2038 2939 2366 2995 EPISCOPI

402 3105 1238 3293 EXPOSlTl0NlS
1354 3107 1474 3291 IN
1586 3105 2417 3293 APOCALYPSIN
2529 3109 2648 3292 Β.
2765 3108 3263 3296 illiille

1380 3392 1746 3488 LIBRI
1820 3391 2292 3489 SEPTEM

320 3575 516 3646 (Juxta
544 3574 846 3630 editionem
876 3576 1066 3632 datam
1097 3575 1342 3632 Colonia:
1371 3592 1520 3631 anno
1563 3574 1719 3643 1531,
1753 3575 1907 3646 apud
1935 3573 2296 3643 Eucharium,
2328 3580 2664 3646 procurante
2695 3575 2995 3630 Godefrido
3027 3574 3346 3646 Hittorpio.)

873 3827 1764 3965 HAYMONIS

1885 3830 2798 3967 ΡΒίἘΡΑΤΙΟ.

256 4127 534 4198 Legimus
574 4127 635 4181 in
674 4127 1059 4183 Ecclesiastica
1087 4125 1322 4181 historia
1357 4124 1582 4180 beatum
1621 4124 1856 4185 Joan-C
1880 4123 2130 4194 phetiam
2169 4130 2226 4179 et
2264 4141 2388 4178 eam
2428 4142 2552 4197 quae
2589 4127 2836 4182 revelata
2874 4134 2959 4184 est
3005 4136 3135 4186 ante
3173 4132 3478 4187 adventum

189 4232 314 4271 nem
363 4233 400 4270 a
441 4217 764 4271 Domitiano
802 4215 1138 4288 impiissimo
1169 4217 1390 4270 Ca3sare
1430 4214 1488 4268 in
1526 4213 1796 4268 Pathmos

188 4302 440 4358 insulam
489 4305 832 4375 relegatum,
883 4304 1080 4359 exsilio
1134 4303 1514 4374 deportatum,
1567 4301 1796 4356 metallo

189 4389 531 4446 damnatum
569 4392 639 4447 ob
676 4391 1112 4464 insuperabilem
1141 4389 1425 4461 Evangelii
1453 4389 1800 4462 praedicatio-

192 4497 346 4549 nem,
377 4487 444 4536 ut
470 4481 551 4535 ibi
581 4481 815 4536 forsitan
840 4487 1055 4536 secreta
1080 4495 1449 4545 marmorum,
1471 4481 1558 4534 vel
1587 4486 1798 4534 terram

192 4570 440 4636 foderet,
472 4577 571 4625 aut
599 4571 688 4625 his
719 4569 996 4624 similibus
1027 4567 1318 4639 praceptis
1357 4568 1665 4623 deserviret
1690 4569 1798 4623 im-

192 4657 528 4730 perialibus,
549 4659 696 4713 sicut
718 4658 960 4729 legimus
980 4657 1191 4710 factum
1213 4657 1272 4710 in
1292 4656 1646 4727 passionibus
1667 4674 1799 4712 san-

194 4754 422 4802 ctorum
470 4755 804 4820 martyrum.
857 4746 963 4802 Ubi
1013 4752 1222 4817 quanto
1269 4745 1449 4816 magis
1496 4746 1801 4817 putabatur

194 4837 400 4891 vinciri
429 4837 683 4890 custodia
709 4837 978 4901 humana,
1010 4841 1169 4889 tanto
1198 4835 1376 4905 magis
1405 4841 1584 4890 metas
1605 4836 1803 4890 huma-

197 4926 402 4981 nitatis
427 4925 848 4990 transcendens,
875 4924 1084 4978 meruit
1111 4924 1298 4978 videre
1326 4925 1594 4980 ccelestia.
1617 4926 1686 4980 Et
1713 4925 1802 4979 cui

198 5020 358 5068 certa
389 5012 743 5083 negabantur
760 5012 943 5084 spatia
970 5019 1251 5066 terrarum
1281 5013 1566 5077 excedere,
1587 5018 1804 5067 secreta

199 5110 333 5158 sunt
362 5118 630 5157 concessa
658 5108 954 5174 penetrare
987 5101 1253 5159 caelestia.
1283 5102 1352 5156 Et
1380 5108 1590 5172 quanto
1620 5101 1800 5173 magis

200 5192 510 5246 destitutus
539 5197 625 5246 est
651 5191 901 5246 humano
929 5190 1151 5257 solatio,
1185 5195 1343 5245 tanto
1371 5190 1423 5246 ei
1453 5191 1634 5246 adfuit
1662 5191 1802 5245 divi-

1877 4211 2120 4270 Domini.
2145 4218 2357 4284 quanta
2381 4213 2652 4269 distantia
2684 4223 2770 4272 est
2798 4218 2946 4273 inter
2973 4237 3195 4276 servum
3217 4228 3276 4276 et
3304 4221 3480 4276 domi-

1879 4317 2036 4369 num,
2060 4301 2210 4356 inter
2228 4303 2408 4373 legem
2437 4310 2494 4358 et
2514 4305 2898 4376 Evangelium,
2931 4308 3079 4364 inter
3097 4311 3277 4365 Deum
3300 4317 3357 4366 et
3384 4311 3483 4366 ho-

1881 4391 2092 4445 minem
2117 4414 2128 4441 -.
2155 4392 2288 4462 quia
2313 4393 2461 4463 quod
2482 4394 2564 4447 illi
2585 4394 2891 4451 cernebant
2912 4413 2946 4451 a
2972 4398 3137 4468 longe
3157 4405 3476 4469 venturum,

1880 4479 1986 4534 hoc
2004 4479 2109 4534 iste
2134 4482 2252 4550 jam
2285 4497 2349 4534 ex
2373 4487 2533 4552 parte
2565 4484 2810 4538 maxima
2834 4485 3040 4540 factum
3063 4495 3119 4542 et
3140 4489 3199 4542 in
3219 4491 3478 4560 praesenti

1882 4569 2197 4624 faciendum
2259 4572 2524 4626 ostendit.
2584 4575 2729 4628 Nam
2787 4575 2932 4630 sicut
2987 4575 3182 4631 beatus
3233 4578 3477 4631 Joannes

1883 4658 2133 4728 Baptista
2164 4659 2370 4714 idcirco
2401 4663 2581 4730 major
2616 4662 2856 4716 habetur
2874 4663 3132 4717 omnibus
3165 4665 3471 4735 prOpIietis,

1883 4746 2015 4817 quia
2031 4764 2195 4817 quem
2220 4747 2299 4801 illi
2322 4750 2716 4818 praedixerunt,
2731 4751 2835 4804 iste
2851 4751 3027 4821 digito
3049 4752 3474 4820 demonstravit,

1882 4834 1963 4889 ita
1990 4841 2048 4889 et
2084 4837 2202 4890 haec
2240 4837 2534 4908 prophetia
2573 4840 2752 4909 major
2789 4845 2874 4893 est
2911 4841 3168 4894 omnibus
3202 4859 3213 4894 :
3249 4841 3379 4912 quia
3408 4859 3474 4898 ea

1885 4940 2008 4994 qua:
2040 4924 2274 4994 antiqua
2300 4925 2597 4980 revelanda
2626 4927 2880 4996 praedixit
2907 4927 3222 4999 prophetia,
3249 4930 3364 4985 haec
3383 4948 3477 4986 re-

1884 5013 2066 5066 velata
2083 5013 2352 5071 ostendit.
2374 5012 2439 5067 In
2460 5014 2563 5067 hac
2583 5030 2770 5068 autem
2787 5017 3124 5072 revelatione
3144 5017 3285 5073 nihil
3308 5020 3478 5075 histo-

1882 5100 2061 5156 ricum
2091 5107 2177 5155 est
2204 5101 2606 5173 accipiendum,
2638 5104 2786 5174 quod
2813 5103 2936 5176 ipsa
2959 5105 3144 5172 verba,
3178 5109 3226 5162 si
3251 5108 3477 5165 subtili-

1885 5195 1974 5244 ter
1992 5189 2383 5260 inspiciuntur,
2407 5191 2604 5244 docere
2633 5191 2960 5261 probantur.
2984 5196 3178 5268 Neque
3199 5199 3348 5252 enim
3374 5199 3480 5254 hoc

202 5297 363 5336 num.
378 5280 576 5352 Ibique
595 5281 804 5335 meruit
823 5280 1007 5334 videre
1027 5279 1172 5334 hanc
1190 5280 1541 5351 prophetiam
1567 5280 1636 5334 de
1652 5286 1805 5334 statu
1887 5279 2008 5334 fieri
2033 5284 2232 5350 potest,
2268 5284 2334 5332 ut
2353 5295 2528 5349 pauca
2549 5296 2579 5333 e
2599 5281 2791 5336 multis
2818 5283 3088 5350 dicamus,
3109 5289 3255 5357 quod
3280 5288 3481 5343 viderit

203 5369 500 5436 praesentis
547 5374 604 5423 et
654 5369 856 5424 futurae
895 5369 1171 5429 Ecclesiae,
1215 5386 1338 5440 quae
1375 5369 1524 5422 inter
1560 5369 1865 5440 reliquos_
1887 5368 2159 5421 veraciter
2186 5384 2360 5437 equos
2393 5367 2447 5420 in
2481 5367 2709 5434 visione,
2740 5387 2977 5440 quorum
3021 5391 3342 5430 ascensores
3375 5375 3478 5428 ha-

204 5457 349 5512 Νονὶ
383 5457 733 5512 Testamenti
761 5457 934 5512 libros
964 5429 1256 5528 prophetia
1287 5457 1629 5523 nominatur,
1661 5429 1869 5511 sicutD
1890 5457 2086 5510 berent
2113 5455 2312 5509 loricas
2337 5455 2528 5525 igneas
2550 5464 2606 5511 et
2627 5429 3016 5530 hyacinthinus
3037 5470 3094 5517 et
3121 5466 3473 5534 sulphureas.

205 5547 262 5599 in
294 5545 666 5616 sequentibus
691 5545 932 5600 dicitur:
965 5549 1159 5600 Beatus
1199 5548 1298 5614 qui
1331 5548 1456 5613 legit
1487 5547 1649 5598 verba
1673 5561 1806 5614 pro-
1887 5545 2016 5600 Tria
2045 5561 2288 5614 namque
2313 5561 2523 5614 genera
2552 5546 2825 5602 visionum
2853 5557 3038 5620 patres
3065 5553 3240 5604 nostri
3279 5551 3481 5604 intelli-

203 5637 404 5702 phetia:
424 5635 612 5703 hujus.
631 5633 740 5688 Sed
765 5639 924 5688 tanta
949 5633 1222 5689 distantia
1244 5640 1329 5688 est
1347 5633 1497 5688 inter
1516 5633 1659 5688 hanc
1684 5649 1808 5706 pro-
1889 5633 2074 5706 genda
2113 5633 2376 5688 dixerunt
2405 5650 2418 5689 :
2462 5635 2702 5706 primum
2742 5639 2953 5692 scilicet
2989 5640 3294 5709 corporale,
3335 5639 3481 5693 sicut

463 5735 733 5795 ΡΑΤιιοι..
782 5729 1017 5794 CXVII.

3165 5731 3245 5792 30
