3884 6154
154 286 244 352 θιι

1052 282 1435 352 ΕΧΡΟΞΙΤΙΟ
1464 279 2095 354 ΙΝιΑΡΟΟΛΙιΥΡΞΙΝ.
2129 309 2200 340 -,.-
2228 280 2364 340 LIB.
2397 279 2444 341 Ι.

3299 294 3408 372 94.2

151 415 306 478 ditur,
337 411 587 480 fidelibus
632 409 900 480 aperitur.
924 408 1050 462 Non
1089 409 1238 461 enim
1267 415 1497 480 prOpter
1530 409 1724 468 ﬁdeles
1748 404 1801 463 A
1821 404 2529 475 vidit,subintelligendum
2550 410 2636 460 est
2655 424 2999 485 quaecunque
3031 413 3101 467 de
3121 414 3409 484 incarnato

153 519 342 564 servos,
368 501 465 566 sed
519 505 742 570 propter
779 499 929 552 fures
977 503 1033 551 et
1074 498 1324 552 latrones
1372 498 1578 568 divitia:
1627 489 1734 557 sub

155 590 422 664 signaculo
444 589 778 654 clauduntur
806 587 913 642 Sed
943 587 1178 641 dicendo
1206 605 1359 658 ergo,
1394 588 1740 660 significavit

157 680 208 732 in
235 677 540 746 infidelibus
569 677 770 746 claudi,
813 683 870 729 et
900 676 1156 732 ﬁdelibus
1194 677 1434 748 spiritali
1466 681 1729 734 exercitio

162 767 332 832 docuit
359 765 579 839 aperiri.
617 765 773 831 Unde
801 771 858 819 et
896 765 1115 838 Danieli
1144 765 1385 826 dicitur:
1438 769 1741 846 Vade,quig

161 859 322 910 clausi
345 845 475 909 sunt
524 857 833 926 signatique
871 870 1143 927 scr-mones
1193 871 1360 924 usque
1398 857 1472 908 ad
1521 845 1729 928 tempus

151 948 471 1017 pwﬂnitum
503 945 682 1009 (Dan.
715 946 844 1009 xu).
894 944 1117 1000 Mittens
1152 959 1252 1010 per
1276 949 1533 1016 angelum
1565 964 1733 1002 suum

155 1052 284 1090 serra
309 1051 402 1100 suo
421 1030 780 1105 Joannilste
800 1033 1038 1102 angelus
1064 1032 1120 1102 in
1144 1033 1326 1101 figura
1340 1033 1550 1096 Christi
1573 1054 1742 1108 appa-

155 1125 255 1194 ruit
281 1122 438 1184 beato
482 1122 703 1182 Joanni.
729 1121 863 1194 quia
892 1121 1047 1181 enim
1080 1138 1206 1175 cum
1239 1122 1404 1187 Patre
1437 1128 1492 1176 et
1523 1124 1740 1195 Spiritu

156 1223 328 1270 sancto
359 1212 533 1272 Filius
562 1228 704 1274 unus
728 1216 813 1267 est
842 1211 1009 1280 Deus,
1044 1211 1230 1276 omnia
1257 1213 1734 1286 revelans,utique

157 1310 204 1358 et
227 1301 478 1372 angelum
509 1299 667 1364 illum
703 1299 975 1370 replevit;
1010 1305 1178 1371 atque
1209 1299 1264 1353 in
1297 1300 1406 1362 illis
1437 1303 1601 1368 corde
1633 1305 1734 1362 ha-

156 1390 340 1453 bitans,
394 1405 494 1460 per
539 1405 668 1458 eum
713 1389 934 1459 locutus
976 1394 1062 1440 est
1100 1388 1322 1450 Joanni.
1369 1391 1493 1462 Ipse
1544 1397 1734 1447 autem

157 1481 376 1544 Joannes
406 1479 647 1548 ﬁguram
666 1478 922 1536 Ecclesiae
948 1477 1268 1544 tenet.sicut
1292 1478 1351 1542 in
1371 1481 1732 1550 sequentibus

158 1568 462 1632 videbimus.
499 1567 604 1628 Cui
646 1567 903 1632 Christus
932 1566 1095 1632 (sicut
1143 1567 1350 1628 dictum
1396 1575 1499 1636 est)
1534 1586 1644 1626 non
1676 1571 1734 1626 in

161 1674 249 1718 sua,
277 1665 498 1720 natura,
533 1657 634 1710 sed
671 1673 771 1726 per
802 1656 1063 1726 angelum
1096 1658 1377 1728 apparuit,
1412 1658 1558 1722 sicut
1599 1660 1730 1722 Olim

1822 493 1920 546 Dei
1948 491 2127 547 Verbo
2178 494 2295 548 sive
2343 495 2402 548 in
2443 495 2754 558 divinitate,
2802 499 2916 552 slve
2963 501 3021 554 in
3063 503 3411 569 humanitate

1821 583 2096 652 cognovit.
2133 582 2306 636 Aliud
2350 600 2479 637 vero
2512 584 2649 638 vidit
2691 586 2864 648 oculis
2901 591 3201 660 corporeis,
3247 598 3416 664 atque

1828 670 1980 724 aliud
2003 671 2177 728 oculis
2195 672 2397 725 mentis
2424 692 2434 725 :
2460 673 2636 726 oculis
2651 676 2852 750 mentis
2881 676 3017 730 vidit
3044 665 3415 754 divinitatem,

1827 758 2003 814 oculis
2016 760 2296 830 corporeis
2320 761 2908 828 liumanitaten1.Vidit
2927 782 3054 820 eum
3077 775 3208 838 ante
3229 769 3421 824 omnia.

1824 848 2027 900 saecula
2057 865 2089 901 a
2119 841 2282 904 Patre
2309 850 2584 920 genitum,
2627 868 2752 915 cum
2787 853 2950 908 Patre
2981 857 3170 910 omnia
3198 859 3416 928 fecisse.

1823 935 1976 989 Vidit
1996 937 2052 990 in
2081 938 2190 996 fine
2221 945 2536 1017 temporum
2568 946 2761 1004 natum
2795 958 2859 995 ex
2890 949 3067 998 matre
3097 964 3198 1029 pro
3227 954 3422 1010 nostra

1822 1025 2022 1091 salute,
2054 1027 2257 1090 deinde
2287 1044 2534 1097 passum,
2558 1045 2591 1080 a
2616 1029 2770 1108 justo
2802 1029 3027 1090 homine
3056 1025 3359 1111 sepultum,
3384 1055 3419 1091 a

1823 1115 2062 1170 mortuis
2096 1117 2509 1179 resuscitatum,
2542 1124 2711 1196 atque
2737 1119 2794 1176 in
2817 1121 3045 1175 dextera
3068 1125 3254 1178 Patris
3283 1126 3418 1190 sub-

1819 1199 2082 1290 levatum,
2120 1204 2321 1257 deinde
2351 1205 2417 1257 ad
2437 1205 2710 1274 judicium
2732 1213 3209 1280 ventui'uni.Vidit
3229 1197 3420 1290 itaque

1817 1287 1934 1342 haec
1956 1291 2165 1352 omnia,
2188 1297 2245 1344 et
2267 1293 2654 1350 testimonium
2673 1297 2958 1366 perhibuit
2985 1305 3040 1352 et
3067 1301 3274 1358 scimus
3290 1287 3424 1382 quia

1818 1393 2008 1442 verum
2028 1387 2113 1433 est
2136 1382 2521 1440 testimonium
2537 1364 2804 1464 ejuSJSed
2827 1387 2972 1462 quod
2999 1388 3127 1442 fecit
3154 1364 3419 1462 Joannes,

1818 1466 1923 1521 hoc
1948 1468 2118 1521 etiam
2150 1469 2282 1523 facit
2313 1471 2563 1540 quotidie
2611 1471 2873 1540 Ecclesia,
2911 1477 3071 1546 cujus
3108 1479 3422 1536 membrum

1817 1556 1911 1616 ille
1941 1557 2064 1622 fuit,
2091 1563 2146 1611 et
2172 1559 2229 1611 in
2260 1560 2417 1628 cujus
2443 1561 2623 1633 ﬁgura
2653 1562 2797 1616 hanc
2827 1566 3196 1642 Apocalypsin
3227 1551 3426 1640 vidit,a

1819 1647 1982 1716 cujus
2014 1663 2109 1700 ore
2139 1649 2527 1710 testimonium
2561 1650 2711 1704 illius
2733 1669 2842 1706 non
2873 1655 3424 1730 recedit,quiainde-

159 1746 272 1806 fecit
317 1745 596 1817 patribus.
663 1720 907 1816 Expleto‘
942 1745 1090 1798 enim
1134 1720 1460 1800 ministerio
1511 1720 1740 1819 propter
1763 1720 1802 1778 Β
1822 1736 2074 1789 είηθηῐθΐ
2105 1737 2374 1802 doctrinis
2406 1737 2554 1795 illius
2585 1739 2813 1798 resistit.

161 1835 287 1906 quod
318 1841 564 1901 venerat,
602 1834 753 1898 visus
787 1839 871 1900 est
901 1833 1069 1890 etiam
1113 1833 1182 1886 ab
1213 1834 1532 1902 hominibus
1559 1853 1738 1912 quan-

161 1923 244 1978 diu
277 1924 538 1993 Oportuit,
579 1921 755 1984 donec
798 1921 1230 1994 quadragesimo
1267 1921 1356 1986 die
1394 1917 1644 1986 ascendit
1682 1924 1740 1978 in

163 2010 374 2076 caelum;
409 2027 522 2064 non
558 2010 820 2080 deinceps
855 2026 954 2084 per
997 2026 1120 2074 eam
1167 2010 1538 2077 substantiam
1572 2029 1739 2083 quam

165 2099 377 2169 sumpsit
406 2115 440 2151 a
474 2098 641 2160 nobis
670 2114 940 2167 apparere
979 2097 1170 2154 voluit.
1202 2098 1360 2170 Unde
1402 2116 1514 2155 non
1543 2117 1742 2172 corpo-

165 2189 316 2252 ralem
347 2189 464 2257 ejus
491 2188 852 2259 przesentiam
884 2185 1150 2248 debemus
1190 2188 1498 2258 requirere,
1523 2189 1617 2252 sed
1642 2206 1744 2266 po-

169 2277 266 2344 tius
289 2277 510 2341 credere
556 2294 684 2330 eum
719 2293 841 2340 esse
874 2275 1078 2350 ubique
1112 2276 1169 2329 in
1209 2277 1395 2331 divina
1425 2279 1740 2348 majestate.

171 2366 322 2426 Totus
344 2366 533 2436 itaque
568 2365 742 2422 Filius
772 2365 872 2430 Dei
905 2382 1003 2436 per
1029 2365 1379 2436 divinitatem
1409 2373 1531 2419 erat
1559 2367 1614 2422 in
1651 2385 1745 2422 an-

167 2454 294 2526 gelo,
320 2460 469 2514 totus
491 2471 624 2508 cum
645 2454 809 2508 Patre
823 2461 878 2508 et
900 2454 1112 2526 Spiritu
1126 2461 1317 2518 sancto
1331 2444 1670 2519 COIISistebat
1692 2455 1748 2512 in

167 2546 282 2606 cudo
310 2546 454 2616 quod
490 2545 637 2602 nulli
671 2545 764 2606 alii
794 2561 955 2615 posse
988 2543 1276 2606 tribuitur,
1306 2545 1414 2597 nisi
1458 2544 1539 2598 illi
1565 2544 1751 2614 incor—

1893 1827 2085 1881 Bcatus
2117 1829 2216 1895 qui
2254 1829 2381 1893 tegit
2402 1831 2449 1878 ct
2472 1827 2634 1880 audit
2657 1831 3131 1900 rerbaprophctim
3153 1833 3339 1904 hujus,
3374 1842 3424 1889 et

1820 1921 2074 1968 servatea
2096 1931 2213 1983 qua:
2235 1918 2297 1968 in
2324 1931 2384 1968 ca
2411 1920 2617 1985 scripta
2647 1923 2798 1970 sunt.
2835 1919 3060 1990 Tempus
3077 1926 3226 1975 enim
3256 1941 3424 1996 prope

1824 2004 1989 2056 est.In
2009 2003 2095 2058 his
2121 2003 2300 2056 verbis
2317 2003 2554 2068 duorum
2579 2022 2828 2080 persona:
2849 2010 3420 2080 comprehenduntur:

1825 2091 2116 2160 doctorum
2145 2091 2422 2162 videlicet,
2443 2094 2538 2170 qui
2568 2095 2764 2168 legunt
2791 2102 2847 2151 et
2875 2091 3000 2169 aliis
3035 2107 3340 2176 exponunt,
3372 2107 3430 2156 et.

1825 2181 2172 2244 auditorum,
2207 2182 2301 2254 qui
2332 2183 2572 2238 audiunt
2600 2189 2655 2237 et
2688 2185 2952 2266 retinent,
2977 2193 3033 2255 et
3062 2205 3229 2265 opere
3258 2193 3429 2268 perﬁ-

1828 2271 1986 2326 ciunt
2019 2289 2084 2325 ea
2117 2288 2240 2343 qua:
2273 2272 2329 2324 in
2360 2289 2426 2346 ea
2457 2273 2662 2347 scripta
2693 2279 2843 2346 sunt.
2881 2275 3034 2338 Licet
3063 2279 3213 2346 enim
3243 2279 3334 2333 hic
3357 2281 3430 2346 li-

1825 2359 1924 2414 ber
1952 2360 2128 2416 multa
2157 2359 2362 2414 habeat
2413 2360 2469 2415 in
2503 2379 2561 2416 se
2603 2363 2880 2432 profunda
2915 2367 3204 2437 mysteria,
3244 2347 3436 2436 tamen

1829 2449 2009 2520 multa
2041 2455 2172 2516 sunt
2205 2448 2431 2521 ibi,quze
2457 2451 2625 2522 etiam
2651 2452 2720 2505 ad
2750 2453 2994 2527 litteram
3011 2437 3434 2530 custodita,nia-

1830 2554 2000 2610 gnam
2032 2537 2333 2607 utilitatem
2370 2544 2427 2591 et
2448 2540 2687 2610 salutem
2713 2548 2981 2610 praestant
3011 2544 3128 2604 suis
3161 2545 3431 2618 observa-

167 2651 326 2707 poreze
355 2642 409 2694 et
436 2634 684 2705 simplici
707 2641 940 2695 naturae,
973 2651 1095 2704 qua:
1115 2639 1233 2692 tota
1265 2634 1321 2686 in
1356 2634 1509 2692 cazlis
1541 2635 1752 2705 reperi-
1834 2626 2322 2698 toribus-Senam,
2365 2634 2554 2681 autem
2588 2647 2651 2682 Pa
2700 2646 2822 2702 quae
2861 2631 2916 2705 ἱη
2947 2648 3014 2684 ea
3042 2633 3251 2708 Scripta
3279 2641 3433 2703 sunt,

167 2731 259 2786 tur,
288 2731 400 2788 tota
429 2725 485 2778 in
518 2723 711 2784 terl‘iS.
737 2730 856 2789 tota,
897 2723 1016 2782 sine
1048 2724 1168 2776 loco
1202 2723 1259 2790 in
1292 2723 1430 2787 loco,
1481 2729 1600 2780 tota
1633 2723 1754 2792 sine
1839 2715 1934 2786 qui
1964 2715 2128 2768 ﬁdem
2163 2715 2370 2768 Christi
2401 2722 2457 2785 et
2499 2717 2759 2770 Ecclesia-3
2807 2734 2916 2783 non
2954 2713 3184 2788 violant,
3218 2722 3312 2794 qui
3339 2740 3435 2792 ca-

176 2820 312 2880 parte
341 2813 395 2878 in
440 2812 721 2884 partibus.
756 2810 898 2874 Quid
939 2816 1026 2864 est
1065 2817 1253 2864 autem
1285 2811 1514 2879 mirum,
1547 2811 1593 2875 si
1632 2795 1759 2881 post
1838 2809 1970 2877 vent
1997 2803 2295 2881 prohibita,
2329 2811 2385 2858 et
2425 2805 2660 2876 implent
2703 2808 2882 2884 jussa,
2913 2813 3176 2884 metuunt
3219 2811 3436 2890 minata

178 2903 283 2970 ejus
318 2901 769 2970 incarnationem
806 2901 1040 2971 angelus
1075 2917 1370 2972 apparens,
1413 2901 1613 2954 similis
1645 2901 1758 2963 ﬁlio
1841 2893 2134 2972 δμρρὶὶεἱει,
2169 2899 2363 2948 amant
2385 2895 2659 2966 promissa
2681 2895 2944 2966 ca'lestia-
2982 2898 3121 2966 Ηίηα
3154 2910 3340 2964 autem
3373 2902 3437 2956 1i-

170 2987 386 3056 hominis
409 2991 642 3056 dicitur,
663 2991 806 3046 sicut
828 2990 883 3052 in
910 2991 1378 3060 consequentibus
1407 2990 1740 3053 invenimus.
1770 3005 1814 3066 α
1843 2982 2010 3054 quido
2043 2981 2344 3056 colligitur.
2378 2988 2600 3052 quantae
2630 2985 2704 3037 sit
2723 2987 3437 3072 auctoritatisiquantzeque

171 3095 277 3148 cum
306 3078 468 3142 etiam
499 3078 692 3149 angeli
719 3079 813 3148 qui
837 3079 1013 3132 multo
1027 3085 1157 3140 ante
1172 3079 1293 3147 ejus
1307 3078 1605 3142 adventum
1621 3095 1752 3144 san-
1837 3071 2193 3136 excellentiae,
2211 3088 2336 3138 cum
2359 3071 2721 3144 interomnes
2741 3073 3070 3148 librosN‘uvi
3091 3071 3436 3150 Testamenti

174 3168 259 3226 etis
287 3169 531 3238 patribus
572 3174 980 3239 apparuerunt,
1033 3168 1134 3234 viri
1187 3167 1498 3222 vocantur?
1529 3168 1650 3231 Quo
1697 3167 1755 3230 in
1835 3159 1927 3213 hic
1956 3161 2308 3240 solummodo
2337 3161 2630 3232 prophetia
2651 3162 2996 3233 nominatur.
3030 3182 3199 3244 quam,
3231 3167 3326 3244 qui
3347 3167 3440 3236 0h-

173 3255 273 3318 loco
299 3257 428 3318 dicit
455 3257 659 3319 beatus
679 3256 986 3323 Arisbertus
1002 3255 1330 3322 Ambrosius
1353 3275 1363 3308 :
1387 3257 1551 3312 Credi
1581 3256 1754 3324 etiam
1841 3249 2144 3322 servaverit
2172 3248 2370 3320 beatus
2394 3267 2516 3308 esse
2547 3251 2892 3324 perhibetur.
2919 3251 3006 3328 Ad
3043 3255 3190 3324 quod
3222 3262 3278 3312 et
3314 3255 3443 3330 sub.-

175 3352 336 3416 potcst
361 3346 524 3401 beato
567 3346 746 3408 Paulo
777 3346 1032 3416 apostolo
1057 3345 1384 3413 Dominum,
1426 3351 1550 3416 post
1595 3361 1756 3412 suam
1835 3338 2122 3410 jungitur:
2157 3339 2404 3418 Tempus
2433 3339 2580 3406 enim
2629 3358 2802 3411 prope
2833 3348 2936 3418 est,
2975 3343 3173 3416 judicii
3208 3344 3439 3413 scilicet,

175 3435 553 3500 ascensionem,
588 3452 698 3488 non
724 3434 780 3501 in
804 3451 906 3490 sua
935 3441 1140 3498 natura
1171 3435 1517 3506 apparuisse,
1544 3435 1640 3494 sed
1666 3451 1761 3503 po-

175 3524 269 3578 tius
294 3542 387 3594 per
415 3525 686 3595 angelum
720 3529 939 3588 tantum
971 3524 1027 3578 in
1061 3540 1126 3578 ea
1151 3523 1351 3585 forma,
1383 3523 1438 3596 in
1471 3540 1583 3594 qua
1612 3540 1778 3590 recc--

172 3616 342 3684 gnosci
359 3615 427 3668 ab
442 3612 771 3678 hominibus
793 3613 952 3668 solet.
979 3612 1139 3676 Quod
1174 3611 1303 3666 hinc
1340 3613 1508 3682 etiam
1537 3611 1761 3686 probari

175 3711 354 3771 potest,
390 3705 522 3774 quia
565 3702 613 3758 si
643 3701 839 3768 beatus
880 3701 1088 3754 Paulus
1129 3717 1310 3770 nuper
1351 3717 1670 3762 conversus.
1701 3700 1760 3758 in

176 3804 261 3850 sua
291 3808 412 3855 eum
454 3791 780 3858 substantia
821 3789 1070 3864 vidisset,
1114 3805 1467 3859 consequens
1495 3796 1660 3853 esset,
1697 3793 1761 3843 ut

177 3896 272 3950 prie
298 3881 556 3948 omnibus
589 3881 791 3936 dilecto
822 3877 1337 3956 discipulo,sibique
1359 3879 1762 3940 abadolescen-

176 3966 244 4034 tia
269 3967 464 4036 dicato.
500 3985 620 4040 non
662 3983 762 4037 per
791 3967 1076 4036 angelum,
1112 3965 1206 4018 sed
1250 3982 1350 4036 per
1394 3966 1760 4036 semetipsum

176 4065 466 4126 appareret.
502 4057 668 4122 Quod
699 4055 858 4110 dicit:
897 4055 1128 4122 Mittens
1159 4071 1257 4126 per
1297 4055 1556 4126 angelum
1595 4072 1760 4120 suum

178 4131 315 4206 servo
342 4145 695 4211 suo_.loanni,
718 4160 934 4208 morem
977 4148 1300 4207 sanctorum
1325 4143 1555 4208 Patrum
1586 4147 1760 4208 tenet,

1845 3428 2069 3508 quando
2099 3415 2422 3500 redditurus
2453 3438 2538 3496 est
2565 3430 2869 3502 unicuique
2893 3415 3056 3510 juxta
3105 3415 3274 3505 opera
3316 3451 3438 3504 sua.

1844 3517 1924 3587 Ac
1956 3515 2003 3582 si
2033 3515 2261 3570 (liceret:
2287 3517 2438 3581 Felix
2469 3517 2564 3594 qui
2609 3519 2736 3571 fidei
2767 3513 3136 3592 sacramentis
3165 3520 3436 3590 imbutus,

1845 3611 1901 3658 et
1926 3622 2048 3676 quae
2089 3605 2145 3658 in
2175 3605 2261 3657 his
2288 3604 2559 3675 jubentur
2581 3607 2907 3671 custodit,et
2931 3625 3052 3678 qua:
3079 3607 3444 3681 prohibentur

1844 3710 1955 3759 non
2009 3693 2318 3767 praesumit.
2364 3693 2495 3763 quia
2533 3699 2588 3747 et
2629 3694 3030 3749 observationis
3067 3685 3288 3768 tempus
3327 3715 3440 3768 non

1843 3783 2039 3860 longas
2071 3799 2256 3835 moras
2303 3781 2556 3854 innectit,
2591 3789 2647 3856 et
2696 3783 3085 3862 retributionis
3133 3786 3252 3842 dies
3295 3805 3441 3859 quo-

1842 3870 2143 3942 dammodo
2175 3871 2231 3924 in
2264 3871 2456 3941 januis
2485 3872 2761 3945 consistit.

1911 3963 2047 4028 Joan
2058 3977 2147 4029 nes
2167 3965 2364 4030 septem
2384 3962 2617 4015 ecclesiis
2632 3979 2748 4034 quae
2769 3970 2900 4018 sunt
2921 3967 2983 4018 in
2997 3966 3034 4036 4
3045 3966 3300 4034 sia.Asite
3317 3967 3440 4045 dum

1847 4057 1996 4116 sunt,
2029 4050 2210 4120 major
2233 4049 2443 4104 scilicet
2474 4053 2531 4102 et
2559 4050 2761 4116 minor,
2792 4070 2914 4125 quae
2944 4054 3126 4126 minor
3153 4056 3209 4118 in
3232 4063 3441 4124 sortem

1850 4139 2000 4208 venit
2031 4138 2192 4192 beato
2212 4138 2434 4207 Joanni,
2466 4138 2520 4192 in
2545 4157 2655 4211 qua
2676 4147 2809 4216 sunt
2827 4148 3043 4214 septem
3057 4143 3308 4210 civitates
3331 4161 3443 4211 rne-

178 4235 260 4303 qui
286 4235 337 4290 in
368 4237 486 4293 suis
514 4234 687 4296 dictis
717 4234 796 4300 sic
821 4234 889 4300 de
919 4251 977 4302 se
1003 4233 1162 4304 quasi
1187 4233 1255 4286 de
1285 4232 1395 4290 alio
1428 4232 1750 4303 loquuntur.

1851 4228 2202 4298 tropolitante
2225 4217 2461 4298 quarqu
2481 4236 2650 4300 caput
2677 4236 2763 4294 est
2777 4215 3046 4310 Ephesus;
3061 4233 3159 4296 sed
3179 4217 3309 4306 eum
3326 4249 3442 4296 mg.

180 4321 319 4384 Unde
345 4332 457 4383 est:
502 4328 596 4380 Vir
625 4330 741 4378 erat
779 4327 842 4391 in
880 4330 1028 4380 terra
1057 4324 1173 4394 [lus
1207 4326 1428 4386 nomine
1475 4323 1587 4386 Job,
1627 4327 1712 4387 etc
1743 4361 1826 4421 ,Β
1844 4320 1935 4390 jor
1961 4318 2160 4386 minori
2185 4318 2464 4400 jungitur,
2491 4336 2634 4390 pene
2666 4320 3024 4386 medietatem
3056 4323 3253 4392 mundi
3285 4341 3445 4392 oecu-

179 4426 354 4484 usque,
388 4417 644 4478 recedens
675 4431 708 4470 α
747 4417 894 4480 malo
921 4414 1050 4479 (Job.
1082 4419 1150 4478 ι).
1177 4412 1270 4470 Et:
1295 4412 1426 4478 Erat
1449 4413 1653 4482 Moyses
1671 4413 1757 4466 vir
1777 4405 1824 4421 ¹¹¹
1843 4411 1996 4480 pant.
2034 4407 2177 4460 Huic
2193 4413 2361 4461 tanta:
2392 4405 2605 4478 regioni
2625 4409 2771 4464 Deus
2793 4412 3147 4492 omnipotens
3165 4431 3264 4488 per
3284 4432 3445 4478 suam

182 4505 491 4563 mitissimus
511 4519 680 4571 super
712 4519 896 4556 omnes
935 4504 1035 4571 qui
1072 4503 1442 4556 morabantur
1494 4503 1554 4555 in
1610 4505 1759 4557 terra
1843 4496 2280 4566 misericordiam
2297 4497 3029 4572 prazposuitpi'mdicatorem
3046 4503 3446 4573 beatumloane

184 4591 354 4655 (Nam.
388 4593 576 4661 χιι).εῂ
605 4591 753 4647 idem
771 4593 1015 4654 Joannes
1044 4608 1191 4668 saepe
1224 4591 1279 4656 in
1303 4589 1603 4660 Evangelio
1635 4606 1755 4646 suo:

184 4677 272 4738 llic
297 4687 377 4740 est
410 4681 720 4756 discipulus
755 4681 847 4746 ille
871 4697 1038 4752 quem
1068 4679 1341 4749 diligebat
1370 4679 1558 4744 Jesus.

244 4770 341 4838 Qui
371 4773 752 4836 testimonium
777 4771 1060 4840 perhibuit
1090 4770 1246 4824 verba
1284 4771 1404 4832 Dei,
1435 4773 1483 4822 ct
1533 4770 1766 4828 testimo-

185 4858 328 4912 nium
348 4862 473 4930 Jcsu
498 4861 725 4928 Christi.
742 4858 1034 4916 Pcrhibuit
1062 4856 1450 4923 testimonium
1485 4857 1651 4920 verbo
1671 4857 1771 4912 Dei

183 4942 422 5014 Ioannes,
457 4965 587 5012 cum
613 4948 750 5014 dixit
785 4949 968 5014 (Joan.
993 4948 1052 5015 1):
1084 4948 1150 5009 hi
1184 4949 1464 5014 principio
1491 4952 1609 5009 erat
1653 4948 1771 5000 Ver-

188 5033 320 5097 bum;
355 5043 444 5092 et:
485 5021 686 5099 Omnia
730 5053 832 5105 per
866 5040 1044 5104 ipsum
1097 5038 1247 5102 facta
1301 5040 1469 5097 sunt;
1504 5041 1594 5091 et:
1626 5035 1770 5090 Erat

189 5122 410 5190 lum‘cra
439 5144 561 5194 quas
600 5128 891 5181 illuminat
915 5141 1150 5188 omnem,
1187 5128 1331 5189 etc.,
1353 5141 1474 5194 quae
1494 5124 1548 5178 in
1572 5123 1772 5186 eodem

186 5208 291 5276 1.000
311 5215 376 5277 de
395 5214 685 5280 divinitate
697 5213 865 5268 Verbi
877 5212 1509 5284 sequuntur.Perhibuit
1523 5212 1774 5276 testimo-

188 5298 326 5373 nium
343 5303 471 5362 .Iesu
489 5300 1030 5376 Chi'isti,cum(lixit:
1052 5304 1114 5372 Et
1151 5303 1372 5356 Verbum
1398 5317 1524 5356 caro
1554 5305 1767 5368 factum

188 5394 331 5450 est.et
360 5392 626 5448 habitavit
651 5397 711 5457 in
741 5395 892 5448 nobis
917 5393 1102 5463 (Joan.
1127 5392 1318 5456 I).Non
1343 5397 1532 5456 tamen
1559 5391 1768 5444 dividi-

190 5490 301 5531 mus
330 5496 731 5551 personascum
757 5481 868 5546 ista,
896 5479 1260 5550 dicimus,sed
1277 5486 1574 5552 utramque
1586 5485 1769 5534 osten-

191 5563 362 5636 dimus
388 5576 668 5636 naturam.
703 5570 864 5650 Quod
901 5585 1034 5634 vero
1081 5569 1161 5630 ait
1207 5567 1266 5638 in
1312 5567 1399 5632 his
1436 5584 1770 5640 quacunque

1845 4602 1994 4658 nem,
2028 4591 2086 4638 et
2134 4587 2258 4650 ideo
2305 4587 2398 4650 ille
2446 4587 2764 4658 specialiter
2806 4590 3050 4664 ecclesiis
3093 4592 3238 4664 Asiae
3282 4609 3442 4655 suam

1846 4673 2038 4744 dirigit
2054 4675 2682 4745 prophetiam.Verbum
2705 4679 2851 4748 quod
2874 4678 3343 4751 loquiturseptem
3361 4699 3445 4746 ee-

1848 4762 2032 4816 clesiis
2058 4763 2222 4830 Asiae,
2257 4764 2453 4835 utique
2496 4766 2648 4820 omni
2681 4765 2937 4828 Ecclesiae
2969 4767 3121 4832 dicit.
3156 4768 3293 4836 Quae,
3316 4786 3445 4830 eum

1856 4867 1971 4918 una
2009 4852 2100 4918 sit,
2145 4853 2462 4926 septenario
2510 4869 2744 4908 numero
2782 4855 3292 4925 comprehenditur,
3334 4875 3446 4932 quo

1855 4958 2002 5014 saepe
2021 4941 2164 5005 solet
2183 4941 2517 5008 universitas
2541 4941 2841 5010 designari,
2861 4945 3022 5013 juxta
3043 4944 3199 5005 illud:
3231 4946 3449 5025 Septies

1855 5029 1913 5098 in
1944 5030 2034 5084 die
2059 5029 2281 5083 laudem
2329 5030 2437 5096 dixi
2471 5029 2589 5100 tibi,
2622 5032 2706 5084 vel
2733 5039 2964 5104 propter
2990 5033 3452 5103 innumeradona

1859 5137 1981 5192 quae
2005 5119 2284 5192 percipita
2305 5119 2510 5190 Spiritu
2526 5125 2737 5186 sancto,
2765 5121 3000 5192 quicum
3015 5139 3161 5184 unus
3182 5125 3255 5188 sit
3273 5126 3449 5197 Spiri-

1857 5215 1950 5263 tus
1982 5209 2202 5282 replens
2233 5207 2423 5272 orbeni
2449 5213 2750 5277 terrarum.
2785 5210 2841 5278 id,
2875 5217 2962 5266 est
2990 5213 3309 5278 universam
3351 5217 3452 5278 Ec-

1856 5297 2080 5352 clesiam
2107 5317 2119 5362 ;
2153 5297 2358 5352 dicitur
2377 5297 2546 5366 etiam
2578 5297 2917 5368 septiformis
2937 5317 2970 5355 a
3001 5303 3274 5373 propheta
3289 5321 3456 5376 super

1852 5386 2158 5452 Dominum
2187 5385 2523 5456 requievisse
2555 5393 2782 5458 propter
2812 5391 3120 5460 septem,id
3153 5396 3238 5452 est
3265 5391 3451 5456 multi-

1854 5474 2023 5548 plicia
2050 5474 2199 5532 dona
2230 5491 2347 5540 sua,
2385 5492 2508 5546 qua:
2539 5482 2768 5548 praestat
2789 5478 3196 5550 ﬁdelibus.Una
3224 5484 3309 5551 est
3337 5479 3444 5552 ita-

1853 5579 1962 5647 que.
1985 5563 2245 5642 Ecclesia,
2263 5565 2410 5628 sicut
2430 5580 2579 5632 unus
2598 5571 2685 5622 est
2705 5565 2946 5644 Spiritus
2965 5586 2978 5636 ;
3001 5567 3149 5632 unde
3176 5572 3233 5632 et
3253 5566 3447 5635 catho-
