  <div class='ocr_page' id='page_1' title='image "/cluster/home/n/w/nwhite01/storage/ocr_20150623/117/hvd.32044054759816/477.png"; bbox 0 0 3992 6166; ppageno 0'>
   <div class='ocr_carea' id='block_1_1' title="bbox 554 300 3736 372">
    <p class='ocr_par' dir='ltr' id='par_1_1' title="bbox 554 300 3736 372">
     <span class='ocr_line' id='line_1_1' title="bbox 554 300 3736 372; baseline -0.006 0"><span class='ocrx_word' id='word_1_1' title='bbox 554 311 660 372; x_wconf 72' lang='lat'>9’13</span> <span class='ocrx_word' id='word_1_2' title='bbox 1029 309 1409 370; x_wconf 74' lang='lat' dir='ltr'>HAYMONIS</span> <span class='ocrx_word' id='word_1_3' title='bbox 1437 304 1926 364; x_wconf 82' lang='lat' dir='ltr'>HALBERSTAT.</span> <span class='ocrx_word' id='word_1_4' title='bbox 1960 304 2181 360; x_wconf 89' lang='lat' dir='ltr'>EPISC.</span> <span class='ocrx_word' id='word_1_5' title='bbox 2215 304 2374 360; x_wconf 87' lang='lat' dir='ltr'>OPP.</span> <span class='ocrx_word' id='word_1_6' title='bbox 2407 304 2593 359; x_wconf 68' lang='lat' dir='ltr'>PARS</span> <span class='ocrx_word' id='word_1_7' title='bbox 2623 304 2670 364; x_wconf 89' lang='grc' dir='ltr'>Ι.</span> <span class='ocrx_word' id='word_1_8' title='bbox 2708 334 2773 345; x_wconf 93' lang='grc'><strong><em>-</em></strong></span> <span class='ocrx_word' id='word_1_9' title='bbox 2805 302 3179 359; x_wconf 81' lang='lat' dir='ltr'>COMMENT.</span> <span class='ocrx_word' id='word_1_10' title='bbox 3208 300 3375 358; x_wconf 85' lang='lat' dir='ltr'>BIBL.</span> <span class='ocrx_word' id='word_1_11' title='bbox 3652 306 3736 365; x_wconf 64' lang='lat'>9“</span> 
     </span>
    </p>
   </div>
   <div class='ocr_carea' id='block_1_2' title="bbox 550 429 3737 503">
    <p class='ocr_par' dir='ltr' id='par_1_2' title="bbox 550 429 3737 503">
     <span class='ocr_line' id='line_1_2' title="bbox 550 429 3737 503; baseline -0.002 -8"><span class='ocrx_word' id='word_1_12' title='bbox 550 440 661 497; x_wconf 89' lang='lat' dir='ltr'>lica</span> <span class='ocrx_word' id='word_1_13' title='bbox 678 439 871 494; x_wconf 83' lang='lat' dir='ltr'>Grace</span> <span class='ocrx_word' id='word_1_14' title='bbox 893 436 1118 503; x_wconf 87' lang='lat' dir='ltr'>dicitur,</span> <span class='ocrx_word' id='word_1_15' title='bbox 1140 436 1198 490; x_wconf 88' lang='lat' dir='ltr'>id</span> <span class='ocrx_word' id='word_1_16' title='bbox 1228 439 1315 490; x_wconf 90' lang='lat' dir='ltr'>est</span> <span class='ocrx_word' id='word_1_17' title='bbox 1344 431 1690 498; x_wconf 87' lang='lat' dir='ltr'>universalis,</span> <span class='ocrx_word' id='word_1_18' title='bbox 1716 436 1771 485; x_wconf 90' lang='lat' dir='ltr'>et</span> <span class='ocrx_word' id='word_1_19' title='bbox 1800 430 2203 501; x_wconf 86' lang='lat' dir='ltr'>septiformisA</span> <span class='ocrx_word' id='word_1_20' title='bbox 2222 430 2471 502; x_wconf 88' lang='lat' dir='ltr'>quotidie</span> <span class='ocrx_word' id='word_1_21' title='bbox 2501 429 2760 483; x_wconf 86' lang='lat' dir='ltr'>Christus</span> <span class='ocrx_word' id='word_1_22' title='bbox 2803 446 2962 485; x_wconf 88' lang='lat' dir='ltr'>suam</span> <span class='ocrx_word' id='word_1_23' title='bbox 3018 429 3320 484; x_wconf 77' lang='lat' dir='ltr'>Ecclesium</span> <span class='ocrx_word' id='word_1_24' title='bbox 3371 446 3462 501; x_wconf 87' lang='lat' dir='ltr'>per</span> <span class='ocrx_word' id='word_1_25' title='bbox 3509 431 3737 490; x_wconf 89' lang='lat' dir='ltr'>internam</span> 
     </span>
    </p>
   </div>
   <div class='ocr_carea' id='block_1_3' title="bbox 550 518 3675 601">
    <p class='ocr_par' dir='ltr' id='par_1_3' title="bbox 550 518 3675 601">
     <span class='ocr_line' id='line_1_3' title="bbox 550 518 3675 601; baseline -0.003 -17"><span class='ocrx_word' id='word_1_26' title='bbox 550 528 793 601; x_wconf 85' lang='lat' dir='ltr'>Spiritus</span> <span class='ocrx_word' id='word_1_27' title='bbox 822 541 1055 581; x_wconf 88' lang='lat' dir='ltr'>munere</span> <span class='ocrx_word' id='word_1_28' title='bbox 1075 529 1160 579; x_wconf 89' lang='lat' dir='ltr'>est</span> <span class='ocrx_word' id='word_1_29' title='bbox 1184 521 1585 594; x_wconf 87' lang='lat' dir='ltr'>repleta.Unde</span> <span class='ocrx_word' id='word_1_30' title='bbox 1623 524 1679 574; x_wconf 89' lang='lat' dir='ltr'>et</span> <span class='ocrx_word' id='word_1_31' title='bbox 1707 520 1763 573; x_wconf 92' lang='lat' dir='ltr'>in</span> <span class='ocrx_word' id='word_1_32' title='bbox 1785 520 2051 573; x_wconf 89' lang='lat' dir='ltr'>Zacharia</span> <span class='ocrx_word' id='word_1_33' title='bbox 2073 519 2147 573; x_wconf 88' lang='lat' dir='ltr'>le-</span> <span class='ocrx_word' id='word_1_34' title='bbox 2225 520 2468 590; x_wconf 83' lang='lat' dir='ltr'>gratiam</span> <span class='ocrx_word' id='word_1_35' title='bbox 2502 535 2721 584; x_wconf 85' lang='lat' dir='ltr'>vocans,</span> <span class='ocrx_word' id='word_1_36' title='bbox 2757 519 3118 573; x_wconf 81' lang='lat' dir='ltr'>mitissimam</span> <span class='ocrx_word' id='word_1_37' title='bbox 3146 518 3322 573; x_wconf 85' lang='lat' dir='ltr'>reddit</span> <span class='ocrx_word' id='word_1_38' title='bbox 3348 524 3400 573; x_wconf 90' lang='lat' dir='ltr'>et</span> <span class='ocrx_word' id='word_1_39' title='bbox 3427 520 3675 575; x_wconf 88' lang='lat' dir='ltr'>humilem.</span> 
     </span>
    </p>
   </div>
   <div class='ocr_carea' id='block_1_4' title="bbox 546 608 3737 690">
    <p class='ocr_par' dir='ltr' id='par_1_4' title="bbox 546 608 3737 690">
     <span class='ocr_line' id='line_1_4' title="bbox 546 608 3737 690; baseline -0.002 -18"><span class='ocrx_word' id='word_1_40' title='bbox 546 618 735 690; x_wconf 84' lang='lat' dir='ltr'>gimus</span> <span class='ocrx_word' id='word_1_41' title='bbox 754 616 941 688; x_wconf 88' lang='lat' dir='ltr'>(Zach.</span> <span class='ocrx_word' id='word_1_42' title='bbox 984 616 1085 682; x_wconf 83' lang='lat' dir='ltr'>Iv),</span> <span class='ocrx_word' id='word_1_43' title='bbox 1117 611 1518 668; x_wconf 81' lang='lat' dir='ltr'>candelabrum</span> <span class='ocrx_word' id='word_1_44' title='bbox 1538 615 1721 663; x_wconf 89' lang='lat' dir='ltr'>totum</span> <span class='ocrx_word' id='word_1_45' title='bbox 1753 624 2007 669; x_wconf 85' lang='lat' dir='ltr'>aureum,</span> <span class='ocrx_word' id='word_1_46' title='bbox 2041 608 2148 662; x_wconf 84' lang='lat' dir='ltr'>ha-</span> <span class='ocrx_word' id='word_1_47' title='bbox 2302 608 2495 662; x_wconf 81' lang='lat' dir='ltr'>Gratia</span> <span class='ocrx_word' id='word_1_48' title='bbox 2523 610 2689 662; x_wconf 82' lang='lat' dir='ltr'>vobis.</span> <span class='ocrx_word' id='word_1_49' title='bbox 2716 608 2914 663; x_wconf 82' lang='lat' dir='ltr'>Gratia</span> <span class='ocrx_word' id='word_1_50' title='bbox 2942 608 3150 662; x_wconf 89' lang='lat' dir='ltr'>dicitur</span> <span class='ocrx_word' id='word_1_51' title='bbox 3171 608 3341 678; x_wconf 80' lang='lat' dir='ltr'>gratis</span> <span class='ocrx_word' id='word_1_52' title='bbox 3361 608 3607 674; x_wconf 84' lang='lat' dir='ltr'>data,non</span> <span class='ocrx_word' id='word_1_53' title='bbox 3622 627 3737 665; x_wconf 88' lang='lat' dir='ltr'>mer-</span> 
     </span>
    </p>
   </div>
   <div class='ocr_carea' id='block_1_5' title="bbox 550 696 3740 776">
    <p class='ocr_par' dir='ltr' id='par_1_5' title="bbox 550 696 3740 776">
     <span class='ocr_line' id='line_1_5' title="bbox 550 696 3740 776; baseline -0.003 -15"><span class='ocrx_word' id='word_1_54' title='bbox 550 704 690 761; x_wconf 88' lang='lat' dir='ltr'>bens</span> <span class='ocrx_word' id='word_1_55' title='bbox 710 720 881 776; x_wconf 87' lang='lat' dir='ltr'>super</span> <span class='ocrx_word' id='word_1_56' title='bbox 904 719 965 758; x_wconf 92' lang='lat' dir='ltr'>se</span> <span class='ocrx_word' id='word_1_57' title='bbox 992 707 1208 773; x_wconf 85' lang='lat' dir='ltr'>septem</span> <span class='ocrx_word' id='word_1_58' title='bbox 1237 698 1511 754; x_wconf 84' lang='lat' dir='ltr'>infusoria</span> <span class='ocrx_word' id='word_1_59' title='bbox 1539 703 1596 752; x_wconf 90' lang='lat' dir='ltr'>et</span> <span class='ocrx_word' id='word_1_60' title='bbox 1621 705 1833 768; x_wconf 86' lang='lat' dir='ltr'>septem</span> <span class='ocrx_word' id='word_1_61' title='bbox 1863 696 2143 765; x_wconf 89' lang='lat' dir='ltr'>lucernas;</span> <span class='ocrx_word' id='word_1_62' title='bbox 2230 712 2320 750; x_wconf 87' lang='lat' dir='ltr'>ces</span> <span class='ocrx_word' id='word_1_63' title='bbox 2350 696 2588 761; x_wconf 85' lang='lat' dir='ltr'>reddita,</span> <span class='ocrx_word' id='word_1_64' title='bbox 2618 697 2715 751; x_wconf 89' lang='lat' dir='ltr'>sed</span> <span class='ocrx_word' id='word_1_65' title='bbox 2738 697 2899 751; x_wconf 86' lang='lat' dir='ltr'>venia</span> <span class='ocrx_word' id='word_1_66' title='bbox 2920 696 3098 767; x_wconf 84' lang='lat' dir='ltr'>gratis</span> <span class='ocrx_word' id='word_1_67' title='bbox 3123 697 3459 767; x_wconf 82' lang='lat' dir='ltr'>collata,qua</span> <span class='ocrx_word' id='word_1_68' title='bbox 3475 698 3634 768; x_wconf 85' lang='lat' dir='ltr'>gratia</span> <span class='ocrx_word' id='word_1_69' title='bbox 3648 715 3740 770; x_wconf 88' lang='lat' dir='ltr'>spe-</span> 
     </span>
    </p>
   </div>
   <div class='ocr_carea' id='block_1_6' title="bbox 551 784 3741 867">
    <p class='ocr_par' dir='ltr' id='par_1_6' title="bbox 551 784 3741 867">
     <span class='ocr_line' id='line_1_6' title="bbox 551 784 3741 867; baseline -0.003 -17"><span class='ocrx_word' id='word_1_70' title='bbox 551 810 721 867; x_wconf 90' lang='lat' dir='ltr'>quam</span> <span class='ocrx_word' id='word_1_71' title='bbox 742 792 915 847; x_wconf 89' lang='lat' dir='ltr'>etiam</span> <span class='ocrx_word' id='word_1_72' title='bbox 943 789 1325 862; x_wconf 87' lang='lat' dir='ltr'>septiformem</span> <span class='ocrx_word' id='word_1_73' title='bbox 1348 786 1654 842; x_wconf 79' lang='lat' dir='ltr'>Ecclesium</span> <span class='ocrx_word' id='word_1_74' title='bbox 1675 785 1899 840; x_wconf 87' lang='lat' dir='ltr'>Christo</span> <span class='ocrx_word' id='word_1_75' title='bbox 1921 785 2150 854; x_wconf 89' lang='lat' dir='ltr'>conjun-</span> <span class='ocrx_word' id='word_1_76' title='bbox 2229 784 2448 839; x_wconf 89' lang='lat' dir='ltr'>cialiter</span> <span class='ocrx_word' id='word_1_77' title='bbox 2475 785 2534 839; x_wconf 91' lang='lat' dir='ltr'>in</span> <span class='ocrx_word' id='word_1_78' title='bbox 2564 784 2671 840; x_wconf 88' lang='lat' dir='ltr'>hoc</span> <span class='ocrx_word' id='word_1_79' title='bbox 2709 791 2795 840; x_wconf 85' lang='lat' dir='ltr'>est</span> <span class='ocrx_word' id='word_1_80' title='bbox 2818 785 3161 857; x_wconf 83' lang='lat' dir='ltr'>accipienda.</span> <span class='ocrx_word' id='word_1_81' title='bbox 3194 785 3321 856; x_wconf 86' lang='lat' dir='ltr'>quia</span> <span class='ocrx_word' id='word_1_82' title='bbox 3342 786 3455 840; x_wconf 88' lang='lat' dir='ltr'>sine</span> <span class='ocrx_word' id='word_1_83' title='bbox 3477 786 3649 840; x_wconf 88' lang='lat' dir='ltr'>merito</span> <span class='ocrx_word' id='word_1_84' title='bbox 3670 787 3741 841; x_wconf 82' lang='lat' dir='ltr'>ho-</span> 
     </span>
    </p>
   </div>
   <div class='ocr_carea' id='block_1_7' title="bbox 442 873 3741 955">
    <p class='ocr_par' dir='ltr' id='par_1_7' title="bbox 442 873 3741 955">
     <span class='ocr_line' id='line_1_7' title="bbox 442 873 3741 955; baseline -0.003 -17"><span class='ocrx_word' id='word_1_85' title='bbox 442 894 461 901; x_wconf 65' lang='lat'>“</span> <span class='ocrx_word' id='word_1_86' title='bbox 545 883 605 955; x_wconf 81' lang='lat' dir='ltr'>gi</span> <span class='ocrx_word' id='word_1_87' title='bbox 625 882 802 938; x_wconf 83' lang='lat' dir='ltr'>Isaias</span> <span class='ocrx_word' id='word_1_88' title='bbox 821 877 1472 941; x_wconf 87' lang='lat' dir='ltr'>commemorat,dicens:</span> <span class='ocrx_word' id='word_1_89' title='bbox 1500 874 1921 944; x_wconf 85' lang='lat' dir='ltr'>Apprehendent</span> <span class='ocrx_word' id='word_1_90' title='bbox 1946 879 2144 943; x_wconf 81' lang='lat' dir='ltr'>septem</span> <span class='ocrx_word' id='word_1_91' title='bbox 2227 873 2444 928; x_wconf 89' lang='lat' dir='ltr'>minum</span> <span class='ocrx_word' id='word_1_92' title='bbox 2484 874 2641 928; x_wconf 86' lang='lat' dir='ltr'>misit</span> <span class='ocrx_word' id='word_1_93' title='bbox 2668 874 2818 929; x_wconf 88' lang='lat' dir='ltr'>Deus</span> <span class='ocrx_word' id='word_1_94' title='bbox 2846 874 3050 929; x_wconf 88' lang='lat' dir='ltr'>Filium</span> <span class='ocrx_word' id='word_1_95' title='bbox 3092 891 3274 939; x_wconf 89' lang='lat' dir='ltr'>suum,</span> <span class='ocrx_word' id='word_1_96' title='bbox 3306 874 3397 945; x_wconf 87' lang='lat' dir='ltr'>qui</span> <span class='ocrx_word' id='word_1_97' title='bbox 3423 891 3515 929; x_wconf 90' lang='lat' dir='ltr'>nos</span> <span class='ocrx_word' id='word_1_98' title='bbox 3540 891 3626 929; x_wconf 90' lang='lat' dir='ltr'>suo</span> <span class='ocrx_word' id='word_1_99' title='bbox 3648 891 3741 929; x_wconf 81' lang='lat' dir='ltr'>san-</span> 
     </span>
    </p>
   </div>
   <div class='ocr_carea' id='block_1_8' title="bbox 545 962 3741 1034">
    <p class='ocr_par' dir='ltr' id='par_1_8' title="bbox 545 962 3741 1034">
     <span class='ocr_line' id='line_1_8' title="bbox 545 962 3741 1034; baseline -0.003 -6"><span class='ocrx_word' id='word_1_100' title='bbox 545 974 807 1028; x_wconf 84' lang='lat' dir='ltr'>mulieres</span> <span class='ocrx_word' id='word_1_101' title='bbox 825 972 1015 1024; x_wconf 81' lang='lat' dir='ltr'>virum</span> <span class='ocrx_word' id='word_1_102' title='bbox 1028 984 1208 1022; x_wconf 87' lang='lat' dir='ltr'>unum</span> <span class='ocrx_word' id='word_1_103' title='bbox 1229 969 1292 1020; x_wconf 86' lang='lat' dir='ltr'>in</span> <span class='ocrx_word' id='word_1_104' title='bbox 1303 966 1390 1019; x_wconf 90' lang='lat' dir='ltr'>die</span> <span class='ocrx_word' id='word_1_105' title='bbox 1416 966 1800 1030; x_wconf 84' lang='lat' dir='ltr'>illa,dicentes:</span> <span class='ocrx_word' id='word_1_106' title='bbox 1818 963 2024 1016; x_wconf 84' lang='lat' dir='ltr'>Panem</span> <span class='ocrx_word' id='word_1_107' title='bbox 2044 978 2144 1016; x_wconf 85' lang='lat' dir='ltr'>no-</span> <span class='ocrx_word' id='word_1_108' title='bbox 2222 962 2397 1032; x_wconf 86' lang='lat' dir='ltr'>guine</span> <span class='ocrx_word' id='word_1_109' title='bbox 2418 962 2676 1030; x_wconf 88' lang='lat' dir='ltr'>redemit,</span> <span class='ocrx_word' id='word_1_110' title='bbox 2709 969 2765 1017; x_wconf 93' lang='lat' dir='ltr'>et</span> <span class='ocrx_word' id='word_1_111' title='bbox 2794 964 2864 1018; x_wconf 91' lang='lat' dir='ltr'>ad</span> <span class='ocrx_word' id='word_1_112' title='bbox 2895 963 3219 1018; x_wconf 85' lang='lat' dir='ltr'>ﬁliationem</span> <span class='ocrx_word' id='word_1_113' title='bbox 3242 963 3338 1017; x_wconf 90' lang='lat' dir='ltr'>Dei</span> <span class='ocrx_word' id='word_1_114' title='bbox 3364 963 3741 1034; x_wconf 74' lang='lat' dir='ltr'>perduxitUnde</span> 
     </span>
    </p>
   </div>
   <div class='ocr_carea' id='block_1_9' title="bbox 542 1048 3741 1123">
    <p class='ocr_par' dir='ltr' id='par_1_9' title="bbox 542 1048 3741 1123">
     <span class='ocr_line' id='line_1_9' title="bbox 542 1048 3741 1123; baseline -0.004 -8"><span class='ocrx_word' id='word_1_115' title='bbox 542 1065 726 1115; x_wconf 83' lang='lat' dir='ltr'>strum</span> <span class='ocrx_word' id='word_1_116' title='bbox 750 1056 1088 1114; x_wconf 86' lang='lat' dir='ltr'>comedemus</span> <span class='ocrx_word' id='word_1_117' title='bbox 1115 1056 1252 1123; x_wconf 86' lang='lat' dir='ltr'>(lsa.</span> <span class='ocrx_word' id='word_1_118' title='bbox 1285 1057 1379 1117; x_wconf 84' lang='lat' dir='ltr'>1v),</span> <span class='ocrx_word' id='word_1_119' title='bbox 1404 1057 1510 1106; x_wconf 88' lang='lat' dir='ltr'>etc.</span> <span class='ocrx_word' id='word_1_120' title='bbox 1542 1051 1643 1105; x_wconf 83' lang='lat' dir='ltr'>Vir</span> <span class='ocrx_word' id='word_1_121' title='bbox 1670 1051 1775 1105; x_wconf 89' lang='lat' dir='ltr'>iste</span> <span class='ocrx_word' id='word_1_122' title='bbox 1810 1067 1957 1105; x_wconf 90' lang='lat' dir='ltr'>unus</span> <span class='ocrx_word' id='word_1_123' title='bbox 1985 1050 2145 1104; x_wconf 89' lang='lat' dir='ltr'>Chri-</span> <span class='ocrx_word' id='word_1_124' title='bbox 2224 1054 2283 1103; x_wconf 90' lang='lat' dir='ltr'>et</span> <span class='ocrx_word' id='word_1_125' title='bbox 2300 1048 2559 1119; x_wconf 87' lang='lat' dir='ltr'>sequitur</span> <span class='ocrx_word' id='word_1_126' title='bbox 2579 1055 2629 1103; x_wconf 87' lang='lat' dir='ltr'>et</span> <span class='ocrx_word' id='word_1_127' title='bbox 2642 1065 2775 1118; x_wconf 67' lang='lat' dir='ltr'>pax,</span> <span class='ocrx_word' id='word_1_128' title='bbox 2803 1049 2935 1121; x_wconf 90' lang='lat' dir='ltr'>quia</span> <span class='ocrx_word' id='word_1_129' title='bbox 2955 1049 3212 1103; x_wconf 83' lang='lat' dir='ltr'>videlicet</span> <span class='ocrx_word' id='word_1_130' title='bbox 3241 1050 3356 1120; x_wconf 91' lang='lat' dir='ltr'>ipse</span> <span class='ocrx_word' id='word_1_131' title='bbox 3377 1065 3470 1120; x_wconf 91' lang='lat' dir='ltr'>per</span> <span class='ocrx_word' id='word_1_132' title='bbox 3489 1066 3628 1103; x_wconf 89' lang='lat' dir='ltr'>suam</span> <span class='ocrx_word' id='word_1_133' title='bbox 3652 1066 3741 1121; x_wconf 79' lang='lat' dir='ltr'>pas—</span> 
     </span>
    </p>
   </div>
   <div class='ocr_carea' id='block_1_10' title="bbox 542 1136 3743 1217">
    <p class='ocr_par' dir='ltr' id='par_1_10' title="bbox 542 1136 3743 1217">
     <span class='ocr_line' id='line_1_10' title="bbox 542 1136 3743 1217; baseline -0.004 -13"><span class='ocrx_word' id='word_1_134' title='bbox 542 1153 667 1205; x_wconf 86' lang='lat' dir='ltr'>stus</span> <span class='ocrx_word' id='word_1_135' title='bbox 699 1152 786 1202; x_wconf 88' lang='lat' dir='ltr'>est</span> <span class='ocrx_word' id='word_1_136' title='bbox 810 1161 981 1217; x_wconf 86' lang='lat' dir='ltr'>quem</span> <span class='ocrx_word' id='word_1_137' title='bbox 1011 1141 1353 1215; x_wconf 84' lang='lat' dir='ltr'>septiformis</span> <span class='ocrx_word' id='word_1_138' title='bbox 1383 1140 1623 1195; x_wconf 87' lang='lat' dir='ltr'>Ecclesia</span> <span class='ocrx_word' id='word_1_139' title='bbox 1645 1138 2143 1210; x_wconf 89' lang='lat' dir='ltr'>complectitur,di-</span> <span class='ocrx_word' id='word_1_140' title='bbox 2221 1136 2435 1192; x_wconf 89' lang='lat' dir='ltr'>sionem</span> <span class='ocrx_word' id='word_1_141' title='bbox 2464 1154 2644 1208; x_wconf 86' lang='lat' dir='ltr'>genus</span> <span class='ocrx_word' id='word_1_142' title='bbox 2667 1138 2979 1192; x_wconf 85' lang='lat' dir='ltr'>humanum</span> <span class='ocrx_word' id='word_1_143' title='bbox 3000 1139 3116 1193; x_wconf 91' lang='lat' dir='ltr'>Deo</span> <span class='ocrx_word' id='word_1_144' title='bbox 3132 1138 3283 1192; x_wconf 84' lang='lat' dir='ltr'>Patri</span> <span class='ocrx_word' id='word_1_145' title='bbox 3302 1137 3743 1209; x_wconf 84' lang='lat' dir='ltr'>paciﬁcavit.Etno-</span> 
     </span>
    </p>
   </div>
   <div class='ocr_carea' id='block_1_11' title="bbox 541 1225 3743 1299">
    <p class='ocr_par' dir='ltr' id='par_1_11' title="bbox 541 1225 3743 1299">
     <span class='ocr_line' id='line_1_11' title="bbox 541 1225 3743 1299; baseline -0.004 -7"><span class='ocrx_word' id='word_1_146' title='bbox 541 1253 705 1292; x_wconf 86' lang='lat' dir='ltr'>cens:</span> <span class='ocrx_word' id='word_1_147' title='bbox 740 1234 953 1289; x_wconf 89' lang='lat' dir='ltr'>Panem</span> <span class='ocrx_word' id='word_1_148' title='bbox 984 1237 1241 1287; x_wconf 88' lang='lat' dir='ltr'>nostrum</span> <span class='ocrx_word' id='word_1_149' title='bbox 1274 1228 1654 1287; x_wconf 90' lang='lat' dir='ltr'>comedemus,</span> <span class='ocrx_word' id='word_1_150' title='bbox 1691 1244 1893 1299; x_wconf 89' lang='lat' dir='ltr'>corpus</span> <span class='ocrx_word' id='word_1_151' title='bbox 1924 1227 2140 1283; x_wconf 86' lang='lat' dir='ltr'>scilicet</span> <span class='ocrx_word' id='word_1_152' title='bbox 2219 1226 2455 1281; x_wconf 90' lang='lat' dir='ltr'>tandum</span> <span class='ocrx_word' id='word_1_153' title='bbox 2480 1225 2628 1297; x_wconf 89' lang='lat' dir='ltr'>quod</span> <span class='ocrx_word' id='word_1_154' title='bbox 2650 1242 2761 1281; x_wconf 92' lang='lat' dir='ltr'>non</span> <span class='ocrx_word' id='word_1_155' title='bbox 2787 1226 3135 1297; x_wconf 84' lang='lat' dir='ltr'>dicitur,an</span> <span class='ocrx_word' id='word_1_156' title='bbox 3165 1231 3221 1281; x_wconf 93' lang='lat' dir='ltr'>et</span> <span class='ocrx_word' id='word_1_157' title='bbox 3238 1226 3433 1297; x_wconf 87' lang='lat' dir='ltr'>gratia,</span> <span class='ocrx_word' id='word_1_158' title='bbox 3450 1226 3539 1280; x_wconf 90' lang='lat' dir='ltr'>sed</span> <span class='ocrx_word' id='word_1_159' title='bbox 3556 1227 3743 1297; x_wconf 67' lang='lat' dir='ltr'>praemit-</span> 
     </span>
    </p>
   </div>
   <div class='ocr_carea' id='block_1_12' title="bbox 538 1314 3743 1387">
    <p class='ocr_par' dir='ltr' id='par_1_12' title="bbox 538 1314 3743 1387">
     <span class='ocr_line' id='line_1_12' title="bbox 538 1314 3743 1387; baseline -0.004 -6"><span class='ocrx_word' id='word_1_160' title='bbox 538 1331 704 1381; x_wconf 90' lang='lat' dir='ltr'>tuum</span> <span class='ocrx_word' id='word_1_161' title='bbox 733 1322 896 1379; x_wconf 90' lang='lat' dir='ltr'>nobis</span> <span class='ocrx_word' id='word_1_162' title='bbox 916 1338 952 1376; x_wconf 89' lang='lat' dir='ltr'>a</span> <span class='ocrx_word' id='word_1_163' title='bbox 979 1321 1096 1376; x_wconf 93' lang='lat' dir='ltr'>Deo</span> <span class='ocrx_word' id='word_1_164' title='bbox 1125 1320 1318 1373; x_wconf 89' lang='lat' dir='ltr'>datum</span> <span class='ocrx_word' id='word_1_165' title='bbox 1348 1316 2140 1381; x_wconf 84' lang='lat' dir='ltr'>manducabimus,vestimen-</span> <span class='ocrx_word' id='word_1_166' title='bbox 2219 1314 2360 1369; x_wconf 88' lang='lat' dir='ltr'>titur</span> <span class='ocrx_word' id='word_1_167' title='bbox 2384 1314 2572 1383; x_wconf 84' lang='lat' dir='ltr'>gratia</span> <span class='ocrx_word' id='word_1_168' title='bbox 2598 1331 2663 1370; x_wconf 89' lang='lat' dir='ltr'>ac</span> <span class='ocrx_word' id='word_1_169' title='bbox 2690 1315 2895 1369; x_wconf 88' lang='lat' dir='ltr'>deinde</span> <span class='ocrx_word' id='word_1_170' title='bbox 2922 1315 3285 1386; x_wconf 86' lang='lat' dir='ltr'>subjungitur</span> <span class='ocrx_word' id='word_1_171' title='bbox 3311 1332 3430 1387; x_wconf 83' lang='lat' dir='ltr'>pax,</span> <span class='ocrx_word' id='word_1_172' title='bbox 3461 1314 3579 1385; x_wconf 86' lang='lat' dir='ltr'>quia</span> <span class='ocrx_word' id='word_1_173' title='bbox 3599 1315 3743 1369; x_wconf 75' lang='lat' dir='ltr'>nullus</span> 
     </span>
    </p>
   </div>
   <div class='ocr_carea' id='block_1_13' title="bbox 537 1402 3743 1475">
    <p class='ocr_par' dir='ltr' id='par_1_13' title="bbox 537 1402 3743 1475">
     <span class='ocr_line' id='line_1_13' title="bbox 537 1402 3743 1475; baseline -0.004 -6"><span class='ocrx_word' id='word_1_174' title='bbox 537 1414 612 1470; x_wconf 86' lang='lat' dir='ltr'>tis</span> <span class='ocrx_word' id='word_1_175' title='bbox 650 1412 921 1467; x_wconf 85' lang='lat' dir='ltr'>virtutum</span> <span class='ocrx_word' id='word_1_176' title='bbox 950 1408 1295 1474; x_wconf 91' lang='lat' dir='ltr'>ornabimur,</span> <span class='ocrx_word' id='word_1_177' title='bbox 1317 1406 1709 1461; x_wconf 87' lang='lat' dir='ltr'>tantummodo</span> <span class='ocrx_word' id='word_1_178' title='bbox 1734 1406 2024 1459; x_wconf 84' lang='lat' dir='ltr'>invocetur</span> <span class='ocrx_word' id='word_1_179' title='bbox 2041 1422 2139 1460; x_wconf 82' lang='lat' dir='ltr'>no-</span> <span class='ocrx_word' id='word_1_180' title='bbox 2219 1403 2289 1456; x_wconf 88' lang='lat' dir='ltr'>ad</span> <span class='ocrx_word' id='word_1_181' title='bbox 2320 1419 2514 1474; x_wconf 91' lang='lat' dir='ltr'>pacem</span> <span class='ocrx_word' id='word_1_182' title='bbox 2542 1404 3015 1458; x_wconf 89' lang='lat' dir='ltr'>reconciliationis</span> <span class='ocrx_word' id='word_1_183' title='bbox 3054 1405 3241 1459; x_wconf 87' lang='lat' dir='ltr'>venire</span> <span class='ocrx_word' id='word_1_184' title='bbox 3270 1404 3484 1475; x_wconf 88' lang='lat' dir='ltr'>poterit,</span> <span class='ocrx_word' id='word_1_185' title='bbox 3513 1402 3608 1457; x_wconf 90' lang='lat' dir='ltr'>nisi</span> <span class='ocrx_word' id='word_1_186' title='bbox 3630 1403 3743 1457; x_wconf 90' lang='lat' dir='ltr'>hunc</span> 
     </span>
    </p>
   </div>
   <div class='ocr_carea' id='block_1_14' title="bbox 539 1492 3741 1571">
    <p class='ocr_par' dir='ltr' id='par_1_14' title="bbox 539 1492 3741 1571">
     <span class='ocr_line' id='line_1_14' title="bbox 539 1492 3741 1571; baseline -0.004 -13"><span class='ocrx_word' id='word_1_187' title='bbox 539 1518 670 1558; x_wconf 90' lang='lat' dir='ltr'>men</span> <span class='ocrx_word' id='word_1_188' title='bbox 698 1506 858 1557; x_wconf 90' lang='lat' dir='ltr'>tuum</span> <span class='ocrx_word' id='word_1_189' title='bbox 884 1515 1055 1571; x_wconf 91' lang='lat' dir='ltr'>super</span> <span class='ocrx_word' id='word_1_190' title='bbox 1079 1514 1202 1562; x_wconf 89' lang='lat' dir='ltr'>nos,</span> <span class='ocrx_word' id='word_1_191' title='bbox 1229 1496 1388 1551; x_wconf 87' lang='lat' dir='ltr'>aufer</span> <span class='ocrx_word' id='word_1_192' title='bbox 1406 1495 1768 1567; x_wconf 88' lang='lat' dir='ltr'>opprobrium</span> <span class='ocrx_word' id='word_1_193' title='bbox 1790 1500 2139 1559; x_wconf 88' lang='lat' dir='ltr'>nostrum,ut</span> <span class='ocrx_word' id='word_1_194' title='bbox 2218 1492 2404 1561; x_wconf 88' lang='lat' dir='ltr'>gratia</span> <span class='ocrx_word' id='word_1_195' title='bbox 2442 1492 2839 1548; x_wconf 86' lang='lat' dir='ltr'>misericordia</span> <span class='ocrx_word' id='word_1_196' title='bbox 2866 1494 3233 1565; x_wconf 84' lang='lat' dir='ltr'>pracesserit,</span> <span class='ocrx_word' id='word_1_197' title='bbox 3269 1493 3397 1564; x_wconf 87' lang='lat' dir='ltr'>quia</span> <span class='ocrx_word' id='word_1_198' title='bbox 3421 1496 3483 1547; x_wconf 92' lang='lat' dir='ltr'>ut</span> <span class='ocrx_word' id='word_1_199' title='bbox 3505 1492 3568 1546; x_wconf 88' lang='lat' dir='ltr'>ad</span> <span class='ocrx_word' id='word_1_200' title='bbox 3592 1508 3741 1563; x_wconf 86' lang='lat' dir='ltr'>pacem</span> 
     </span>
    </p>
   </div>
   <div class='ocr_carea' id='block_1_15' title="bbox 537 1580 3736 1657">
    <p class='ocr_par' dir='ltr' id='par_1_15' title="bbox 537 1580 3736 1657">
     <span class='ocr_line' id='line_1_15' title="bbox 537 1580 3736 1657; baseline -0.004 -12"><span class='ocrx_word' id='word_1_201' title='bbox 537 1590 615 1646; x_wconf 88' lang='lat' dir='ltr'>sis</span> <span class='ocrx_word' id='word_1_202' title='bbox 644 1591 729 1644; x_wconf 91' lang='lat' dir='ltr'>vir</span> <span class='ocrx_word' id='word_1_203' title='bbox 766 1594 982 1656; x_wconf 86' lang='lat' dir='ltr'>noster,</span> <span class='ocrx_word' id='word_1_204' title='bbox 1010 1602 1080 1640; x_wconf 91' lang='lat' dir='ltr'>ne</span> <span class='ocrx_word' id='word_1_205' title='bbox 1108 1585 1540 1657; x_wconf 89' lang='lat' dir='ltr'>improperando</span> <span class='ocrx_word' id='word_1_206' title='bbox 1561 1584 1751 1638; x_wconf 88' lang='lat' dir='ltr'>dicant</span> <span class='ocrx_word' id='word_1_207' title='bbox 1770 1583 1930 1638; x_wconf 90' lang='lat' dir='ltr'>nobis</span> <span class='ocrx_word' id='word_1_208' title='bbox 1958 1584 2136 1638; x_wconf 85' lang='lat' dir='ltr'>Judai</span> <span class='ocrx_word' id='word_1_209' title='bbox 2217 1580 2319 1635; x_wconf 89' lang='lat' dir='ltr'>Dei</span> <span class='ocrx_word' id='word_1_210' title='bbox 2339 1582 2530 1636; x_wconf 85' lang='lat' dir='ltr'>venire</span> <span class='ocrx_word' id='word_1_211' title='bbox 2560 1581 2857 1652; x_wconf 85' lang='lat' dir='ltr'>possimus,</span> <span class='ocrx_word' id='word_1_212' title='bbox 2891 1598 2925 1636; x_wconf 91' lang='lat' dir='ltr'>a</span> <span class='ocrx_word' id='word_1_213' title='bbox 2955 1582 3056 1636; x_wconf 92' lang='lat' dir='ltr'>Dei</span> <span class='ocrx_word' id='word_1_214' title='bbox 3086 1581 3271 1653; x_wconf 87' lang='lat' dir='ltr'>gratia</span> <span class='ocrx_word' id='word_1_215' title='bbox 3294 1581 3530 1652; x_wconf 87' lang='lat' dir='ltr'>perventi</span> <span class='ocrx_word' id='word_1_216' title='bbox 3554 1595 3736 1647; x_wconf 88' lang='lat' dir='ltr'>sumus;</span> 
     </span>
    </p>
   </div>
   <div class='ocr_carea' id='block_1_16' title="bbox 538 1668 3741 1750">
    <p class='ocr_par' dir='ltr' id='par_1_16' title="bbox 538 1668 3741 1750">
     <span class='ocr_line' id='line_1_16' title="bbox 538 1668 3741 1750; baseline -0.004 -17"><span class='ocrx_word' id='word_1_217' title='bbox 538 1677 685 1750; x_wconf 91' lang='lat' dir='ltr'>quod</span> <span class='ocrx_word' id='word_1_218' title='bbox 713 1692 826 1731; x_wconf 90' lang='lat' dir='ltr'>non</span> <span class='ocrx_word' id='word_1_219' title='bbox 853 1673 1162 1729; x_wconf 85' lang='lat' dir='ltr'>habeamus</span> <span class='ocrx_word' id='word_1_220' title='bbox 1191 1673 1394 1727; x_wconf 86' lang='lat' dir='ltr'>virum.</span> <span class='ocrx_word' id='word_1_221' title='bbox 1424 1672 1584 1727; x_wconf 89' lang='lat' dir='ltr'>Unde</span> <span class='ocrx_word' id='word_1_222' title='bbox 1615 1679 1672 1727; x_wconf 89' lang='lat' dir='ltr'>et</span> <span class='ocrx_word' id='word_1_223' title='bbox 1701 1673 1969 1727; x_wconf 90' lang='lat' dir='ltr'>Solomon</span> <span class='ocrx_word' id='word_1_224' title='bbox 1998 1672 2187 1750; x_wconf 85' lang='lat' dir='ltr'>dicit_</span> <span class='ocrx_word' id='word_1_225' title='bbox 2214 1670 2558 1739; x_wconf 85' lang='lat' dir='ltr'>generaliter</span> <span class='ocrx_word' id='word_1_226' title='bbox 2583 1677 2771 1725; x_wconf 86' lang='lat' dir='ltr'>autem</span> <span class='ocrx_word' id='word_1_227' title='bbox 2788 1671 2979 1725; x_wconf 90' lang='lat' dir='ltr'>omnia</span> <span class='ocrx_word' id='word_1_228' title='bbox 3001 1688 3123 1742; x_wconf 85' lang='lat' dir='ltr'>qua</span> <span class='ocrx_word' id='word_1_229' title='bbox 3146 1687 3177 1724; x_wconf 88' lang='lat' dir='ltr'>a</span> <span class='ocrx_word' id='word_1_230' title='bbox 3197 1670 3314 1725; x_wconf 86' lang='lat' dir='ltr'>Deo</span> <span class='ocrx_word' id='word_1_231' title='bbox 3332 1668 3741 1742; x_wconf 84' lang='lat' dir='ltr'>percipimus,sive</span> 
     </span>
    </p>
   </div>
   <div class='ocr_carea' id='block_1_17' title="bbox 535 1745 3743 1835">
    <p class='ocr_par' dir='ltr' id='par_1_17' title="bbox 535 1745 3743 1835">
     <span class='ocr_line' id='line_1_17' title="bbox 535 1745 3743 1835; baseline -0.003 -14"><span class='ocrx_word' id='word_1_232' title='bbox 535 1767 709 1835; x_wconf 80' lang='lat' dir='ltr'>(Prov.</span> <span class='ocrx_word' id='word_1_233' title='bbox 733 1768 832 1831; x_wconf 77' lang='lat' dir='ltr'>lx),</span> <span class='ocrx_word' id='word_1_234' title='bbox 859 1763 993 1835; x_wconf 86' lang='lat' dir='ltr'>quia</span> <span class='ocrx_word' id='word_1_235' title='bbox 1029 1761 1307 1834; x_wconf 90' lang='lat' dir='ltr'>sapientia</span> <span class='ocrx_word' id='word_1_236' title='bbox 1335 1760 1538 1816; x_wconf 84' lang='lat' dir='ltr'>excidit</span> <span class='ocrx_word' id='word_1_237' title='bbox 1569 1761 1674 1816; x_wconf 91' lang='lat' dir='ltr'>sibi</span> <span class='ocrx_word' id='word_1_238' title='bbox 1712 1761 2001 1816; x_wconf 88' lang='lat' dir='ltr'>columnas</span> <span class='ocrx_word' id='word_1_239' title='bbox 2038 1778 2127 1815; x_wconf 89' lang='lat' dir='ltr'>se-</span> <span class='ocrx_word' id='word_1_240' title='bbox 2147 1745 2270 1813; x_wconf 86' lang='lat' dir='ltr'>Bin</span> <span class='ocrx_word' id='word_1_241' title='bbox 2299 1759 2430 1825; x_wconf 86' lang='lat' dir='ltr'>ﬁde,</span> <span class='ocrx_word' id='word_1_242' title='bbox 2458 1762 2571 1813; x_wconf 85' lang='lat' dir='ltr'>sive</span> <span class='ocrx_word' id='word_1_243' title='bbox 2593 1760 2651 1813; x_wconf 90' lang='lat' dir='ltr'>in</span> <span class='ocrx_word' id='word_1_244' title='bbox 2673 1776 2860 1831; x_wconf 87' lang='lat' dir='ltr'>opere,</span> <span class='ocrx_word' id='word_1_245' title='bbox 2886 1760 2943 1814; x_wconf 94' lang='lat' dir='ltr'>in</span> <span class='ocrx_word' id='word_1_246' title='bbox 2972 1759 3335 1828; x_wconf 86' lang='lat' dir='ltr'>abstinentia,</span> <span class='ocrx_word' id='word_1_247' title='bbox 3356 1759 3410 1813; x_wconf 91' lang='lat' dir='ltr'>in</span> <span class='ocrx_word' id='word_1_248' title='bbox 3434 1758 3626 1829; x_wconf 82' lang='lat' dir='ltr'>jejunio</span> <span class='ocrx_word' id='word_1_249' title='bbox 3643 1756 3743 1811; x_wconf 84' lang='lat' dir='ltr'>etin</span> 
     </span>
    </p>
   </div>
   <div class='ocr_carea' id='block_1_18' title="bbox 531 1844 3742 1927">
    <p class='ocr_par' dir='ltr' id='par_1_18' title="bbox 531 1844 3742 1927">
     <span class='ocr_line' id='line_1_18' title="bbox 531 1844 3742 1927; baseline -0.004 -18"><span class='ocrx_word' id='word_1_250' title='bbox 531 1854 1230 1927; x_wconf 88' lang='lat' dir='ltr'>ptem,columnasseptem</span> <span class='ocrx_word' id='word_1_251' title='bbox 1252 1850 1537 1912; x_wconf 81' lang='lat' dir='ltr'>excidit,et</span> <span class='ocrx_word' id='word_1_252' title='bbox 1560 1849 1790 1903; x_wconf 90' lang='lat' dir='ltr'>domum</span> <span class='ocrx_word' id='word_1_253' title='bbox 1816 1849 1965 1918; x_wconf 84' lang='lat' dir='ltr'>fecit,</span> <span class='ocrx_word' id='word_1_254' title='bbox 1997 1849 2129 1921; x_wconf 85' lang='lat' dir='ltr'>quia</span> <span class='ocrx_word' id='word_1_255' title='bbox 2210 1848 2446 1916; x_wconf 73' lang='lat' dir='ltr'>caeteris,</span> <span class='ocrx_word' id='word_1_256' title='bbox 2477 1849 2656 1919; x_wconf 82' lang='lat' dir='ltr'>gratis</span> <span class='ocrx_word' id='word_1_257' title='bbox 2697 1866 2733 1903; x_wconf 91' lang='lat' dir='ltr'>a</span> <span class='ocrx_word' id='word_1_258' title='bbox 2760 1849 2872 1903; x_wconf 89' lang='lat' dir='ltr'>Deo</span> <span class='ocrx_word' id='word_1_259' title='bbox 2917 1848 3077 1903; x_wconf 87' lang='lat' dir='ltr'>nobis</span> <span class='ocrx_word' id='word_1_260' title='bbox 3114 1848 3450 1903; x_wconf 89' lang='lat' dir='ltr'>tribuuntur</span> <span class='ocrx_word' id='word_1_261' title='bbox 3492 1846 3594 1901; x_wconf 87' lang='lat' dir='ltr'>sola</span> <span class='ocrx_word' id='word_1_262' title='bbox 3630 1844 3742 1899; x_wconf 83' lang='lat' dir='ltr'>illius</span> 
     </span>
    </p>
   </div>
   <div class='ocr_carea' id='block_1_19' title="bbox 528 1933 3741 2013">
    <p class='ocr_par' dir='ltr' id='par_1_19' title="bbox 528 1933 3741 2013">
     <span class='ocr_line' id='line_1_19' title="bbox 528 1933 3741 2013; baseline -0.003 -17"><span class='ocrx_word' id='word_1_263' title='bbox 528 1942 600 1997; x_wconf 90' lang='lat' dir='ltr'>ab</span> <span class='ocrx_word' id='word_1_264' title='bbox 615 1938 2129 2013; x_wconf 84' lang='lat' dir='ltr'>amoreprasentissaculiduracordagentiliumsepti-</span> <span class='ocrx_word' id='word_1_265' title='bbox 2211 1936 2618 1991; x_wconf 89' lang='lat' dir='ltr'>misericordia.</span> <span class='ocrx_word' id='word_1_266' title='bbox 2652 1936 3027 2001; x_wconf 73' lang='lat' dir='ltr'>Quaerendum</span> <span class='ocrx_word' id='word_1_267' title='bbox 3079 1944 3165 1992; x_wconf 87' lang='lat' dir='ltr'>est</span> <span class='ocrx_word' id='word_1_268' title='bbox 3209 1938 3269 1991; x_wconf 92' lang='lat' dir='ltr'>in</span> <span class='ocrx_word' id='word_1_269' title='bbox 3310 1937 3411 1991; x_wconf 89' lang='lat' dir='ltr'>hoc</span> <span class='ocrx_word' id='word_1_270' title='bbox 3436 1936 3544 1990; x_wconf 92' lang='lat' dir='ltr'>loco</span> <span class='ocrx_word' id='word_1_271' title='bbox 3584 1950 3667 1989; x_wconf 86' lang='lat' dir='ltr'>cur</span> <span class='ocrx_word' id='word_1_272' title='bbox 3698 1933 3741 1986; x_wconf 86' lang='lat' dir='ltr'>in</span> 
     </span>
    </p>
   </div>
   <div class='ocr_carea' id='block_1_20' title="bbox 525 2024 3741 2101">
    <p class='ocr_par' dir='ltr' id='par_1_20' title="bbox 525 2024 3741 2101">
     <span class='ocr_line' id='line_1_20' title="bbox 525 2024 3741 2101; baseline -0.004 -16"><span class='ocrx_word' id='word_1_273' title='bbox 525 2030 694 2085; x_wconf 86' lang='lat' dir='ltr'>formi</span> <span class='ocrx_word' id='word_1_274' title='bbox 713 2030 916 2101; x_wconf 90' lang='lat' dir='ltr'>spiritu</span> <span class='ocrx_word' id='word_1_275' title='bbox 942 2028 1228 2099; x_wconf 89' lang='lat' dir='ltr'>implenda</span> <span class='ocrx_word' id='word_1_276' title='bbox 1247 2027 1722 2098; x_wconf 86' lang='lat' dir='ltr'>separavit,atque</span> <span class='ocrx_word' id='word_1_277' title='bbox 1740 2026 1811 2080; x_wconf 92' lang='lat' dir='ltr'>ad</span> <span class='ocrx_word' id='word_1_278' title='bbox 1841 2026 2127 2080; x_wconf 89' lang='lat' dir='ltr'>fortitudi-</span> <span class='ocrx_word' id='word_1_279' title='bbox 2209 2025 2342 2079; x_wconf 90' lang='lat' dir='ltr'>dato</span> <span class='ocrx_word' id='word_1_280' title='bbox 2377 2026 2597 2096; x_wconf 86' lang='lat' dir='ltr'>gratia,</span> <span class='ocrx_word' id='word_1_281' title='bbox 2627 2026 2916 2080; x_wconf 86' lang='lat' dir='ltr'>nominato</span> <span class='ocrx_word' id='word_1_282' title='bbox 2946 2025 3087 2080; x_wconf 89' lang='lat' dir='ltr'>Filio</span> <span class='ocrx_word' id='word_1_283' title='bbox 3118 2030 3177 2079; x_wconf 92' lang='lat' dir='ltr'>et</span> <span class='ocrx_word' id='word_1_284' title='bbox 3204 2024 3417 2096; x_wconf 87' lang='lat' dir='ltr'>Spiritu</span> <span class='ocrx_word' id='word_1_285' title='bbox 3445 2029 3741 2092; x_wconf 86' lang='lat' dir='ltr'>sancto.per-</span> 
     </span>
    </p>
   </div>
   <div class='ocr_carea' id='block_1_21' title="bbox 525 2113 3738 2180">
    <p class='ocr_par' dir='ltr' id='par_1_21' title="bbox 525 2113 3738 2180">
     <span class='ocr_line' id='line_1_21' title="bbox 525 2113 3738 2180; baseline -0.004 -6"><span class='ocrx_word' id='word_1_286' title='bbox 525 2134 655 2174; x_wconf 87' lang='lat' dir='ltr'>nem</span> <span class='ocrx_word' id='word_1_287' title='bbox 667 2117 908 2172; x_wconf 78' lang='lat' dir='ltr'>calestis</span> <span class='ocrx_word' id='word_1_288' title='bbox 925 2116 1145 2171; x_wconf 85' lang='lat' dir='ltr'>adiﬁcii</span> <span class='ocrx_word' id='word_1_289' title='bbox 1160 2115 1355 2170; x_wconf 85' lang='lat' dir='ltr'>erexit.</span> <span class='ocrx_word' id='word_1_290' title='bbox 1386 2116 1556 2170; x_wconf 87' lang='lat' dir='ltr'>Recte</span> <span class='ocrx_word' id='word_1_291' title='bbox 1570 2115 1741 2169; x_wconf 89' lang='lat' dir='ltr'>etiam</span> <span class='ocrx_word' id='word_1_292' title='bbox 1763 2114 1871 2168; x_wconf 91' lang='lat' dir='ltr'>hoc</span> <span class='ocrx_word' id='word_1_293' title='bbox 1890 2130 2126 2169; x_wconf 91' lang='lat' dir='ltr'>numero</span> <span class='ocrx_word' id='word_1_294' title='bbox 2208 2129 2345 2167; x_wconf 90' lang='lat' dir='ltr'>sona</span> <span class='ocrx_word' id='word_1_295' title='bbox 2374 2114 2559 2168; x_wconf 83' lang='lat' dir='ltr'>Patris</span> <span class='ocrx_word' id='word_1_296' title='bbox 2586 2114 2889 2169; x_wconf 85' lang='lat' dir='ltr'>reticetur?</span> <span class='ocrx_word' id='word_1_297' title='bbox 2902 2113 3047 2169; x_wconf 89' lang='lat' dir='ltr'>Nam</span> <span class='ocrx_word' id='word_1_298' title='bbox 3063 2130 3190 2169; x_wconf 91' lang='lat' dir='ltr'>cum</span> <span class='ocrx_word' id='word_1_299' title='bbox 3209 2114 3377 2169; x_wconf 91' lang='lat' dir='ltr'>dicit:</span> <span class='ocrx_word' id='word_1_300' title='bbox 3397 2114 3471 2168; x_wconf 81' lang='lat' dir='ltr'><strong><em>Ab</em></strong></span> <span class='ocrx_word' id='word_1_301' title='bbox 3497 2130 3548 2166; x_wconf 67' lang='lat' dir='ltr'>eo</span> <span class='ocrx_word' id='word_1_302' title='bbox 3572 2114 3654 2180; x_wconf 89' lang='lat' dir='ltr'>qui</span> <span class='ocrx_word' id='word_1_303' title='bbox 3668 2113 3738 2175; x_wconf 72' lang='lat' dir='ltr'>est,</span> 
     </span>
    </p>
   </div>
   <div class='ocr_carea' id='block_1_22' title="bbox 524 2198 3739 2278">
    <p class='ocr_par' dir='ltr' id='par_1_22' title="bbox 524 2198 3739 2278">
     <span class='ocr_line' id='line_1_22' title="bbox 524 2198 3739 2278; baseline -0.003 -16"><span class='ocrx_word' id='word_1_304' title='bbox 524 2205 970 2278; x_wconf 85' lang='lat' dir='ltr'>septenario,qui</span> <span class='ocrx_word' id='word_1_305' title='bbox 990 2210 1209 2259; x_wconf 87' lang='lat' dir='ltr'>constat</span> <span class='ocrx_word' id='word_1_306' title='bbox 1236 2221 1301 2258; x_wconf 84' lang='lat' dir='ltr'>ex</span> <span class='ocrx_word' id='word_1_307' title='bbox 1331 2202 1514 2258; x_wconf 90' lang='lat' dir='ltr'>tribus</span> <span class='ocrx_word' id='word_1_308' title='bbox 1528 2208 1584 2257; x_wconf 88' lang='lat' dir='ltr'>et</span> <span class='ocrx_word' id='word_1_309' title='bbox 1605 2208 1864 2275; x_wconf 86' lang='lat' dir='ltr'>quatuor,</span> <span class='ocrx_word' id='word_1_310' title='bbox 1883 2204 2129 2257; x_wconf 90' lang='lat' dir='ltr'>Ecclesia</span> <span class='ocrx_word' id='word_1_311' title='bbox 2206 2209 2257 2256; x_wconf 81' lang='lat' dir='ltr'>et</span> <span class='ocrx_word' id='word_1_312' title='bbox 2288 2206 2389 2271; x_wconf 89' lang='lat' dir='ltr'>qui</span> <span class='ocrx_word' id='word_1_313' title='bbox 2416 2209 2554 2266; x_wconf 81' lang='lat' dir='ltr'>erat,</span> <span class='ocrx_word' id='word_1_314' title='bbox 2589 2209 2639 2257; x_wconf 89' lang='lat' dir='ltr'>et</span> <span class='ocrx_word' id='word_1_315' title='bbox 2668 2207 2768 2274; x_wconf 88' lang='lat' dir='ltr'>qui</span> <span class='ocrx_word' id='word_1_316' title='bbox 2788 2210 3058 2258; x_wconf 74' lang='lat' dir='ltr'>venturus</span> <span class='ocrx_word' id='word_1_317' title='bbox 3072 2210 3167 2269; x_wconf 86' lang='lat' dir='ltr'>est,</span> <span class='ocrx_word' id='word_1_318' title='bbox 3200 2203 3407 2258; x_wconf 88' lang='lat' dir='ltr'>Filium</span> <span class='ocrx_word' id='word_1_319' title='bbox 3432 2202 3489 2256; x_wconf 92' lang='lat' dir='ltr'>in</span> <span class='ocrx_word' id='word_1_320' title='bbox 3504 2201 3581 2255; x_wconf 92' lang='lat' dir='ltr'>his</span> <span class='ocrx_word' id='word_1_321' title='bbox 3597 2198 3739 2254; x_wconf 87' lang='lat' dir='ltr'>verbis</span> 
     </span>
    </p>
   </div>
   <div class='ocr_carea' id='block_1_23' title="bbox 524 2288 3744 2367">
    <p class='ocr_par' dir='ltr' id='par_1_23' title="bbox 524 2288 3744 2367">
     <span class='ocr_line' id='line_1_23' title="bbox 524 2288 3744 2367; baseline -0.002 -17"><span class='ocrx_word' id='word_1_322' title='bbox 524 2293 1040 2367; x_wconf 90' lang='lat' dir='ltr'>comprehenditur,</span> <span class='ocrx_word' id='word_1_323' title='bbox 1066 2309 1189 2364; x_wconf 83' lang='lat' dir='ltr'>qua</span> <span class='ocrx_word' id='word_1_324' title='bbox 1214 2292 1273 2346; x_wconf 91' lang='lat' dir='ltr'>in</span> <span class='ocrx_word' id='word_1_325' title='bbox 1303 2297 1547 2363; x_wconf 88' lang='lat' dir='ltr'>quatuor</span> <span class='ocrx_word' id='word_1_326' title='bbox 1574 2292 1771 2346; x_wconf 90' lang='lat' dir='ltr'>mundi</span> <span class='ocrx_word' id='word_1_327' title='bbox 1805 2299 1993 2362; x_wconf 86' lang='lat' dir='ltr'>partes</span> <span class='ocrx_word' id='word_1_328' title='bbox 2013 2292 2124 2345; x_wconf 83' lang='lat' dir='ltr'>dif-</span> <span class='ocrx_word' id='word_1_329' title='bbox 2208 2291 2473 2360; x_wconf 83' lang='lat' dir='ltr'>ostendit,</span> <span class='ocrx_word' id='word_1_330' title='bbox 2501 2292 2651 2362; x_wconf 91' lang='lat' dir='ltr'>quod</span> <span class='ocrx_word' id='word_1_331' title='bbox 2677 2292 2920 2347; x_wconf 86' lang='lat' dir='ltr'>maxime</span> <span class='ocrx_word' id='word_1_332' title='bbox 2940 2308 3005 2346; x_wconf 82' lang='lat' dir='ltr'>ex</span> <span class='ocrx_word' id='word_1_333' title='bbox 3026 2292 3132 2346; x_wconf 91' lang='lat' dir='ltr'>hoc</span> <span class='ocrx_word' id='word_1_334' title='bbox 3168 2291 3387 2362; x_wconf 89' lang='lat' dir='ltr'>probat,</span> <span class='ocrx_word' id='word_1_335' title='bbox 3417 2307 3536 2345; x_wconf 90' lang='lat' dir='ltr'>cum</span> <span class='ocrx_word' id='word_1_336' title='bbox 3560 2288 3744 2359; x_wconf 86' lang='lat' dir='ltr'>subjun-</span> 
     </span>
    </p>
   </div>
   <div class='ocr_carea' id='block_1_24' title="bbox 524 2375 3741 2451">
    <p class='ocr_par' dir='ltr' id='par_1_24' title="bbox 524 2375 3741 2451">
     <span class='ocr_line' id='line_1_24' title="bbox 524 2375 3741 2451; baseline -0.003 -12"><span class='ocrx_word' id='word_1_337' title='bbox 524 2384 652 2439; x_wconf 82' lang='lat' dir='ltr'>fusa</span> <span class='ocrx_word' id='word_1_338' title='bbox 696 2384 1029 2438; x_wconf 88' lang='lat' dir='ltr'>inconcussa</span> <span class='ocrx_word' id='word_1_339' title='bbox 1056 2386 1245 2436; x_wconf 89' lang='lat' dir='ltr'>mente</span> <span class='ocrx_word' id='word_1_340' title='bbox 1272 2387 1330 2435; x_wconf 93' lang='lat' dir='ltr'>et</span> <span class='ocrx_word' id='word_1_341' title='bbox 1357 2381 1466 2435; x_wconf 84' lang='lat' dir='ltr'>ﬁde</span> <span class='ocrx_word' id='word_1_342' title='bbox 1488 2379 1747 2435; x_wconf 82' lang='lat' dir='ltr'>observat</span> <span class='ocrx_word' id='word_1_343' title='bbox 1773 2386 1979 2435; x_wconf 86' lang='lat' dir='ltr'>sancta</span> <span class='ocrx_word' id='word_1_344' title='bbox 2006 2380 2126 2435; x_wconf 89' lang='lat' dir='ltr'>Tri-</span> <span class='ocrx_word' id='word_1_345' title='bbox 2204 2380 2324 2450; x_wconf 87' lang='lat' dir='ltr'>git:</span> <span class='ocrx_word' id='word_1_346' title='bbox 2360 2380 2466 2444; x_wconf 89' lang='lat' dir='ltr'>Qui</span> <span class='ocrx_word' id='word_1_347' title='bbox 2492 2385 2759 2435; x_wconf 88' lang='lat' dir='ltr'>venturus</span> <span class='ocrx_word' id='word_1_348' title='bbox 2782 2388 2886 2446; x_wconf 87' lang='lat' dir='ltr'>est,</span> <span class='ocrx_word' id='word_1_349' title='bbox 2911 2381 2980 2435; x_wconf 89' lang='lat' dir='ltr'>ad</span> <span class='ocrx_word' id='word_1_350' title='bbox 3007 2380 3290 2451; x_wconf 86' lang='lat' dir='ltr'>judicium</span> <span class='ocrx_word' id='word_1_351' title='bbox 3317 2381 3532 2446; x_wconf 89' lang='lat' dir='ltr'>scilicet,</span> <span class='ocrx_word' id='word_1_352' title='bbox 3557 2384 3614 2432; x_wconf 89' lang='lat' dir='ltr'>ut</span> <span class='ocrx_word' id='word_1_353' title='bbox 3643 2375 3741 2430; x_wconf 87' lang='lat' dir='ltr'>red-</span> 
     </span>
    </p>
   </div>
   <div class='ocr_carea' id='block_1_25' title="bbox 524 2462 3741 2541">
    <p class='ocr_par' dir='ltr' id='par_1_25' title="bbox 524 2462 3741 2541">
     <span class='ocr_line' id='line_1_25' title="bbox 524 2462 3741 2541; baseline -0.003 -13"><span class='ocrx_word' id='word_1_354' title='bbox 524 2462 719 2527; x_wconf 71' lang='lat' dir='ltr'>nitatis</span> <span class='ocrx_word' id='word_1_355' title='bbox 748 2472 1122 2541; x_wconf 81' lang='lat' dir='ltr'>ﬁdem.Cujus</span> <span class='ocrx_word' id='word_1_356' title='bbox 1150 2469 1369 2525; x_wconf 89' lang='lat' dir='ltr'>numeri</span> <span class='ocrx_word' id='word_1_357' title='bbox 1395 2469 1726 2541; x_wconf 80' lang='lat' dir='ltr'>mysterium</span> <span class='ocrx_word' id='word_1_358' title='bbox 1757 2469 1927 2523; x_wconf 86' lang='lat' dir='ltr'>etiam</span> <span class='ocrx_word' id='word_1_359' title='bbox 1955 2485 2126 2523; x_wconf 91' lang='lat' dir='ltr'>unus-</span> <span class='ocrx_word' id='word_1_360' title='bbox 2206 2468 2306 2523; x_wconf 89' lang='lat' dir='ltr'>dat</span> <span class='ocrx_word' id='word_1_361' title='bbox 2334 2469 2637 2541; x_wconf 90' lang='lat' dir='ltr'>unicuique</span> <span class='ocrx_word' id='word_1_362' title='bbox 2656 2470 2818 2539; x_wconf 84' lang='lat' dir='ltr'>juxta</span> <span class='ocrx_word' id='word_1_363' title='bbox 2842 2486 3014 2541; x_wconf 88' lang='lat' dir='ltr'>opera</span> <span class='ocrx_word' id='word_1_364' title='bbox 3034 2472 3328 2525; x_wconf 81' lang='lat' dir='ltr'>sua.Pater</span> <span class='ocrx_word' id='word_1_365' title='bbox 3345 2472 3487 2524; x_wconf 83' lang='lat' dir='ltr'>enim</span> <span class='ocrx_word' id='word_1_366' title='bbox 3510 2484 3607 2522; x_wconf 86' lang='lat' dir='ltr'>non</span> <span class='ocrx_word' id='word_1_367' title='bbox 3620 2467 3741 2536; x_wconf 82' lang='lat' dir='ltr'>judi-</span> 
     </span>
    </p>
   </div>
   <div class='ocr_carea' id='block_1_26' title="bbox 522 2552 3738 2634">
    <p class='ocr_par' dir='ltr' id='par_1_26' title="bbox 522 2552 3738 2634">
     <span class='ocr_line' id='line_1_26' title="bbox 522 2552 3738 2634; baseline -0.003 -17"><span class='ocrx_word' id='word_1_368' title='bbox 522 2552 765 2634; x_wconf 84' lang='lat' dir='ltr'>quisque</span> <span class='ocrx_word' id='word_1_369' title='bbox 817 2561 986 2616; x_wconf 89' lang='lat' dir='ltr'>homo</span> <span class='ocrx_word' id='word_1_370' title='bbox 1034 2560 1093 2615; x_wconf 92' lang='lat' dir='ltr'>in</span> <span class='ocrx_word' id='word_1_371' title='bbox 1133 2576 1193 2614; x_wconf 90' lang='lat' dir='ltr'>se</span> <span class='ocrx_word' id='word_1_372' title='bbox 1238 2558 1506 2624; x_wconf 87' lang='lat' dir='ltr'>continet,</span> <span class='ocrx_word' id='word_1_373' title='bbox 1554 2558 1649 2629; x_wconf 92' lang='lat' dir='ltr'>qui</span> <span class='ocrx_word' id='word_1_374' title='bbox 1700 2558 1896 2629; x_wconf 87' lang='lat' dir='ltr'>utique</span> <span class='ocrx_word' id='word_1_375' title='bbox 1950 2574 2124 2612; x_wconf 92' lang='lat' dir='ltr'>mem-</span> <span class='ocrx_word' id='word_1_376' title='bbox 2205 2564 2291 2612; x_wconf 89' lang='lat' dir='ltr'>cat</span> <span class='ocrx_word' id='word_1_377' title='bbox 2320 2575 2673 2628; x_wconf 72' lang='lat' dir='ltr'>quamquam,</span> <span class='ocrx_word' id='word_1_378' title='bbox 2702 2562 2795 2614; x_wconf 84' lang='lat' dir='ltr'>sed</span> <span class='ocrx_word' id='word_1_379' title='bbox 2821 2575 2980 2613; x_wconf 87' lang='lat' dir='ltr'>omne</span> <span class='ocrx_word' id='word_1_380' title='bbox 2986 2560 3277 2628; x_wconf 85' lang='lat' dir='ltr'>judicium</span> <span class='ocrx_word' id='word_1_381' title='bbox 3296 2561 3441 2614; x_wconf 80' lang='lat' dir='ltr'>dedit</span> <span class='ocrx_word' id='word_1_382' title='bbox 3458 2559 3582 2612; x_wconf 79' lang='lat' dir='ltr'>Filio</span> <span class='ocrx_word' id='word_1_383' title='bbox 3600 2557 3738 2625; x_wconf 81' lang='lat' dir='ltr'>(Joan.</span> 
     </span>
    </p>
   </div>
   <div class='ocr_carea' id='block_1_27' title="bbox 516 2642 3742 2721">
    <p class='ocr_par' dir='ltr' id='par_1_27' title="bbox 516 2642 3742 2721">
     <span class='ocr_line' id='line_1_27' title="bbox 516 2642 3742 2721; baseline -0.003 -15"><span class='ocrx_word' id='word_1_384' title='bbox 516 2649 684 2705; x_wconf 85' lang='lat' dir='ltr'>brum</span> <span class='ocrx_word' id='word_1_385' title='bbox 707 2656 793 2705; x_wconf 90' lang='lat' dir='ltr'>est</span> <span class='ocrx_word' id='word_1_386' title='bbox 820 2650 991 2721; x_wconf 88' lang='lat' dir='ltr'>hujus</span> <span class='ocrx_word' id='word_1_387' title='bbox 1022 2647 1302 2716; x_wconf 80' lang='lat' dir='ltr'>Ecclesia,</span> <span class='ocrx_word' id='word_1_388' title='bbox 1334 2648 1469 2703; x_wconf 90' lang='lat' dir='ltr'>dum</span> <span class='ocrx_word' id='word_1_389' title='bbox 1515 2664 1581 2701; x_wconf 83' lang='lat' dir='ltr'>ex</span> <span class='ocrx_word' id='word_1_390' title='bbox 1621 2652 1863 2718; x_wconf 90' lang='lat' dir='ltr'>quatuor</span> <span class='ocrx_word' id='word_1_391' title='bbox 1903 2653 2124 2702; x_wconf 86' lang='lat' dir='ltr'>constat</span> <span class='ocrx_word' id='word_1_392' title='bbox 2206 2663 2280 2719; x_wconf 83' lang='lat' dir='ltr'>V),</span> <span class='ocrx_word' id='word_1_393' title='bbox 2312 2648 2408 2719; x_wconf 90' lang='lat' dir='ltr'>qui</span> <span class='ocrx_word' id='word_1_394' title='bbox 2452 2649 2603 2703; x_wconf 89' lang='lat' dir='ltr'>solus</span> <span class='ocrx_word' id='word_1_395' title='bbox 2646 2665 2772 2703; x_wconf 91' lang='lat' dir='ltr'>cum</span> <span class='ocrx_word' id='word_1_396' title='bbox 2822 2649 2991 2702; x_wconf 88' lang='lat' dir='ltr'>Patre</span> <span class='ocrx_word' id='word_1_397' title='bbox 3030 2656 3087 2702; x_wconf 89' lang='lat' dir='ltr'>et</span> <span class='ocrx_word' id='word_1_398' title='bbox 3138 2648 3355 2718; x_wconf 89' lang='lat' dir='ltr'>Spiritu</span> <span class='ocrx_word' id='word_1_399' title='bbox 3395 2651 3572 2702; x_wconf 89' lang='lat' dir='ltr'>sancto</span> <span class='ocrx_word' id='word_1_400' title='bbox 3610 2642 3742 2698; x_wconf 82' lang='lat' dir='ltr'>habet</span> 
     </span>
    </p>
   </div>
   <div class='ocr_carea' id='block_1_28' title="bbox 518 2734 3735 2810">
    <p class='ocr_par' dir='ltr' id='par_1_28' title="bbox 518 2734 3735 2810">
     <span class='ocr_line' id='line_1_28' title="bbox 518 2734 3735 2810; baseline -0.003 -17"><span class='ocrx_word' id='word_1_401' title='bbox 518 2738 871 2802; x_wconf 87' lang='lat' dir='ltr'>humoribus,</span> <span class='ocrx_word' id='word_1_402' title='bbox 914 2743 1158 2810; x_wconf 89' lang='lat' dir='ltr'>quatuor</span> <span class='ocrx_word' id='word_1_403' title='bbox 1207 2737 1382 2809; x_wconf 89' lang='lat' dir='ltr'>pollet</span> <span class='ocrx_word' id='word_1_404' title='bbox 1438 2736 1758 2803; x_wconf 86' lang='lat' dir='ltr'>virtutibus,</span> <span class='ocrx_word' id='word_1_405' title='bbox 1819 2742 1876 2790; x_wconf 90' lang='lat' dir='ltr'>et</span> <span class='ocrx_word' id='word_1_406' title='bbox 1935 2735 2122 2806; x_wconf 90' lang='lat' dir='ltr'>diligit</span> <span class='ocrx_word' id='word_1_407' title='bbox 2203 2753 2344 2803; x_wconf 92' lang='lat' dir='ltr'>esse,</span> <span class='ocrx_word' id='word_1_408' title='bbox 2374 2737 2509 2807; x_wconf 91' lang='lat' dir='ltr'>quia</span> <span class='ocrx_word' id='word_1_409' title='bbox 2528 2754 2750 2809; x_wconf 88' lang='lat' dir='ltr'>semper</span> <span class='ocrx_word' id='word_1_410' title='bbox 2767 2743 2852 2791; x_wconf 92' lang='lat' dir='ltr'>est</span> <span class='ocrx_word' id='word_1_411' title='bbox 2883 2736 3277 2804; x_wconf 89' lang='lat' dir='ltr'>immutabilis,</span> <span class='ocrx_word' id='word_1_412' title='bbox 3299 2737 3445 2792; x_wconf 90' lang='lat' dir='ltr'>unde</span> <span class='ocrx_word' id='word_1_413' title='bbox 3464 2734 3735 2790; x_wconf 82' lang='lat' dir='ltr'>Psalmista:</span> 
     </span>
    </p>
   </div>
   <div class='ocr_carea' id='block_1_29' title="bbox 517 2819 3737 2895">
    <p class='ocr_par' dir='ltr' id='par_1_29' title="bbox 517 2819 3737 2895">
     <span class='ocr_line' id='line_1_29' title="bbox 517 2819 3737 2895; baseline -0.003 -11"><span class='ocrx_word' id='word_1_414' title='bbox 517 2828 698 2884; x_wconf 90' lang='lat' dir='ltr'>Deum</span> <span class='ocrx_word' id='word_1_415' title='bbox 731 2844 799 2884; x_wconf 81' lang='lat' dir='ltr'>ex</span> <span class='ocrx_word' id='word_1_416' title='bbox 839 2832 960 2882; x_wconf 91' lang='lat' dir='ltr'>toto</span> <span class='ocrx_word' id='word_1_417' title='bbox 988 2827 1156 2882; x_wconf 93' lang='lat' dir='ltr'>corde</span> <span class='ocrx_word' id='word_1_418' title='bbox 1194 2842 1315 2892; x_wconf 91' lang='lat' dir='ltr'>suo,</span> <span class='ocrx_word' id='word_1_419' title='bbox 1349 2831 1407 2880; x_wconf 91' lang='lat' dir='ltr'>et</span> <span class='ocrx_word' id='word_1_420' title='bbox 1461 2842 1527 2880; x_wconf 87' lang='lat' dir='ltr'>ex</span> <span class='ocrx_word' id='word_1_421' title='bbox 1579 2831 1700 2880; x_wconf 86' lang='lat' dir='ltr'>tota</span> <span class='ocrx_word' id='word_1_422' title='bbox 1753 2825 1944 2880; x_wconf 89' lang='lat' dir='ltr'>anima</span> <span class='ocrx_word' id='word_1_423' title='bbox 1994 2842 2115 2893; x_wconf 90' lang='lat' dir='ltr'>sua,</span> <span class='ocrx_word' id='word_1_424' title='bbox 2210 2826 2289 2879; x_wconf 86' lang='lat' dir='ltr'>Tu</span> <span class='ocrx_word' id='word_1_425' title='bbox 2313 2831 2499 2881; x_wconf 86' lang='lat' dir='ltr'>autem</span> <span class='ocrx_word' id='word_1_426' title='bbox 2519 2828 2664 2880; x_wconf 85' lang='lat' dir='ltr'>idem</span> <span class='ocrx_word' id='word_1_427' title='bbox 2694 2830 2803 2895; x_wconf 86' lang='lat' dir='ltr'>ipse</span> <span class='ocrx_word' id='word_1_428' title='bbox 2831 2843 2883 2881; x_wconf 85' lang='lat' dir='ltr'>es</span> <span class='ocrx_word' id='word_1_429' title='bbox 2907 2828 3076 2895; x_wconf 86' lang='lat' dir='ltr'>(Psal.</span> <span class='ocrx_word' id='word_1_430' title='bbox 3110 2832 3203 2893; x_wconf 81' lang='lat' dir='ltr'>Cl).</span> <span class='ocrx_word' id='word_1_431' title='bbox 3231 2827 3377 2881; x_wconf 89' lang='lat' dir='ltr'>Sunt</span> <span class='ocrx_word' id='word_1_432' title='bbox 3402 2826 3559 2880; x_wconf 86' lang='lat' dir='ltr'>etiam</span> <span class='ocrx_word' id='word_1_433' title='bbox 3574 2819 3737 2893; x_wconf 83' lang='lat' dir='ltr'>angeli,</span> 
     </span>
    </p>
   </div>
   <div class='ocr_carea' id='block_1_30' title="bbox 521 2913 3739 2988">
    <p class='ocr_par' dir='ltr' id='par_1_30' title="bbox 521 2913 3739 2988">
     <span class='ocr_line' id='line_1_30' title="bbox 521 2913 3739 2988; baseline -0.002 -17"><span class='ocrx_word' id='word_1_434' title='bbox 521 2921 579 2971; x_wconf 90' lang='lat' dir='ltr'>et</span> <span class='ocrx_word' id='word_1_435' title='bbox 630 2932 697 2971; x_wconf 87' lang='lat' dir='ltr'>ex</span> <span class='ocrx_word' id='word_1_436' title='bbox 751 2920 873 2971; x_wconf 86' lang='lat' dir='ltr'>tota</span> <span class='ocrx_word' id='word_1_437' title='bbox 919 2915 1210 2970; x_wconf 84' lang='lat' dir='ltr'>voluntate</span> <span class='ocrx_word' id='word_1_438' title='bbox 1268 2929 1392 2969; x_wconf 87' lang='lat' dir='ltr'>sua.</span> <span class='ocrx_word' id='word_1_439' title='bbox 1451 2914 1593 2968; x_wconf 90' lang='lat' dir='ltr'>Nam</span> <span class='ocrx_word' id='word_1_440' title='bbox 1654 2913 1837 2969; x_wconf 87' lang='lat' dir='ltr'>tribus</span> <span class='ocrx_word' id='word_1_441' title='bbox 1888 2913 2119 2985; x_wconf 89' lang='lat' dir='ltr'>spirita-</span> <span class='ocrx_word' id='word_1_442' title='bbox 2202 2914 2300 2968; x_wconf 85' lang='lat' dir='ltr'>sed</span> <span class='ocrx_word' id='word_1_443' title='bbox 2330 2914 2767 2970; x_wconf 78' lang='lat' dir='ltr'>mutabilitatem</span> <span class='ocrx_word' id='word_1_444' title='bbox 2799 2915 2949 2986; x_wconf 87' lang='lat' dir='ltr'>passi</span> <span class='ocrx_word' id='word_1_445' title='bbox 2979 2921 3132 2979; x_wconf 85' lang='lat' dir='ltr'>sunt,</span> <span class='ocrx_word' id='word_1_446' title='bbox 3171 2916 3396 2988; x_wconf 90' lang='lat' dir='ltr'>quando</span> <span class='ocrx_word' id='word_1_447' title='bbox 3427 2930 3561 2969; x_wconf 90' lang='lat' dir='ltr'>unus</span> <span class='ocrx_word' id='word_1_448' title='bbox 3586 2925 3739 2967; x_wconf 86' lang='lat' dir='ltr'>eorum</span> 
     </span>
    </p>
   </div>
   <div class='ocr_carea' id='block_1_31' title="bbox 517 2996 3740 3076">
    <p class='ocr_par' dir='ltr' id='par_1_31' title="bbox 517 2996 3740 3076">
     <span class='ocr_line' id='line_1_31' title="bbox 517 2996 3740 3076; baseline -0.002 -17"><span class='ocrx_word' id='word_1_449' title='bbox 517 3004 667 3070; x_wconf 89' lang='lat' dir='ltr'>liter,</span> <span class='ocrx_word' id='word_1_450' title='bbox 696 3010 754 3059; x_wconf 91' lang='lat' dir='ltr'>et</span> <span class='ocrx_word' id='word_1_451' title='bbox 805 3008 1048 3076; x_wconf 89' lang='lat' dir='ltr'>quatuor</span> <span class='ocrx_word' id='word_1_452' title='bbox 1095 3002 1464 3075; x_wconf 85' lang='lat' dir='ltr'>corporaliter</span> <span class='ocrx_word' id='word_1_453' title='bbox 1510 3002 1675 3073; x_wconf 87' lang='lat' dir='ltr'>viget.</span> <span class='ocrx_word' id='word_1_454' title='bbox 1715 3003 1779 3057; x_wconf 92' lang='lat' dir='ltr'>In</span> <span class='ocrx_word' id='word_1_455' title='bbox 1818 3002 2118 3056; x_wconf 91' lang='lat' dir='ltr'>dilectione</span> <span class='ocrx_word' id='word_1_456' title='bbox 2143 3009 2388 3076; x_wconf 44' lang='lat' dir='ltr'>“motus</span> <span class='ocrx_word' id='word_1_457' title='bbox 2431 3020 2533 3075; x_wconf 90' lang='lat' dir='ltr'>per</span> <span class='ocrx_word' id='word_1_458' title='bbox 2571 3002 2894 3075; x_wconf 85' lang='lat' dir='ltr'>superbiam</span> <span class='ocrx_word' id='word_1_459' title='bbox 2940 3004 3158 3059; x_wconf 87' lang='lat' dir='ltr'>cecidit.</span> <span class='ocrx_word' id='word_1_460' title='bbox 3205 3006 3354 3060; x_wconf 90' lang='lat' dir='ltr'>Sunt</span> <span class='ocrx_word' id='word_1_461' title='bbox 3388 3003 3636 3067; x_wconf 86' lang='lat' dir='ltr'>homines,</span> <span class='ocrx_word' id='word_1_462' title='bbox 3665 2996 3740 3053; x_wconf 86' lang='lat' dir='ltr'>sed</span> 
     </span>
    </p>
   </div>
   <div class='ocr_carea' id='block_1_32' title="bbox 516 3063 3741 3164">
    <p class='ocr_par' dir='ltr' id='par_1_32' title="bbox 516 3063 3741 3164">
     <span class='ocr_line' id='line_1_32' title="bbox 516 3063 3741 3164; baseline -0.002 -16"><span class='ocrx_word' id='word_1_463' title='bbox 516 3063 665 3148; x_wconf 85' lang='lat' dir='ltr'>enini</span> <span class='ocrx_word' id='word_1_464' title='bbox 696 3063 1033 3160; x_wconf 42' lang='lat' dir='ltr'>Dei,‘tribus</span> <span class='ocrx_word' id='word_1_465' title='bbox 1065 3063 1434 3164; x_wconf 76' lang='lat' dir='ltr'>qualitatibus</span> <span class='ocrx_word' id='word_1_466' title='bbox 1458 3063 1793 3163; x_wconf 69' lang='lat' dir='ltr'>spiritaliter</span> <span class='ocrx_word' id='word_1_467' title='bbox 1820 3092 2113 3146; x_wconf 86' lang='lat' dir='ltr'>excitatur.</span> <span class='ocrx_word' id='word_1_468' title='bbox 2139 3063 2181 3123; x_wconf 68' lang='grc' dir='ltr'><strong>Ο</strong></span> <span class='ocrx_word' id='word_1_469' title='bbox 2200 3063 2521 3159; x_wconf 69' lang='lat' dir='ltr'>mutabiles,</span> <span class='ocrx_word' id='word_1_470' title='bbox 2556 3063 2703 3147; x_wconf 76' lang='lat' dir='ltr'>sicut</span> <span class='ocrx_word' id='word_1_471' title='bbox 2752 3093 2969 3164; x_wconf 88' lang='lat' dir='ltr'>primus</span> <span class='ocrx_word' id='word_1_472' title='bbox 3016 3093 3184 3148; x_wconf 90' lang='lat' dir='ltr'>homo</span> <span class='ocrx_word' id='word_1_473' title='bbox 3225 3098 3476 3148; x_wconf 84' lang='lat' dir='ltr'>mutatus</span> <span class='ocrx_word' id='word_1_474' title='bbox 3502 3097 3593 3155; x_wconf 86' lang='lat' dir='ltr'>est,</span> <span class='ocrx_word' id='word_1_475' title='bbox 3623 3063 3669 3143; x_wconf 84' lang='lat' dir='ltr'>et</span> <span class='ocrx_word' id='word_1_476' title='bbox 3694 3103 3741 3141; x_wconf 79' lang='lat' dir='ltr'>ex</span> 
     </span>
    </p>
   </div>
   <div class='ocr_carea' id='block_1_33' title="bbox 515 3179 3740 3255">
    <p class='ocr_par' dir='ltr' id='par_1_33' title="bbox 515 3179 3740 3255">
     <span class='ocr_line' id='line_1_33' title="bbox 515 3179 3740 3255; baseline -0.002 -18"><span class='ocrx_word' id='word_1_477' title='bbox 515 3179 645 3254; x_wconf 88' lang='lat' dir='ltr'>Ipse</span> <span class='ocrx_word' id='word_1_478' title='bbox 673 3198 804 3237; x_wconf 89' lang='lat' dir='ltr'>vero</span> <span class='ocrx_word' id='word_1_479' title='bbox 844 3180 1213 3252; x_wconf 88' lang='lat' dir='ltr'>corporaliter</span> <span class='ocrx_word' id='word_1_480' title='bbox 1240 3198 1304 3235; x_wconf 87' lang='lat' dir='ltr'>ex</span> <span class='ocrx_word' id='word_1_481' title='bbox 1330 3182 1569 3236; x_wconf 88' lang='lat' dir='ltr'>materia</span> <span class='ocrx_word' id='word_1_482' title='bbox 1598 3181 1777 3235; x_wconf 88' lang='lat' dir='ltr'>calida</span> <span class='ocrx_word' id='word_1_483' title='bbox 1806 3186 1864 3235; x_wconf 91' lang='lat' dir='ltr'>et</span> <span class='ocrx_word' id='word_1_484' title='bbox 1891 3180 2112 3251; x_wconf 83' lang='lat' dir='ltr'>frigida,</span> <span class='ocrx_word' id='word_1_485' title='bbox 2193 3181 2349 3252; x_wconf 88' lang='lat' dir='ltr'>justo</span> <span class='ocrx_word' id='word_1_486' title='bbox 2377 3182 2555 3236; x_wconf 82' lang='lat' dir='ltr'>factus</span> <span class='ocrx_word' id='word_1_487' title='bbox 2589 3183 2675 3237; x_wconf 80' lang='lat' dir='ltr'>est</span> <span class='ocrx_word' id='word_1_488' title='bbox 2702 3181 3035 3253; x_wconf 87' lang='lat' dir='ltr'>injustus,ex</span> <span class='ocrx_word' id='word_1_489' title='bbox 3051 3182 3198 3237; x_wconf 92' lang='lat' dir='ltr'>bono</span> <span class='ocrx_word' id='word_1_490' title='bbox 3227 3183 3528 3255; x_wconf 82' lang='lat' dir='ltr'>impius,ex</span> <span class='ocrx_word' id='word_1_491' title='bbox 3552 3179 3740 3233; x_wconf 85' lang='lat' dir='ltr'>immor-</span> 
     </span>
    </p>
   </div>
   <div class='ocr_carea' id='block_1_34' title="bbox 512 3268 3740 3340">
    <p class='ocr_par' dir='ltr' id='par_1_34' title="bbox 512 3268 3740 3340">
     <span class='ocr_line' id='line_1_34' title="bbox 512 3268 3740 3340; baseline -0.002 -15"><span class='ocrx_word' id='word_1_492' title='bbox 512 3270 749 3325; x_wconf 83' lang='lat' dir='ltr'>humida</span> <span class='ocrx_word' id='word_1_493' title='bbox 797 3275 855 3324; x_wconf 91' lang='lat' dir='ltr'>et</span> <span class='ocrx_word' id='word_1_494' title='bbox 901 3270 1048 3323; x_wconf 87' lang='lat' dir='ltr'>sicca</span> <span class='ocrx_word' id='word_1_495' title='bbox 1078 3268 1450 3339; x_wconf 90' lang='lat' dir='ltr'>componitur.</span> <span class='ocrx_word' id='word_1_496' title='bbox 1499 3268 1653 3334; x_wconf 85' lang='lat' dir='ltr'>Asia,</span> <span class='ocrx_word' id='word_1_497' title='bbox 1709 3269 2117 3340; x_wconf 84' lang='lat' dir='ltr'>interpretatur</span> <span class='ocrx_word' id='word_1_498' title='bbox 2197 3269 2299 3324; x_wconf 89' lang='lat' dir='ltr'>tali</span> <span class='ocrx_word' id='word_1_499' title='bbox 2321 3271 2595 3325; x_wconf 85' lang='lat' dir='ltr'>mortalis.</span> <span class='ocrx_word' id='word_1_500' title='bbox 2629 3270 2827 3325; x_wconf 89' lang='lat' dir='ltr'>Omnis</span> <span class='ocrx_word' id='word_1_501' title='bbox 2857 3270 3007 3325; x_wconf 89' lang='lat' dir='ltr'>enim</span> <span class='ocrx_word' id='word_1_502' title='bbox 3038 3280 3304 3325; x_wconf 85' lang='lat' dir='ltr'>creatura</span> <span class='ocrx_word' id='word_1_503' title='bbox 3334 3269 3599 3325; x_wconf 80' lang='lat' dir='ltr'>mutabilis</span> <span class='ocrx_word' id='word_1_504' title='bbox 3625 3281 3740 3320; x_wconf 86' lang='lat' dir='ltr'>com-</span> 
     </span>
    </p>
   </div>
   <div class='ocr_carea' id='block_1_35' title="bbox 513 3354 3744 3431">
    <p class='ocr_par' dir='ltr' id='par_1_35' title="bbox 513 3354 3744 3431">
     <span class='ocr_line' id='line_1_35' title="bbox 513 3354 3744 3431; baseline -0.002 -18"><span class='ocrx_word' id='word_1_505' title='bbox 513 3357 889 3413; x_wconf 84' lang='lat' dir='ltr'>etatio.Elatio</span> <span class='ocrx_word' id='word_1_506' title='bbox 913 3363 1104 3413; x_wconf 88' lang='lat' dir='ltr'>autem</span> <span class='ocrx_word' id='word_1_507' title='bbox 1134 3362 1193 3411; x_wconf 91' lang='lat' dir='ltr'>et</span> <span class='ocrx_word' id='word_1_508' title='bbox 1220 3356 1278 3411; x_wconf 90' lang='lat' dir='ltr'>in</span> <span class='ocrx_word' id='word_1_509' title='bbox 1299 3356 1505 3411; x_wconf 87' lang='lat' dir='ltr'>bonam</span> <span class='ocrx_word' id='word_1_510' title='bbox 1536 3364 1593 3411; x_wconf 92' lang='lat' dir='ltr'>et</span> <span class='ocrx_word' id='word_1_511' title='bbox 1631 3357 1691 3411; x_wconf 91' lang='lat' dir='ltr'>in</span> <span class='ocrx_word' id='word_1_512' title='bbox 1712 3357 1918 3411; x_wconf 87' lang='lat' dir='ltr'>malam</span> <span class='ocrx_word' id='word_1_513' title='bbox 1953 3357 2116 3428; x_wconf 81' lang='lat' dir='ltr'>poni-</span> <span class='ocrx_word' id='word_1_514' title='bbox 2198 3364 2394 3429; x_wconf 87' lang='lat' dir='ltr'>parata</span> <span class='ocrx_word' id='word_1_515' title='bbox 2414 3359 2738 3426; x_wconf 79' lang='lat' dir='ltr'>aeternitati,</span> <span class='ocrx_word' id='word_1_516' title='bbox 2758 3360 2916 3431; x_wconf 89' lang='lat' dir='ltr'>quasi</span> <span class='ocrx_word' id='word_1_517' title='bbox 2948 3376 3061 3415; x_wconf 90' lang='lat' dir='ltr'>non</span> <span class='ocrx_word' id='word_1_518' title='bbox 3083 3366 3186 3425; x_wconf 88' lang='lat' dir='ltr'>est,</span> <span class='ocrx_word' id='word_1_519' title='bbox 3218 3360 3456 3431; x_wconf 88' lang='lat' dir='ltr'>ideoque</span> <span class='ocrx_word' id='word_1_520' title='bbox 3482 3354 3744 3429; x_wconf 85' lang='lat' dir='ltr'>specialiter</span> 
     </span>
    </p>
   </div>
   <div class='ocr_carea' id='block_1_36' title="bbox 512 3445 3740 3520">
    <p class='ocr_par' dir='ltr' id='par_1_36' title="bbox 512 3445 3740 3520">
     <span class='ocr_line' id='line_1_36' title="bbox 512 3445 3740 3520; baseline -0.002 -18"><span class='ocrx_word' id='word_1_521' title='bbox 512 3451 610 3502; x_wconf 86' lang='lat' dir='ltr'>tur</span> <span class='ocrx_word' id='word_1_522' title='bbox 629 3452 871 3519; x_wconf 89' lang='lat' dir='ltr'>partem,</span> <span class='ocrx_word' id='word_1_523' title='bbox 903 3464 1007 3502; x_wconf 89' lang='lat' dir='ltr'>nec</span> <span class='ocrx_word' id='word_1_524' title='bbox 1028 3463 1250 3519; x_wconf 91' lang='lat' dir='ltr'>semper</span> <span class='ocrx_word' id='word_1_525' title='bbox 1278 3462 1379 3518; x_wconf 90' lang='lat' dir='ltr'>pro</span> <span class='ocrx_word' id='word_1_526' title='bbox 1408 3445 1544 3501; x_wconf 89' lang='lat' dir='ltr'>vitio</span> <span class='ocrx_word' id='word_1_527' title='bbox 1582 3447 1833 3519; x_wconf 89' lang='lat' dir='ltr'>ponitur,</span> <span class='ocrx_word' id='word_1_528' title='bbox 1873 3446 1973 3501; x_wconf 91' lang='lat' dir='ltr'>sed</span> <span class='ocrx_word' id='word_1_529' title='bbox 2002 3446 2115 3500; x_wconf 86' lang='lat' dir='ltr'>ali-</span> <span class='ocrx_word' id='word_1_530' title='bbox 2197 3464 2319 3501; x_wconf 90' lang='lat' dir='ltr'>esse</span> <span class='ocrx_word' id='word_1_531' title='bbox 2346 3447 2554 3502; x_wconf 91' lang='lat' dir='ltr'>habere</span> <span class='ocrx_word' id='word_1_532' title='bbox 2583 3448 2910 3519; x_wconf 65' lang='lat' dir='ltr'>dicitur-,qui</span> <span class='ocrx_word' id='word_1_533' title='bbox 2939 3465 3161 3520; x_wconf 91' lang='lat' dir='ltr'>semper</span> <span class='ocrx_word' id='word_1_534' title='bbox 3178 3448 3332 3504; x_wconf 91' lang='lat' dir='ltr'>idem</span> <span class='ocrx_word' id='word_1_535' title='bbox 3361 3454 3460 3503; x_wconf 88' lang='lat' dir='ltr'>est.</span> <span class='ocrx_word' id='word_1_536' title='bbox 3486 3448 3604 3502; x_wconf 84' lang='lat' dir='ltr'>Erat</span> <span class='ocrx_word' id='word_1_537' title='bbox 3627 3458 3740 3504; x_wconf 82' lang='lat' dir='ltr'>vero,</span> 
     </span>
    </p>
   </div>
   <div class='ocr_carea' id='block_1_37' title="bbox 512 3534 3742 3609">
    <p class='ocr_par' dir='ltr' id='par_1_37' title="bbox 512 3534 3742 3609">
     <span class='ocr_line' id='line_1_37' title="bbox 512 3534 3742 3609; baseline -0.001 -17"><span class='ocrx_word' id='word_1_538' title='bbox 512 3537 737 3609; x_wconf 90' lang='lat' dir='ltr'>quando</span> <span class='ocrx_word' id='word_1_539' title='bbox 768 3536 1015 3591; x_wconf 89' lang='lat' dir='ltr'>culmina</span> <span class='ocrx_word' id='word_1_540' title='bbox 1032 3536 1310 3590; x_wconf 89' lang='lat' dir='ltr'>virtutum</span> <span class='ocrx_word' id='word_1_541' title='bbox 1336 3534 1682 3606; x_wconf 67' lang='lat' dir='ltr'>designatln</span> <span class='ocrx_word' id='word_1_542' title='bbox 1696 3534 1839 3589; x_wconf 91' lang='lat' dir='ltr'>bono</span> <span class='ocrx_word' id='word_1_543' title='bbox 1862 3534 2109 3607; x_wconf 89' lang='lat' dir='ltr'>ponitur,</span> <span class='ocrx_word' id='word_1_544' title='bbox 2198 3534 2329 3605; x_wconf 90' lang='lat' dir='ltr'>quia</span> <span class='ocrx_word' id='word_1_545' title='bbox 2348 3540 2651 3606; x_wconf 89' lang='lat' dir='ltr'>antequam</span> <span class='ocrx_word' id='word_1_546' title='bbox 2667 3536 2735 3590; x_wconf 90' lang='lat' dir='ltr'>de</span> <span class='ocrx_word' id='word_1_547' title='bbox 2752 3535 2919 3591; x_wconf 87' lang='lat' dir='ltr'>beata</span> <span class='ocrx_word' id='word_1_548' title='bbox 2928 3536 3159 3608; x_wconf 87' lang='lat' dir='ltr'>Virgine</span> <span class='ocrx_word' id='word_1_549' title='bbox 3170 3544 3496 3592; x_wconf 88' lang='lat' dir='ltr'>nasceretur</span> <span class='ocrx_word' id='word_1_550' title='bbox 3506 3535 3557 3590; x_wconf 90' lang='lat' dir='ltr'>in</span> <span class='ocrx_word' id='word_1_551' title='bbox 3571 3539 3742 3601; x_wconf 84' lang='lat' dir='ltr'>tempo-</span> 
     </span>
    </p>
   </div>
   <div class='ocr_carea' id='block_1_38' title="bbox 511 3618 3745 3696">
    <p class='ocr_par' dir='ltr' id='par_1_38' title="bbox 511 3618 3745 3696">
     <span class='ocr_line' id='line_1_38' title="bbox 511 3618 3745 3696; baseline -0.003 -15"><span class='ocrx_word' id='word_1_552' title='bbox 511 3631 578 3681; x_wconf 90' lang='lat' dir='ltr'>ut</span> <span class='ocrx_word' id='word_1_553' title='bbox 602 3626 742 3681; x_wconf 90' lang='lat' dir='ltr'>illud</span> <span class='ocrx_word' id='word_1_554' title='bbox 770 3626 931 3682; x_wconf 85' lang='lat' dir='ltr'>Isaia</span> <span class='ocrx_word' id='word_1_555' title='bbox 966 3628 1092 3693; x_wconf 72' lang='lat' dir='ltr'>(Isa.</span> <span class='ocrx_word' id='word_1_556' title='bbox 1125 3640 1275 3691; x_wconf 79' lang='lat' dir='ltr'>Lvm,</span> <span class='ocrx_word' id='word_1_557' title='bbox 1308 3626 1398 3696; x_wconf 73' lang='lat' dir='ltr'>LX)</span> <span class='ocrx_word' id='word_1_558' title='bbox 1433 3643 1445 3677; x_wconf 94' lang='lat'>:</span> <span class='ocrx_word' id='word_1_559' title='bbox 1480 3628 1687 3680; x_wconf 85' lang='lat' dir='ltr'>Ponam</span> <span class='ocrx_word' id='word_1_560' title='bbox 1719 3630 1766 3679; x_wconf 88' lang='lat' dir='ltr'>te</span> <span class='ocrx_word' id='word_1_561' title='bbox 1821 3628 1884 3679; x_wconf 84' lang='lat' dir='ltr'>in</span> <span class='ocrx_word' id='word_1_562' title='bbox 1928 3641 2115 3694; x_wconf 85' lang='lat' dir='ltr'>super-</span> <span class='ocrx_word' id='word_1_563' title='bbox 2194 3636 2276 3687; x_wconf 82' lang='lat' dir='ltr'>re,</span> <span class='ocrx_word' id='word_1_564' title='bbox 2308 3629 2510 3677; x_wconf 86' lang='lat' dir='ltr'>cuncta</span> <span class='ocrx_word' id='word_1_565' title='bbox 2533 3639 2661 3677; x_wconf 90' lang='lat' dir='ltr'>cum</span> <span class='ocrx_word' id='word_1_566' title='bbox 2675 3624 2854 3678; x_wconf 86' lang='lat' dir='ltr'>Patre</span> <span class='ocrx_word' id='word_1_567' title='bbox 2892 3624 3025 3678; x_wconf 86' lang='lat' dir='ltr'>fecit</span> <span class='ocrx_word' id='word_1_568' title='bbox 3051 3630 3336 3695; x_wconf 88' lang='lat' dir='ltr'>tempora,</span> <span class='ocrx_word' id='word_1_569' title='bbox 3349 3626 3507 3696; x_wconf 83' lang='lat' dir='ltr'>juxta</span> <span class='ocrx_word' id='word_1_570' title='bbox 3525 3620 3670 3677; x_wconf 90' lang='lat' dir='ltr'>illud:</span> <span class='ocrx_word' id='word_1_571' title='bbox 3695 3618 3745 3673; x_wconf 84' lang='lat' dir='ltr'>In</span> 
     </span>
    </p>
   </div>
   <div class='ocr_carea' id='block_1_39' title="bbox 515 3713 3744 3783">
    <p class='ocr_par' dir='ltr' id='par_1_39' title="bbox 515 3713 3744 3783">
     <span class='ocr_line' id='line_1_39' title="bbox 515 3713 3744 3783; baseline -0.002 -13"><span class='ocrx_word' id='word_1_572' title='bbox 515 3717 663 3770; x_wconf 90' lang='lat' dir='ltr'>biam</span> <span class='ocrx_word' id='word_1_573' title='bbox 678 3718 1027 3770; x_wconf 56' lang='lat' dir='ltr'>seculorum.</span> <span class='ocrx_word' id='word_1_574' title='bbox 1045 3714 1349 3771; x_wconf 85' lang='lat' dir='ltr'>Suslollam</span> <span class='ocrx_word' id='word_1_575' title='bbox 1376 3718 1422 3767; x_wconf 85' lang='lat' dir='ltr'>te</span> <span class='ocrx_word' id='word_1_576' title='bbox 1441 3730 1606 3783; x_wconf 80' lang='lat' dir='ltr'>super</span> <span class='ocrx_word' id='word_1_577' title='bbox 1625 3716 1985 3768; x_wconf 76' lang='lat' dir='ltr'>altitudinem</span> <span class='ocrx_word' id='word_1_578' title='bbox 2012 3719 2116 3767; x_wconf 75' lang='grc' dir='ltr'>ιον·</span> <span class='ocrx_word' id='word_1_579' title='bbox 2189 3713 2472 3780; x_wconf 84' lang='lat' dir='ltr'>principio</span> <span class='ocrx_word' id='word_1_580' title='bbox 2488 3718 2607 3766; x_wconf 86' lang='lat' dir='ltr'>erat</span> <span class='ocrx_word' id='word_1_581' title='bbox 2636 3714 2861 3767; x_wconf 86' lang='lat' dir='ltr'>Verbum</span> <span class='ocrx_word' id='word_1_582' title='bbox 2882 3715 3119 3779; x_wconf 75' lang='lat' dir='ltr'>(Joan.I;;</span> <span class='ocrx_word' id='word_1_583' title='bbox 3143 3718 3226 3767; x_wconf 92' lang='lat' dir='ltr'>et:</span> <span class='ocrx_word' id='word_1_584' title='bbox 3265 3716 3466 3770; x_wconf 88' lang='lat' dir='ltr'>Omnia</span> <span class='ocrx_word' id='word_1_585' title='bbox 3488 3727 3580 3781; x_wconf 79' lang='lat' dir='ltr'>per</span> <span class='ocrx_word' id='word_1_586' title='bbox 3604 3714 3744 3778; x_wconf 73' lang='lat' dir='ltr'>ipsum</span> 
     </span>
    </p>
   </div>
   <div class='ocr_carea' id='block_1_40' title="bbox 510 3793 3743 3873">
    <p class='ocr_par' dir='ltr' id='par_1_40' title="bbox 510 3793 3743 3873">
     <span class='ocr_line' id='line_1_40' title="bbox 510 3793 3743 3873; baseline -0.003 -15"><span class='ocrx_word' id='word_1_587' title='bbox 510 3798 606 3859; x_wconf 75' lang='lat' dir='ltr'>rae.</span> <span class='ocrx_word' id='word_1_588' title='bbox 638 3804 981 3860; x_wconf 87' lang='lat' dir='ltr'>Altitudines</span> <span class='ocrx_word' id='word_1_589' title='bbox 1019 3808 1184 3858; x_wconf 84' lang='lat' dir='ltr'>terra</span> <span class='ocrx_word' id='word_1_590' title='bbox 1231 3808 1364 3857; x_wconf 89' lang='lat' dir='ltr'>sunt</span> <span class='ocrx_word' id='word_1_591' title='bbox 1386 3802 1610 3868; x_wconf 90' lang='lat' dir='ltr'>divitia,</span> <span class='ocrx_word' id='word_1_592' title='bbox 1640 3804 1901 3869; x_wconf 91' lang='lat' dir='ltr'>honores,</span> <span class='ocrx_word' id='word_1_593' title='bbox 1927 3802 2114 3873; x_wconf 82' lang='lat' dir='ltr'>digni-</span> <span class='ocrx_word' id='word_1_594' title='bbox 2194 3800 2988 3870; x_wconf 61' lang='lat' dir='ltr'>factasunttlbid.).Venturus</span> <span class='ocrx_word' id='word_1_595' title='bbox 3003 3807 3088 3856; x_wconf 90' lang='lat' dir='ltr'>est</span> <span class='ocrx_word' id='word_1_596' title='bbox 3103 3793 3743 3873; x_wconf 50' lang='lat' dir='ltr'>adjudiciumguxtaillud</span> 
     </span>
    </p>
   </div>
   <div class='ocr_carea' id='block_1_41' title="bbox 508 3886 3741 3964">
    <p class='ocr_par' dir='ltr' id='par_1_41' title="bbox 508 3886 3741 3964">
     <span class='ocr_line' id='line_1_41' title="bbox 508 3886 3741 3964; baseline -0.003 -17"><span class='ocrx_word' id='word_1_597' title='bbox 508 3897 678 3947; x_wconf 81' lang='lat' dir='ltr'>tales.</span> <span class='ocrx_word' id='word_1_598' title='bbox 711 3893 893 3964; x_wconf 89' lang='lat' dir='ltr'>Super</span> <span class='ocrx_word' id='word_1_599' title='bbox 914 3891 1353 3946; x_wconf 86' lang='lat' dir='ltr'>altitudineshas</span> <span class='ocrx_word' id='word_1_600' title='bbox 1374 3891 1524 3945; x_wconf 91' lang='lat' dir='ltr'>Deus</span> <span class='ocrx_word' id='word_1_601' title='bbox 1545 3890 1898 3961; x_wconf 90' lang='lat' dir='ltr'>omnipotens</span> <span class='ocrx_word' id='word_1_602' title='bbox 1928 3891 2115 3961; x_wconf 90' lang='lat' dir='ltr'>posuit</span> <span class='ocrx_word' id='word_1_603' title='bbox 2194 3889 2523 3959; x_wconf 88' lang='lat' dir='ltr'>angelorum</span> <span class='ocrx_word' id='word_1_604' title='bbox 2534 3890 2892 3961; x_wconf 89' lang='lat' dir='ltr'>promissum:</span> <span class='ocrx_word' id='word_1_605' title='bbox 2912 3890 3004 3946; x_wconf 89' lang='lat' dir='ltr'>Sic</span> <span class='ocrx_word' id='word_1_606' title='bbox 3024 3896 3201 3945; x_wconf 79' lang='lat' dir='ltr'>veniet</span> <span class='ocrx_word' id='word_1_607' title='bbox 3221 3890 3662 3960; x_wconf 85' lang='lat' dir='ltr'>quemadmodum</span> <span class='ocrx_word' id='word_1_608' title='bbox 3674 3886 3741 3939; x_wconf 79' lang='lat' dir='ltr'>vi-</span> 
     </span>
    </p>
   </div>
   <div class='ocr_carea' id='block_1_42' title="bbox 510 3975 3743 4051">
    <p class='ocr_par' dir='ltr' id='par_1_42' title="bbox 510 3975 3743 4051">
     <span class='ocr_line' id='line_1_42' title="bbox 510 3975 3743 4051; baseline -0.002 -15"><span class='ocrx_word' id='word_1_609' title='bbox 510 3981 762 4048; x_wconf 90' lang='lat' dir='ltr'>Petrum,</span> <span class='ocrx_word' id='word_1_610' title='bbox 804 3981 1064 4047; x_wconf 90' lang='lat' dir='ltr'>Paulum,</span> <span class='ocrx_word' id='word_1_611' title='bbox 1100 3986 1158 4035; x_wconf 86' lang='lat' dir='ltr'>et</span> <span class='ocrx_word' id='word_1_612' title='bbox 1205 3984 1436 4034; x_wconf 64' lang='lat' dir='ltr'>caeteros</span> <span class='ocrx_word' id='word_1_613' title='bbox 1477 3979 1574 4050; x_wconf 90' lang='lat' dir='ltr'>qui</span> <span class='ocrx_word' id='word_1_614' title='bbox 1621 3979 1865 4050; x_wconf 87' lang='lat' dir='ltr'>primum</span> <span class='ocrx_word' id='word_1_615' title='bbox 1915 3980 2113 4034; x_wconf 84' lang='lat' dir='ltr'>funda-</span> <span class='ocrx_word' id='word_1_616' title='bbox 2192 3978 2352 4032; x_wconf 84' lang='lat' dir='ltr'>distis</span> <span class='ocrx_word' id='word_1_617' title='bbox 2368 3996 2491 4033; x_wconf 85' lang='lat' dir='ltr'>eum</span> <span class='ocrx_word' id='word_1_618' title='bbox 2515 3986 2729 4034; x_wconf 82' lang='lat' dir='ltr'>euntem</span> <span class='ocrx_word' id='word_1_619' title='bbox 2757 3984 2821 4035; x_wconf 87' lang='lat' dir='ltr'>in</span> <span class='ocrx_word' id='word_1_620' title='bbox 2852 3984 3045 4036; x_wconf 66' lang='lat' dir='ltr'>caelum</span> <span class='ocrx_word' id='word_1_621' title='bbox 3076 3980 3285 4050; x_wconf 71' lang='lat' dir='ltr'>(AcM).</span> <span class='ocrx_word' id='word_1_622' title='bbox 3311 3975 3743 4051; x_wconf 71' lang='lat' dir='ltr'>Cumitaquehac</span> 
     </span>
    </p>
   </div>
   <div class='ocr_carea' id='block_1_43' title="bbox 512 4064 3742 4140">
    <p class='ocr_par' dir='ltr' id='par_1_43' title="bbox 512 4064 3742 4140">
     <span class='ocr_line' id='line_1_43' title="bbox 512 4064 3742 4140; baseline -0.002 -16"><span class='ocrx_word' id='word_1_623' title='bbox 512 4075 767 4126; x_wconf 88' lang='lat' dir='ltr'>mentum</span> <span class='ocrx_word' id='word_1_624' title='bbox 796 4069 1056 4125; x_wconf 84' lang='lat' dir='ltr'>Ecclesia</span> <span class='ocrx_word' id='word_1_625' title='bbox 1073 4070 1349 4139; x_wconf 89' lang='lat' dir='ltr'>jecerunt.</span> <span class='ocrx_word' id='word_1_626' title='bbox 1370 4067 1513 4121; x_wconf 88' lang='lat' dir='ltr'>Nam</span> <span class='ocrx_word' id='word_1_627' title='bbox 1534 4067 1679 4120; x_wconf 89' lang='lat' dir='ltr'>sicut</span> <span class='ocrx_word' id='word_1_628' title='bbox 1698 4083 1825 4121; x_wconf 90' lang='lat' dir='ltr'>cum</span> <span class='ocrx_word' id='word_1_629' title='bbox 1858 4075 2109 4122; x_wconf 86' lang='lat' dir='ltr'>montem</span> <span class='ocrx_word' id='word_1_630' title='bbox 2190 4083 2301 4121; x_wconf 90' lang='lat' dir='ltr'>non</span> <span class='ocrx_word' id='word_1_631' title='bbox 2316 4067 2423 4121; x_wconf 88' lang='lat' dir='ltr'>nisi</span> <span class='ocrx_word' id='word_1_632' title='bbox 2436 4068 3002 4140; x_wconf 88' lang='lat' dir='ltr'>soliFiliocongruere</span> <span class='ocrx_word' id='word_1_633' title='bbox 3014 4064 3742 4139; x_wconf 76' lang='lat' dir='ltr'>videantur,ethancgmtiam</span> 
     </span>
    </p>
   </div>
   <div class='ocr_carea' id='block_1_44' title="bbox 513 4151 3743 4232">
    <p class='ocr_par' dir='ltr' id='par_1_44' title="bbox 513 4151 3743 4232">
     <span class='ocr_line' id='line_1_44' title="bbox 513 4151 3743 4232; baseline -0.003 -18"><span class='ocrx_word' id='word_1_634' title='bbox 513 4158 766 4232; x_wconf 88' lang='lat' dir='ltr'>quisquis</span> <span class='ocrx_word' id='word_1_635' title='bbox 789 4158 1204 4224; x_wconf 88' lang='lat' dir='ltr'>conscendit,eo</span> <span class='ocrx_word' id='word_1_636' title='bbox 1225 4156 1510 4228; x_wconf 84' lang='lat' dir='ltr'>paulisper</span> <span class='ocrx_word' id='word_1_637' title='bbox 1532 4160 1735 4210; x_wconf 77' lang='lat' dir='ltr'>caetera</span> <span class='ocrx_word' id='word_1_638' title='bbox 1762 4156 2110 4227; x_wconf 88' lang='lat' dir='ltr'>subjacentia</span> <span class='ocrx_word' id='word_1_639' title='bbox 2191 4155 2436 4210; x_wconf 88' lang='lat' dir='ltr'>Ecclesia</span> <span class='ocrx_word' id='word_1_640' title='bbox 2471 4158 2756 4227; x_wconf 87' lang='lat' dir='ltr'>justorum</span> <span class='ocrx_word' id='word_1_641' title='bbox 2801 4174 2836 4211; x_wconf 89' lang='lat' dir='ltr'>a</span> <span class='ocrx_word' id='word_1_642' title='bbox 2866 4159 3035 4213; x_wconf 85' lang='lat' dir='ltr'>Patre</span> <span class='ocrx_word' id='word_1_643' title='bbox 3064 4163 3122 4213; x_wconf 91' lang='lat' dir='ltr'>et</span> <span class='ocrx_word' id='word_1_644' title='bbox 3172 4157 3321 4213; x_wconf 91' lang='lat' dir='ltr'>Filio</span> <span class='ocrx_word' id='word_1_645' title='bbox 3368 4165 3531 4229; x_wconf 87' lang='lat' dir='ltr'>atque</span> <span class='ocrx_word' id='word_1_646' title='bbox 3575 4151 3743 4227; x_wconf 82' lang='lat' dir='ltr'>Spiritu</span> 
     </span>
    </p>
   </div>
   <div class='ocr_carea' id='block_1_45' title="bbox 511 4245 3740 4319">
    <p class='ocr_par' dir='ltr' id='par_1_45' title="bbox 511 4245 3740 4319">
     <span class='ocr_line' id='line_1_45' title="bbox 511 4245 3740 4319; baseline -0.003 -17"><span class='ocrx_word' id='word_1_647' title='bbox 511 4247 767 4318; x_wconf 90' lang='lat' dir='ltr'>despicit,</span> <span class='ocrx_word' id='word_1_648' title='bbox 796 4263 905 4317; x_wconf 90' lang='lat' dir='ltr'>quo</span> <span class='ocrx_word' id='word_1_649' title='bbox 936 4246 1007 4301; x_wconf 89' lang='lat' dir='ltr'>ad</span> <span class='ocrx_word' id='word_1_650' title='bbox 1036 4245 1239 4299; x_wconf 86' lang='lat' dir='ltr'>altiora</span> <span class='ocrx_word' id='word_1_651' title='bbox 1272 4245 1398 4315; x_wconf 92' lang='lat' dir='ltr'>plus</span> <span class='ocrx_word' id='word_1_652' title='bbox 1418 4261 1646 4315; x_wconf 88' lang='lat' dir='ltr'>gressus</span> <span class='ocrx_word' id='word_1_653' title='bbox 1674 4245 1876 4311; x_wconf 88' lang='lat' dir='ltr'>tendit,</span> <span class='ocrx_word' id='word_1_654' title='bbox 1904 4246 1983 4300; x_wconf 88' lang='lat' dir='ltr'>ita</span> <span class='ocrx_word' id='word_1_655' title='bbox 2013 4246 2110 4317; x_wconf 90' lang='lat' dir='ltr'>qui</span> <span class='ocrx_word' id='word_1_656' title='bbox 2190 4250 2382 4299; x_wconf 90' lang='lat' dir='ltr'>sancto</span> <span class='ocrx_word' id='word_1_657' title='bbox 2392 4246 2787 4318; x_wconf 85' lang='lat' dir='ltr'>percipit,quia</span> <span class='ocrx_word' id='word_1_658' title='bbox 2813 4247 3462 4319; x_wconf 86' lang='lat' dir='ltr'>quoruminseparabilis</span> <span class='ocrx_word' id='word_1_659' title='bbox 3489 4245 3740 4304; x_wconf 79' lang='lat' dir='ltr'>estunitas,</span> 
     </span>
    </p>
   </div>
   <div class='ocr_carea' id='block_1_46' title="bbox 510 4331 3737 4408">
    <p class='ocr_par' dir='ltr' id='par_1_46' title="bbox 510 4331 3737 4408">
     <span class='ocr_line' id='line_1_46' title="bbox 510 4331 3737 4408; baseline -0.002 -19"><span class='ocrx_word' id='word_1_660' title='bbox 510 4334 880 4390; x_wconf 87' lang='lat' dir='ltr'>intentionem</span> <span class='ocrx_word' id='word_1_661' title='bbox 928 4333 1130 4388; x_wconf 88' lang='lat' dir='ltr'>nititur</span> <span class='ocrx_word' id='word_1_662' title='bbox 1176 4333 1348 4403; x_wconf 81' lang='lat' dir='ltr'>figere</span> <span class='ocrx_word' id='word_1_663' title='bbox 1392 4332 1451 4387; x_wconf 89' lang='lat' dir='ltr'>in</span> <span class='ocrx_word' id='word_1_664' title='bbox 1482 4333 1739 4401; x_wconf 89' lang='lat' dir='ltr'>summis,</span> <span class='ocrx_word' id='word_1_665' title='bbox 1771 4350 1836 4389; x_wconf 92' lang='lat' dir='ltr'>eo</span> <span class='ocrx_word' id='word_1_666' title='bbox 1865 4335 2109 4406; x_wconf 90' lang='lat' dir='ltr'>amplius</span> <span class='ocrx_word' id='word_1_667' title='bbox 2128 4334 2581 4408; x_wconf 56' lang='lat' dir='ltr'>l‘insepi&#39;irabilis</span> <span class='ocrx_word' id='word_1_668' title='bbox 2609 4342 2695 4390; x_wconf 91' lang='lat' dir='ltr'>est</span> <span class='ocrx_word' id='word_1_669' title='bbox 2724 4336 2896 4391; x_wconf 89' lang='lat' dir='ltr'>etiam</span> <span class='ocrx_word' id='word_1_670' title='bbox 2923 4335 3357 4408; x_wconf 89' lang='lat' dir='ltr'>operatio,quod</span> <span class='ocrx_word' id='word_1_671' title='bbox 3384 4336 3486 4391; x_wconf 91' lang='lat' dir='ltr'>sibi</span> <span class='ocrx_word' id='word_1_672' title='bbox 3516 4333 3619 4389; x_wconf 86' lang='lat' dir='ltr'>vult</span> <span class='ocrx_word' id='word_1_673' title='bbox 3642 4331 3737 4391; x_wconf 90' lang='lat' dir='ltr'>hoc,</span> 
     </span>
    </p>
   </div>
   <div class='ocr_carea' id='block_1_47' title="bbox 508 4417 3745 4498">
    <p class='ocr_par' dir='ltr' id='par_1_47' title="bbox 508 4417 3745 4498">
     <span class='ocr_line' id='line_1_47' title="bbox 508 4417 3745 4498; baseline -0.002 -19"><span class='ocrx_word' id='word_1_674' title='bbox 508 4429 736 4479; x_wconf 90' lang='lat' dir='ltr'>terrena</span> <span class='ocrx_word' id='word_1_675' title='bbox 763 4422 1019 4494; x_wconf 87' lang='lat' dir='ltr'>despicit,</span> <span class='ocrx_word' id='word_1_676' title='bbox 1052 4438 1161 4493; x_wconf 91' lang='lat' dir='ltr'>quo</span> <span class='ocrx_word' id='word_1_677' title='bbox 1192 4421 1432 4493; x_wconf 86' lang='lat' dir='ltr'>amplius</span> <span class='ocrx_word' id='word_1_678' title='bbox 1460 4421 1710 4477; x_wconf 87' lang='lat' dir='ltr'>elevatur</span> <span class='ocrx_word' id='word_1_679' title='bbox 1738 4424 1808 4478; x_wconf 90' lang='lat' dir='ltr'>ad</span> <span class='ocrx_word' id='word_1_680' title='bbox 1838 4424 2105 4491; x_wconf 71' lang='lat' dir='ltr'>coelestia,</span> <span class='ocrx_word' id='word_1_681' title='bbox 2129 4417 2174 4438; x_wconf 71' lang='grc' dir='ltr'>ν</span> <span class='ocrx_word' id='word_1_682' title='bbox 2193 4423 2341 4494; x_wconf 89' lang='lat' dir='ltr'>quod</span> <span class='ocrx_word' id='word_1_683' title='bbox 2354 4424 2709 4479; x_wconf 89' lang='lat' dir='ltr'>solummodo</span> <span class='ocrx_word' id='word_1_684' title='bbox 2736 4425 2947 4479; x_wconf 90' lang='lat' dir='ltr'>mentio</span> <span class='ocrx_word' id='word_1_685' title='bbox 2978 4424 3185 4480; x_wconf 84' lang='lat' dir='ltr'>titFilii</span> <span class='ocrx_word' id='word_1_686' title='bbox 3218 4427 3304 4480; x_wconf 90' lang='lat' dir='ltr'>vel</span> <span class='ocrx_word' id='word_1_687' title='bbox 3327 4426 3562 4498; x_wconf 89' lang='lat' dir='ltr'>Spiritus</span> <span class='ocrx_word' id='word_1_688' title='bbox 3581 4417 3745 4475; x_wconf 73' lang='lat' dir='ltr'>sancti?</span> 
     </span>
    </p>
   </div>
   <div class='ocr_carea' id='block_1_48' title="bbox 509 4503 3743 4585">
    <p class='ocr_par' dir='ltr' id='par_1_48' title="bbox 509 4503 3743 4585">
     <span class='ocr_line' id='line_1_48' title="bbox 509 4503 3743 4585; baseline -0.002 -17"><span class='ocrx_word' id='word_1_689' title='bbox 509 4518 568 4568; x_wconf 87' lang='lat' dir='ltr'>et</span> <span class='ocrx_word' id='word_1_690' title='bbox 591 4512 741 4584; x_wconf 89' lang='lat' dir='ltr'>quod</span> <span class='ocrx_word' id='word_1_691' title='bbox 768 4511 925 4585; x_wconf 90' lang='lat' dir='ltr'>prius</span> <span class='ocrx_word' id='word_1_692' title='bbox 953 4511 1010 4566; x_wconf 91' lang='lat' dir='ltr'>in</span> <span class='ocrx_word' id='word_1_693' title='bbox 1039 4511 1154 4566; x_wconf 91' lang='lat' dir='ltr'>imo</span> <span class='ocrx_word' id='word_1_694' title='bbox 1185 4510 1405 4583; x_wconf 91' lang='lat' dir='ltr'>positus</span> <span class='ocrx_word' id='word_1_695' title='bbox 1434 4528 1604 4583; x_wconf 88' lang='lat' dir='ltr'>super</span> <span class='ocrx_word' id='word_1_696' title='bbox 1626 4528 1685 4565; x_wconf 92' lang='lat' dir='ltr'>se</span> <span class='ocrx_word' id='word_1_697' title='bbox 1713 4512 2111 4583; x_wconf 90' lang='lat' dir='ltr'>credidit,post</span> <span class='ocrx_word' id='word_1_698' title='bbox 2192 4510 2301 4568; x_wconf 89' lang='lat' dir='ltr'>Sed</span> <span class='ocrx_word' id='word_1_699' title='bbox 2329 4511 2617 4566; x_wconf 85' lang='lat' dir='ltr'>sciendum</span> <span class='ocrx_word' id='word_1_700' title='bbox 2647 4513 2780 4583; x_wconf 88' lang='lat' dir='ltr'>quia</span> <span class='ocrx_word' id='word_1_701' title='bbox 2806 4529 2930 4568; x_wconf 91' lang='lat' dir='ltr'>mos</span> <span class='ocrx_word' id='word_1_702' title='bbox 2957 4520 3044 4568; x_wconf 89' lang='lat' dir='ltr'>est</span> <span class='ocrx_word' id='word_1_703' title='bbox 3072 4530 3244 4568; x_wconf 86' lang='lat' dir='ltr'>sacra</span> <span class='ocrx_word' id='word_1_704' title='bbox 3277 4514 3571 4585; x_wconf 79' lang='lat' dir='ltr'>Scriptura</span> <span class='ocrx_word' id='word_1_705' title='bbox 3595 4516 3650 4565; x_wconf 89' lang='lat' dir='ltr'>ut</span> <span class='ocrx_word' id='word_1_706' title='bbox 3671 4503 3743 4561; x_wconf 85' lang='lat' dir='ltr'>ubi</span> 
     </span>
    </p>
   </div>
   <div class='ocr_carea' id='block_1_49' title="bbox 507 4594 3746 4674">
    <p class='ocr_par' dir='ltr' id='par_1_49' title="bbox 507 4594 3746 4674">
     <span class='ocr_line' id='line_1_49' title="bbox 507 4594 3746 4674; baseline -0.003 -18"><span class='ocrx_word' id='word_1_707' title='bbox 507 4600 859 4656; x_wconf 85' lang='lat' dir='ltr'>ascendendo</span> <span class='ocrx_word' id='word_1_708' title='bbox 877 4599 1196 4672; x_wconf 80' lang='lat' dir='ltr'>proﬁciens,</span> <span class='ocrx_word' id='word_1_709' title='bbox 1222 4597 1326 4653; x_wconf 90' lang='lat' dir='ltr'>sub</span> <span class='ocrx_word' id='word_1_710' title='bbox 1346 4615 1406 4653; x_wconf 89' lang='lat' dir='ltr'>se</span> <span class='ocrx_word' id='word_1_711' title='bbox 1432 4616 1552 4654; x_wconf 90' lang='lat' dir='ltr'>esse</span> <span class='ocrx_word' id='word_1_712' title='bbox 1580 4601 1884 4671; x_wconf 88' lang='lat' dir='ltr'>cognoscit.</span> <span class='ocrx_word' id='word_1_713' title='bbox 1910 4599 1978 4655; x_wconf 91' lang='lat' dir='ltr'>In</span> <span class='ocrx_word' id='word_1_714' title='bbox 2002 4600 2109 4657; x_wconf 90' lang='lat' dir='ltr'>hac</span> <span class='ocrx_word' id='word_1_715' title='bbox 2189 4600 2359 4654; x_wconf 91' lang='lat' dir='ltr'>unius</span> <span class='ocrx_word' id='word_1_716' title='bbox 2390 4602 2454 4655; x_wconf 78' lang='lat' dir='ltr'>fit</span> <span class='ocrx_word' id='word_1_717' title='bbox 2502 4601 2715 4657; x_wconf 90' lang='lat' dir='ltr'>mentio</span> <span class='ocrx_word' id='word_1_718' title='bbox 2758 4619 3007 4674; x_wconf 87' lang='lat' dir='ltr'>persona</span> <span class='ocrx_word' id='word_1_719' title='bbox 3047 4604 3117 4657; x_wconf 89' lang='lat' dir='ltr'>de</span> <span class='ocrx_word' id='word_1_720' title='bbox 3143 4602 3449 4671; x_wconf 88' lang='lat' dir='ltr'>Trinitate,</span> <span class='ocrx_word' id='word_1_721' title='bbox 3479 4609 3589 4657; x_wconf 88' lang='lat' dir='ltr'>tota</span> <span class='ocrx_word' id='word_1_722' title='bbox 3612 4594 3746 4653; x_wconf 86' lang='lat' dir='ltr'>simul</span> 
     </span>
    </p>
   </div>
   <div class='ocr_carea' id='block_1_50' title="bbox 504 4684 3745 4763">
    <p class='ocr_par' dir='ltr' id='par_1_50' title="bbox 504 4684 3745 4763">
     <span class='ocr_line' id='line_1_50' title="bbox 504 4684 3745 4763; baseline -0.003 -17"><span class='ocrx_word' id='word_1_723' title='bbox 504 4689 654 4746; x_wconf 89' lang='lat' dir='ltr'>bona</span> <span class='ocrx_word' id='word_1_724' title='bbox 682 4690 927 4746; x_wconf 88' lang='lat' dir='ltr'>elatione</span> <span class='ocrx_word' id='word_1_725' title='bbox 948 4689 1204 4745; x_wconf 85' lang='lat' dir='ltr'>consistit</span> <span class='ocrx_word' id='word_1_726' title='bbox 1225 4689 1633 4761; x_wconf 87' lang='lat' dir='ltr'>Ecclesia,quia</span> <span class='ocrx_word' id='word_1_727' title='bbox 1659 4696 1887 4744; x_wconf 89' lang='lat' dir='ltr'>terrena</span> <span class='ocrx_word' id='word_1_728' title='bbox 1913 4690 2106 4744; x_wconf 90' lang='lat' dir='ltr'>omnia</span> <span class='ocrx_word' id='word_1_729' title='bbox 2188 4688 2432 4744; x_wconf 88' lang='lat' dir='ltr'>Trinitas</span> <span class='ocrx_word' id='word_1_730' title='bbox 2454 4690 2827 4760; x_wconf 89' lang='lat' dir='ltr'>intelligatur.</span> <span class='ocrx_word' id='word_1_731' title='bbox 2852 4692 2998 4762; x_wconf 89' lang='lat' dir='ltr'>Ergo</span> <span class='ocrx_word' id='word_1_732' title='bbox 3021 4691 3118 4746; x_wconf 91' lang='lat' dir='ltr'>ubi</span> <span class='ocrx_word' id='word_1_733' title='bbox 3146 4692 3206 4745; x_wconf 92' lang='lat' dir='ltr'>in</span> <span class='ocrx_word' id='word_1_734' title='bbox 3235 4708 3478 4763; x_wconf 89' lang='lat' dir='ltr'>persona</span> <span class='ocrx_word' id='word_1_735' title='bbox 3503 4688 3615 4745; x_wconf 87' lang='lat' dir='ltr'>Filii</span> <span class='ocrx_word' id='word_1_736' title='bbox 3635 4684 3745 4740; x_wconf 82' lang='lat' dir='ltr'>lide-</span> 
     </span>
    </p>
   </div>
   <div class='ocr_carea' id='block_1_51' title="bbox 504 4772 3746 4851">
    <p class='ocr_par' dir='ltr' id='par_1_51' title="bbox 504 4772 3746 4851">
     <span class='ocr_line' id='line_1_51' title="bbox 504 4772 3746 4851; baseline -0.002 -17"><span class='ocrx_word' id='word_1_737' title='bbox 504 4780 747 4846; x_wconf 88' lang='lat' dir='ltr'>calcans,</span> <span class='ocrx_word' id='word_1_738' title='bbox 795 4783 986 4834; x_wconf 90' lang='lat' dir='ltr'>mente</span> <span class='ocrx_word' id='word_1_739' title='bbox 1030 4778 1199 4833; x_wconf 81' lang='lat' dir='ltr'>calos</span> <span class='ocrx_word' id='word_1_740' title='bbox 1242 4776 1542 4844; x_wconf 90' lang='lat' dir='ltr'>inhabitat,</span> <span class='ocrx_word' id='word_1_741' title='bbox 1576 4777 1769 4833; x_wconf 91' lang='lat' dir='ltr'>dicens</span> <span class='ocrx_word' id='word_1_742' title='bbox 1799 4794 1929 4832; x_wconf 92' lang='lat' dir='ltr'>cum</span> <span class='ocrx_word' id='word_1_743' title='bbox 1961 4781 2107 4849; x_wconf 88' lang='lat' dir='ltr'>Apo-</span> <span class='ocrx_word' id='word_1_744' title='bbox 2186 4777 2335 4832; x_wconf 91' lang='lat' dir='ltr'>libus</span> <span class='ocrx_word' id='word_1_745' title='bbox 2367 4780 2612 4849; x_wconf 87' lang='lat' dir='ltr'>gratiam</span> <span class='ocrx_word' id='word_1_746' title='bbox 2643 4779 2891 4835; x_wconf 87' lang='lat' dir='ltr'>tribuere</span> <span class='ocrx_word' id='word_1_747' title='bbox 2917 4781 3165 4851; x_wconf 87' lang='lat' dir='ltr'>legentes</span> <span class='ocrx_word' id='word_1_748' title='bbox 3194 4774 3680 4847; x_wconf 87' lang='lat' dir='ltr'>audivimus,simul</span> <span class='ocrx_word' id='word_1_749' title='bbox 3702 4772 3746 4827; x_wconf 87' lang='lat' dir='ltr'>in</span> 
     </span>
    </p>
   </div>
   <div class='ocr_carea' id='block_1_52' title="bbox 505 4866 3746 4943">
    <p class='ocr_par' dir='ltr' id='par_1_52' title="bbox 505 4866 3746 4943">
     <span class='ocr_line' id='line_1_52' title="bbox 505 4866 3746 4943; baseline -0.001 -20"><span class='ocrx_word' id='word_1_750' title='bbox 505 4868 684 4923; x_wconf 87' lang='lat' dir='ltr'>stolo:</span> <span class='ocrx_word' id='word_1_751' title='bbox 718 4868 922 4923; x_wconf 83' lang='lat' dir='ltr'>Nostra</span> <span class='ocrx_word' id='word_1_752' title='bbox 954 4870 1293 4922; x_wconf 79' lang='lat' dir='ltr'>conversatio</span> <span class='ocrx_word' id='word_1_753' title='bbox 1325 4869 1387 4921; x_wconf 90' lang='lat' dir='ltr'>in</span> <span class='ocrx_word' id='word_1_754' title='bbox 1419 4868 1564 4921; x_wconf 74' lang='lat' dir='ltr'>caelis</span> <span class='ocrx_word' id='word_1_755' title='bbox 1593 4873 1670 4920; x_wconf 83' lang='lat' dir='ltr'>est</span> <span class='ocrx_word' id='word_1_756' title='bbox 1720 4868 1942 4937; x_wconf 86' lang='lat' dir='ltr'>(Philip.</span> <span class='ocrx_word' id='word_1_757' title='bbox 1992 4868 2103 4938; x_wconf 81' lang='lat' dir='ltr'>In).</span> <span class='ocrx_word' id='word_1_758' title='bbox 2186 4866 2311 4938; x_wconf 89' lang='lat' dir='ltr'>ipsa</span> <span class='ocrx_word' id='word_1_759' title='bbox 2338 4867 2566 4922; x_wconf 91' lang='lat' dir='ltr'>datione</span> <span class='ocrx_word' id='word_1_760' title='bbox 2586 4869 2813 4923; x_wconf 88' lang='lat' dir='ltr'>Patrem</span> <span class='ocrx_word' id='word_1_761' title='bbox 2851 4875 2911 4924; x_wconf 90' lang='lat' dir='ltr'>et</span> <span class='ocrx_word' id='word_1_762' title='bbox 2937 4870 3137 4925; x_wconf 89' lang='lat' dir='ltr'>Filium</span> <span class='ocrx_word' id='word_1_763' title='bbox 3162 4878 3220 4925; x_wconf 92' lang='lat' dir='ltr'>et</span> <span class='ocrx_word' id='word_1_764' title='bbox 3243 4872 3514 4943; x_wconf 73' lang='lat' dir='ltr'>Spiritum</span> <span class='ocrx_word' id='word_1_765' title='bbox 3534 4870 3746 4923; x_wconf 86' lang='lat' dir='ltr'>sanctum</span> 
     </span>
    </p>
   </div>
   <div class='ocr_carea' id='block_1_53' title="bbox 504 4953 3745 5030">
    <p class='ocr_par' dir='ltr' id='par_1_53' title="bbox 504 4953 3745 5030">
     <span class='ocr_line' id='line_1_53' title="bbox 504 4953 3745 5030; baseline -0.001 -19"><span class='ocrx_word' id='word_1_766' title='bbox 504 4956 665 5020; x_wconf 86' lang='lat' dir='ltr'>Quod</span> <span class='ocrx_word' id='word_1_767' title='bbox 681 4956 729 5011; x_wconf 90' lang='lat' dir='ltr'>si</span> <span class='ocrx_word' id='word_1_768' title='bbox 750 4957 922 5011; x_wconf 91' lang='lat' dir='ltr'>etiam</span> <span class='ocrx_word' id='word_1_769' title='bbox 941 4956 1241 5011; x_wconf 90' lang='lat' dir='ltr'>elationem</span> <span class='ocrx_word' id='word_1_770' title='bbox 1264 4955 1321 5009; x_wconf 92' lang='lat' dir='ltr'>in</span> <span class='ocrx_word' id='word_1_771' title='bbox 1343 4956 1683 5009; x_wconf 88' lang='lat' dir='ltr'>contrariam</span> <span class='ocrx_word' id='word_1_772' title='bbox 1705 4961 1923 5027; x_wconf 89' lang='lat' dir='ltr'>partem</span> <span class='ocrx_word' id='word_1_773' title='bbox 1945 4956 2108 5010; x_wconf 85' lang='lat' dir='ltr'>intel—</span> <span class='ocrx_word' id='word_1_774' title='bbox 2188 4953 2506 5027; x_wconf 87' lang='lat' dir='ltr'>intelligere</span> <span class='ocrx_word' id='word_1_775' title='bbox 2534 4956 2821 5013; x_wconf 90' lang='lat' dir='ltr'>debemus.</span> <span class='ocrx_word' id='word_1_776' title='bbox 2850 4959 3062 5014; x_wconf 89' lang='lat' dir='ltr'>Iterum</span> <span class='ocrx_word' id='word_1_777' title='bbox 3085 4961 3383 5030; x_wconf 70' lang='lat' dir='ltr'>quaeritur,</span> <span class='ocrx_word' id='word_1_778' title='bbox 3397 4974 3521 5015; x_wconf 91' lang='lat' dir='ltr'>cum</span> <span class='ocrx_word' id='word_1_779' title='bbox 3547 4956 3615 5011; x_wconf 89' lang='lat' dir='ltr'>sit</span> <span class='ocrx_word' id='word_1_780' title='bbox 3629 4966 3745 5008; x_wconf 81' lang='lat' dir='ltr'>unus</span> 
     </span>
    </p>
   </div>
   <div class='ocr_carea' id='block_1_54' title="bbox 509 5038 3747 5117">
    <p class='ocr_par' dir='ltr' id='par_1_54' title="bbox 509 5038 3747 5117">
     <span class='ocr_line' id='line_1_54' title="bbox 509 5038 3747 5117; baseline -0.002 -19"><span class='ocrx_word' id='word_1_781' title='bbox 509 5043 683 5115; x_wconf 88' lang='lat' dir='ltr'>ligere</span> <span class='ocrx_word' id='word_1_782' title='bbox 713 5044 1073 5111; x_wconf 88' lang='lat' dir='ltr'>voluerimus,</span> <span class='ocrx_word' id='word_1_783' title='bbox 1105 5061 1289 5115; x_wconf 89' lang='lat' dir='ltr'>neque</span> <span class='ocrx_word' id='word_1_784' title='bbox 1331 5045 1390 5098; x_wconf 90' lang='lat' dir='ltr'>in</span> <span class='ocrx_word' id='word_1_785' title='bbox 1424 5044 1530 5098; x_wconf 91' lang='lat' dir='ltr'>hoc</span> <span class='ocrx_word' id='word_1_786' title='bbox 1558 5061 1593 5098; x_wconf 90' lang='lat' dir='ltr'>a</span> <span class='ocrx_word' id='word_1_787' title='bbox 1631 5060 1769 5099; x_wconf 87' lang='lat' dir='ltr'>sano</span> <span class='ocrx_word' id='word_1_788' title='bbox 1813 5044 2106 5100; x_wconf 89' lang='lat' dir='ltr'>intellectu</span> <span class='ocrx_word' id='word_1_789' title='bbox 2191 5043 2434 5115; x_wconf 86' lang='lat' dir='ltr'>Spiritus</span> <span class='ocrx_word' id='word_1_790' title='bbox 2460 5046 2557 5116; x_wconf 88' lang='lat' dir='ltr'>qui</span> <span class='ocrx_word' id='word_1_791' title='bbox 2586 5047 2767 5117; x_wconf 83' lang='lat' dir='ltr'>replet</span> <span class='ocrx_word' id='word_1_792' title='bbox 2790 5046 2981 5101; x_wconf 87' lang='lat' dir='ltr'>orbem</span> <span class='ocrx_word' id='word_1_793' title='bbox 3006 5053 3313 5115; x_wconf 90' lang='lat' dir='ltr'>terrarum,</span> <span class='ocrx_word' id='word_1_794' title='bbox 3343 5065 3447 5103; x_wconf 92' lang='lat' dir='ltr'>cur</span> <span class='ocrx_word' id='word_1_795' title='bbox 3471 5038 3747 5102; x_wconf 77' lang='lat' dir='ltr'>Joannesin</span> 
     </span>
    </p>
   </div>
   <div class='ocr_carea' id='block_1_55' title="bbox 504 5131 3747 5208">
    <p class='ocr_par' dir='ltr' id='par_1_55' title="bbox 504 5131 3747 5208">
     <span class='ocr_line' id='line_1_55' title="bbox 504 5131 3747 5208; baseline -0.001 -21"><span class='ocrx_word' id='word_1_796' title='bbox 504 5131 836 5199; x_wconf 90' lang='lat' dir='ltr'>recedimus,</span> <span class='ocrx_word' id='word_1_797' title='bbox 863 5132 997 5203; x_wconf 92' lang='lat' dir='ltr'>quia</span> <span class='ocrx_word' id='word_1_798' title='bbox 1026 5133 1189 5188; x_wconf 89' lang='lat' dir='ltr'>multi</span> <span class='ocrx_word' id='word_1_799' title='bbox 1219 5150 1252 5187; x_wconf 88' lang='lat' dir='ltr'>a</span> <span class='ocrx_word' id='word_1_800' title='bbox 1282 5149 1384 5187; x_wconf 86' lang='lat' dir='ltr'>sua</span> <span class='ocrx_word' id='word_1_801' title='bbox 1414 5132 1678 5205; x_wconf 89' lang='lat' dir='ltr'>superbia</span> <span class='ocrx_word' id='word_1_802' title='bbox 1728 5132 1930 5203; x_wconf 89' lang='lat' dir='ltr'>dejecti</span> <span class='ocrx_word' id='word_1_803' title='bbox 1976 5141 2110 5190; x_wconf 89' lang='lat' dir='ltr'>sunt</span> <span class='ocrx_word' id='word_1_804' title='bbox 2189 5132 2294 5186; x_wconf 89' lang='lat' dir='ltr'>hac</span> <span class='ocrx_word' id='word_1_805' title='bbox 2316 5134 2654 5189; x_wconf 85' lang='lat' dir='ltr'>revelatione</span> <span class='ocrx_word' id='word_1_806' title='bbox 2676 5142 2892 5207; x_wconf 89' lang='lat' dir='ltr'>septem</span> <span class='ocrx_word' id='word_1_807' title='bbox 2917 5131 3747 5208; x_wconf 82' lang='lat' dir='ltr'>spiritusintroducit?nimirum</span> 
     </span>
    </p>
   </div>
   <div class='ocr_carea' id='block_1_56' title="bbox 508 5220 3748 5298">
    <p class='ocr_par' dir='ltr' id='par_1_56' title="bbox 508 5220 3748 5298">
     <span class='ocr_line' id='line_1_56' title="bbox 508 5220 3748 5298; baseline 0.001 -24"><span class='ocrx_word' id='word_1_808' title='bbox 508 5236 609 5294; x_wconf 91' lang='lat' dir='ltr'>per</span> <span class='ocrx_word' id='word_1_809' title='bbox 646 5220 890 5291; x_wconf 86' lang='lat' dir='ltr'>gratiam</span> <span class='ocrx_word' id='word_1_810' title='bbox 905 5221 1111 5275; x_wconf 88' lang='lat' dir='ltr'>Christi</span> <span class='ocrx_word' id='word_1_811' title='bbox 1138 5228 1312 5293; x_wconf 90' lang='lat' dir='ltr'>atque</span> <span class='ocrx_word' id='word_1_812' title='bbox 1330 5222 1630 5289; x_wconf 85' lang='lat' dir='ltr'>humiliati;</span> <span class='ocrx_word' id='word_1_813' title='bbox 1663 5222 1733 5276; x_wconf 88' lang='lat' dir='ltr'>ad</span> <span class='ocrx_word' id='word_1_814' title='bbox 1755 5239 1893 5293; x_wconf 90' lang='lat' dir='ltr'>quos</span> <span class='ocrx_word' id='word_1_815' title='bbox 1913 5224 2103 5289; x_wconf 85' lang='lat' dir='ltr'>etiam,</span> <span class='ocrx_word' id='word_1_816' title='bbox 2189 5229 2419 5294; x_wconf 89' lang='lat' dir='ltr'>propter</span> <span class='ocrx_word' id='word_1_817' title='bbox 2440 5226 2836 5296; x_wconf 88' lang='lat' dir='ltr'>septenariam,</span> <span class='ocrx_word' id='word_1_818' title='bbox 2874 5227 2931 5281; x_wconf 89' lang='lat' dir='ltr'>id</span> <span class='ocrx_word' id='word_1_819' title='bbox 2958 5233 3046 5282; x_wconf 90' lang='lat' dir='ltr'>est</span> <span class='ocrx_word' id='word_1_820' title='bbox 3066 5228 3429 5298; x_wconf 89' lang='lat' dir='ltr'>multiplicem</span> <span class='ocrx_word' id='word_1_821' title='bbox 3453 5227 3567 5295; x_wconf 89' lang='lat' dir='ltr'>ejus</span> <span class='ocrx_word' id='word_1_822' title='bbox 3591 5233 3748 5292; x_wconf 77' lang='lat' dir='ltr'>opera-</span> 
     </span>
    </p>
   </div>
   <div class='ocr_carea' id='block_1_57' title="bbox 507 5304 3747 5388">
    <p class='ocr_par' dir='ltr' id='par_1_57' title="bbox 507 5304 3747 5388">
     <span class='ocr_line' id='line_1_57' title="bbox 507 5304 3747 5388; baseline -0 -24"><span class='ocrx_word' id='word_1_823' title='bbox 507 5310 640 5384; x_wconf 88' lang='lat' dir='ltr'>quia</span> <span class='ocrx_word' id='word_1_824' title='bbox 656 5309 909 5364; x_wconf 89' lang='lat' dir='ltr'>membra</span> <span class='ocrx_word' id='word_1_825' title='bbox 927 5315 1060 5364; x_wconf 90' lang='lat' dir='ltr'>sunt</span> <span class='ocrx_word' id='word_1_826' title='bbox 1083 5311 1360 5373; x_wconf 81' lang='lat' dir='ltr'>Ecclesia,</span> <span class='ocrx_word' id='word_1_827' title='bbox 1385 5311 1504 5366; x_wconf 78' lang='lat' dir='ltr'>hac</span> <span class='ocrx_word' id='word_1_828' title='bbox 1532 5311 1779 5382; x_wconf 87' lang='lat' dir='ltr'>pertinet</span> <span class='ocrx_word' id='word_1_829' title='bbox 1806 5314 2097 5372; x_wconf 89' lang='lat' dir='ltr'>revelatio.</span> <span class='ocrx_word' id='word_1_830' title='bbox 2188 5313 2673 5384; x_wconf 85' lang='lat' dir='ltr'>tionem.Simplex</span> <span class='ocrx_word' id='word_1_831' title='bbox 2691 5315 2885 5387; x_wconf 86' lang='lat' dir='ltr'>itaque</span> <span class='ocrx_word' id='word_1_832' title='bbox 2915 5323 2999 5371; x_wconf 91' lang='lat' dir='ltr'>est</span> <span class='ocrx_word' id='word_1_833' title='bbox 3023 5317 3368 5388; x_wconf 86' lang='lat' dir='ltr'>proprietate</span> <span class='ocrx_word' id='word_1_834' title='bbox 3399 5304 3747 5377; x_wconf 81' lang='lat' dir='ltr'>natura,mul-</span> 
     </span>
    </p>
   </div>
   <div class='ocr_carea' id='block_1_58' title="bbox 509 5398 3742 5473">
    <p class='ocr_par' dir='ltr' id='par_1_58' title="bbox 509 5398 3742 5473">
     <span class='ocr_line' id='line_1_58' title="bbox 509 5398 3742 5473; baseline -0.001 -19"><span class='ocrx_word' id='word_1_835' title='bbox 509 5399 814 5472; x_wconf 87' lang='lat' dir='ltr'>Impletum</span> <span class='ocrx_word' id='word_1_836' title='bbox 845 5398 951 5453; x_wconf 87' lang='lat' dir='ltr'>hoc</span> <span class='ocrx_word' id='word_1_837' title='bbox 980 5400 1366 5469; x_wconf 88' lang='lat' dir='ltr'>cognoscimus</span> <span class='ocrx_word' id='word_1_838' title='bbox 1392 5402 1449 5454; x_wconf 87' lang='lat' dir='ltr'>in</span> <span class='ocrx_word' id='word_1_839' title='bbox 1480 5401 1675 5467; x_wconf 85' lang='lat' dir='ltr'>Paulo,</span> <span class='ocrx_word' id='word_1_840' title='bbox 1698 5401 1790 5471; x_wconf 90' lang='lat' dir='ltr'>qui</span> <span class='ocrx_word' id='word_1_841' title='bbox 1822 5403 1978 5472; x_wconf 87' lang='lat' dir='ltr'>prius</span> <span class='ocrx_word' id='word_1_842' title='bbox 1997 5404 2107 5458; x_wconf 86' lang='lat' dir='ltr'>fuit</span> <span class='ocrx_word' id='word_1_843' title='bbox 2188 5401 2358 5471; x_wconf 84' lang='lat' dir='ltr'>tiplex</span> <span class='ocrx_word' id='word_1_844' title='bbox 2389 5419 2519 5455; x_wconf 86' lang='lat' dir='ltr'>vero</span> <span class='ocrx_word' id='word_1_845' title='bbox 2543 5403 2860 5473; x_wconf 82' lang='lat' dir='ltr'>gratiarum</span> <span class='ocrx_word' id='word_1_846' title='bbox 2899 5405 3313 5460; x_wconf 83' lang='lat' dir='ltr'>distributione.</span> <span class='ocrx_word' id='word_1_847' title='bbox 3344 5404 3488 5458; x_wconf 87' lang='lat' dir='ltr'>Hinc</span> <span class='ocrx_word' id='word_1_848' title='bbox 3514 5400 3742 5456; x_wconf 86' lang='lat' dir='ltr'>Salomon</span> 
     </span>
    </p>
   </div>
   <div class='ocr_carea' id='block_1_59' title="bbox 506 5481 3744 5564">
    <p class='ocr_par' dir='ltr' id='par_1_59' title="bbox 506 5481 3744 5564">
     <span class='ocr_line' id='line_1_59' title="bbox 506 5481 3744 5564; baseline -0.001 -19"><span class='ocrx_word' id='word_1_849' title='bbox 506 5489 783 5563; x_wconf 87' lang='lat' dir='ltr'>superbus</span> <span class='ocrx_word' id='word_1_850' title='bbox 837 5490 1095 5545; x_wconf 83' lang='lat' dir='ltr'>Ecclesia</span> <span class='ocrx_word' id='word_1_851' title='bbox 1149 5495 1491 5562; x_wconf 89' lang='lat' dir='ltr'>persecutor,</span> <span class='ocrx_word' id='word_1_852' title='bbox 1535 5490 1737 5545; x_wconf 86' lang='lat' dir='ltr'>deinde</span> <span class='ocrx_word' id='word_1_853' title='bbox 1790 5490 1968 5544; x_wconf 82' lang='lat' dir='ltr'>factus</span> <span class='ocrx_word' id='word_1_854' title='bbox 2017 5496 2104 5545; x_wconf 92' lang='lat' dir='ltr'>est</span> <span class='ocrx_word' id='word_1_855' title='bbox 2186 5489 2321 5543; x_wconf 91' lang='lat' dir='ltr'>dicit</span> <span class='ocrx_word' id='word_1_856' title='bbox 2344 5491 2603 5545; x_wconf 87' lang='lat' dir='ltr'>eumdem</span> <span class='ocrx_word' id='word_1_857' title='bbox 2635 5492 2902 5563; x_wconf 89' lang='lat' dir='ltr'>spiritum</span> <span class='ocrx_word' id='word_1_858' title='bbox 2940 5494 3167 5548; x_wconf 85' lang='lat' dir='ltr'>unicum</span> <span class='ocrx_word' id='word_1_859' title='bbox 3195 5500 3252 5548; x_wconf 91' lang='lat' dir='ltr'>et</span> <span class='ocrx_word' id='word_1_860' title='bbox 3287 5490 3665 5564; x_wconf 89' lang='lat' dir='ltr'>multiplicem.</span> <span class='ocrx_word' id='word_1_861' title='bbox 3692 5481 3744 5537; x_wconf 74' lang='grc' dir='ltr'>ει</span> 
     </span>
    </p>
   </div>
   <div class='ocr_carea' id='block_1_60' title="bbox 454 5576 3744 5653">
    <p class='ocr_par' dir='ltr' id='par_1_60' title="bbox 454 5576 3744 5653">
     <span class='ocr_line' id='line_1_60' title="bbox 454 5576 3744 5653; baseline -0.001 -19"><span class='ocrx_word' id='word_1_862' title='bbox 454 5616 462 5627; x_wconf 70' lang='grc' dir='ltr'><em>ι</em></span> <span class='ocrx_word' id='word_1_863' title='bbox 505 5578 792 5651; x_wconf 88' lang='lat' dir='ltr'>piissimus</span> <span class='ocrx_word' id='word_1_864' title='bbox 810 5579 1165 5652; x_wconf 66' lang='lat' dir='ltr'>praedicator.</span> <span class='ocrx_word' id='word_1_865' title='bbox 1184 5581 1263 5636; x_wconf 89' lang='lat' dir='ltr'>De</span> <span class='ocrx_word' id='word_1_866' title='bbox 1286 5577 1543 5652; x_wconf 85' lang='lat' dir='ltr'>superbis</span> <span class='ocrx_word' id='word_1_867' title='bbox 1566 5579 1716 5634; x_wconf 89' lang='lat' dir='ltr'>enim</span> <span class='ocrx_word' id='word_1_868' title='bbox 1745 5584 1919 5650; x_wconf 88' lang='lat' dir='ltr'>atque</span> <span class='ocrx_word' id='word_1_869' title='bbox 1938 5577 2102 5634; x_wconf 89' lang='lat' dir='ltr'>elatis</span> <span class='ocrx_word' id='word_1_870' title='bbox 2183 5594 2220 5633; x_wconf 89' lang='lat' dir='ltr'>a</span> <span class='ocrx_word' id='word_1_871' title='bbox 2257 5585 2455 5648; x_wconf 81' lang='lat' dir='ltr'>septem</span> <span class='ocrx_word' id='word_1_872' title='bbox 2502 5582 2813 5650; x_wconf 81' lang='lat' dir='ltr'>spiritibus,</span> <span class='ocrx_word' id='word_1_873' title='bbox 2861 5599 2978 5652; x_wconf 72' lang='lat' dir='ltr'>qua:</span> <span class='ocrx_word' id='word_1_874' title='bbox 3018 5586 3082 5638; x_wconf 87' lang='lat' dir='ltr'>in</span> <span class='ocrx_word' id='word_1_875' title='bbox 3119 5586 3401 5653; x_wconf 82' lang='lat' dir='ltr'>conspectu</span> <span class='ocrx_word' id='word_1_876' title='bbox 3438 5579 3620 5636; x_wconf 80' lang='lat' dir='ltr'>throni</span> <span class='ocrx_word' id='word_1_877' title='bbox 3650 5576 3744 5643; x_wconf 60' lang='lat' dir='ltr'>ejus</span> 
     </span>
    </p>
   </div>
  </div>
