3992 6166
232 260 337 347 935

1156 267 1537 327 EXPOSITIO
1570 267 1651 324 IN
1679 266 2207 325 APOCALYPSIN.
2238 297 2310 312 —
2340 269 2481 327 LIB.
2506 269 2553 325 Ι.

3410 214 3605 351 Μὶμ

232 360 383 445 sunt.
414 389 675 446 Thronus
713 388 820 445 Dei
861 394 995 445 sunt
1030 391 1217 463 angeli
1255 394 1436 449 sancti
1474 399 1532 449 et
1574 392 2222 454 hominesAsurrexisse
2263 395 2350 449 vel
2383 392 2585 449 vixisse
2626 390 2989 464 computandi
3030 372 3183 449 sunt.
3231 390 3334 453 Ille
3379 407 3515 465 ergo

227 478 389 549 justi,
423 479 482 533 in
531 494 771 550 quorum
816 479 1099 534 mentibus
1148 497 1250 551 per
1293 482 1461 537 ﬁdem
1514 481 1839 553 requiescit-

230 567 390 622 Unde
411 572 498 621 est
521 585 533 621 :
559 567 767 623 Anima
788 570 939 635 justi
957 570 1103 623 sedes
1130 574 1205 622 est
1225 573 1508 637 sapientiai
1533 571 1687 640 (Sap.
1717 568 1839 638 vn).

229 655 292 710 In
320 657 497 726 cujus
524 655 713 710 throni
742 661 1044 727 conspectu
1068 657 1315 728 Spiritus
1337 663 1564 713 sanctus
1585 663 1688 723 est,
1713 658 1845 729 quia

227 743 286 799 in
316 749 644 799 sanctorum
694 745 967 799 memoria
992 748 1083 816 (ut
1121 746 1383 816 diximus)
1415 747 1735 819 requiescit,
1770 752 1826 801 et

225 831 354 888 illos
382 833 649 905 possidet,
682 850 989 905 eorumque
1017 851 1187 906 opera
1215 835 1482 907 disponit,
1514 841 1572 891 et
1608 836 1680 891 ad
1724 835 1828 890 Dei

225 938 479 977 amorem
511 927 569 977 et
604 922 988 995 proximorum
1028 924 1284 979 accendit
1328 925 1708 989 dilectionem,
1756 925 1828 980 ad

226 1026 394 1082 quem
424 1011 597 1066 etiam
629 1011 949 1083 specialiter
977 1013 1237 1068 remissio
1282 1008 1525 1086 pertinet
1565 1018 1827 1086 peccato-

224 1113 378 1166 rum,
408 1115 532 1170 quaz
568 1099 634 1154 ﬁt
661 1099 719 1153 in
751 1099 1084 1172 baptismate
1116 1116 1286 1172 opere
1325 1103 1568 1174 Spiritus
1605 1103 1825 1171 sancti;

221 1186 374 1242 unde
418 1188 691 1243 Dominus
730 1188 865 1243 dicit
906 1190 1177 1261 apostolis
1222 1210 1234 1245 :
1269 1193 1508 1261 Accipite
1549 1193 1832 1261 Spiritum

220 1281 479 1331 sanctum
510 1296 527 1331 :
559 1294 798 1348 quorum
823 1281 1150 1334 remiseritis
1171 1286 1410 1349 peccata,
1454 1284 1832 1335 remittuntur

219 1368 297 1419 eis
322 1367 509 1435 (Joan.
533 1368 645 1436 xx).
685 1367 871 1433 Quare
900 1373 1117 1440 septem
1158 1368 1389 1441 spiritus
1418 1369 1699 1436 dicantur,
1733 1386 1831 1425 su-

218 1454 540 1525 pradictum
571 1460 673 1510 est.

1922 482 2331 553 primogenitus
2353 487 2707 537 mortuorum
2727 486 2879 535 recte
2890 486 3138 547 vocatur,
3157 482 3288 552 quia
3308 481 3388 535 sic
3398 498 3520 535 sur-

1923 571 2069 624 rexit
2093 587 2126 624 a
2155 572 2411 632 mortuis,
2444 575 2510 625 ut
2538 571 2688 624 ultra
2719 586 2832 624 non
2862 575 3203 627 moreretur.
3242 571 3437 625 Potest
3464 572 3523 624 et

1924 660 2094 713 aliter
2120 660 2358 731 intelligi
2382 678 2393 714 :
2424 676 2620 714 omnes
2641 659 2799 713 electi
2820 658 2915 730 qui
2935 675 2996 713 se
3021 654 3523 725 mortiﬁcant,cum

1925 747 2074 802 vitiis
2124 754 2182 803 et
2207 749 2470 820 peccatis,
2501 752 2558 803 et
2592 748 2907 819 voluptates
2934 748 3119 802 carnis
3162 747 3220 802 in
3273 764 3334 802 se
3371 747 3521 803 occi-

1926 837 2088 903 dunt,
2119 837 2328 892 mortui
2358 842 2492 893 sunt
2518 841 2769 909 peccato,
2801 840 2858 891 et
2893 836 3089 891 vivunt
3122 837 3239 891 Deo
3278 851 3520 907 quorum

1917 926 2329 998 primogenitus
2358 926 2527 997 digne
2566 930 2799 981 vocatur
2840 925 3115 988 Christus,
3150 925 3283 997 quia
3320 940 3522 996 pecca-

1911 1018 2033 1068 tum
2083 1031 2195 1069 non
2244 1015 2398 1082 fecit,
2442 1021 2500 1069 et
2550 1014 3042 1070 mortiﬁcationem
3099 1014 3227 1070 vita:
3275 1012 3519 1069 carnalis

1919 1103 2182 1158 ostendit.
2215 1104 2283 1158 Et
2305 1107 2563 1173 princeps
2582 1120 2776 1173 regum
2808 1109 2982 1157 terres.
3008 1102 3190 1173 Reges
3220 1107 3387 1157 terra
3416 1117 3518 1173 ap-

1918 1192 2203 1263 pellantur
2227 1208 2423 1247 omnes
2461 1193 2623 1247 electi
2649 1192 2745 1264 qui
2774 1192 3036 1247 vitiorum
3066 1191 3428 1263 tyrannidem
3457 1190 3517 1245 in

1914 1297 1974 1335 se
2004 1297 2345 1352 consurgere
2374 1297 2487 1336 non
2511 1280 2724 1347 sinunt,
2752 1281 2852 1335 sed
2881 1280 2961 1334 eis
2984 1281 3115 1351 jure
3145 1280 3511 1334 damnantur.

1914 1365 2158 1424 Possunt
2193 1374 2381 1425 autem
2412 1377 2470 1425 et
2499 1386 2661 1441 reges
2697 1374 2863 1424 terrae
2906 1368 3227 1440 specialiter
3269 1367 3511 1438 intelligi

1911 1459 2329 1531 praedicatores,
2362 1460 2458 1531 qui
2488 1459 2625 1514 dum
2672 1458 2842 1513 corda
2884 1456 3194 1512 carnalium
3236 1472 3271 1511 a
3316 1456 3513 1527 pravi-

217 1612 224 1618 .
291 1545 363 1599 Et
389 1560 425 1598 a
453 1546 582 1599 Jesu
626 1545 862 1613 Christo,
892 1549 991 1616 qui
1027 1552 1102 1601 est
1143 1550 1290 1602 testis
1327 1548 1520 1616 ﬁdelis.
1569 1547 1715 1612 Quia
1759 1547 1828 1601 de
1911 1552 2028 1602 tate
2054 1548 2425 1620 restringunt,
2460 1564 2631 1620 super
2656 1552 2867 1602 terram
2897 1551 2961 1601 ut
3007 1562 3170 1617 reges
3212 1545 3514 1616 imperant,

222 1632 449 1688 Christo
478 1637 602 1688 erat
624 1633 789 1705 plura
829 1635 1142 1703 locuturus,
1193 1635 1400 1691 iterum
1452 1635 1659 1707 repetit
1705 1636 1828 1706 ejus
1910 1641 2175 1692 caeterum
2232 1638 2395 1691 bonis
2436 1642 2495 1692 et
2541 1635 2929 1708 spiritualibus
2969 1634 3107 1689 viris
3155 1634 3215 1689 in
3256 1634 3412 1689 nullo
3455 1648 3518 1689 se

222 1737 550 1794 personam,
572 1723 764 1777 dicens
796 1741 808 1778 :
854 1723 925 1777 Et
955 1739 988 1777 a
1016 1724 1044 1778 J
1051 1740 1149 1778 esu
1170 1724 1413 1790 Christo,
1439 1724 1535 1796 qui
1564 1730 1652 1779 est
1675 1724 1837 1780 testis
1854 1711 2239 1798 Bpraeferunt.
2268 1726 2411 1781 Hinc
2437 1730 2524 1781 est
2552 1725 2699 1797 quod
2740 1725 2942 1780 Petrus
2980 1723 3238 1779 Cornelio
3272 1738 3333 1777 se
3380 1737 3519 1777 coae-

223 1811 434 1881 ﬁdelis,
463 1812 521 1866 id
554 1817 637 1867 est
658 1828 843 1878 verax,
877 1813 1144 1883 quoniam
1183 1813 1339 1867 Patri
1374 1812 1631 1885 perhibet
1669 1813 1833 1869 testi-

223 1900 503 1967 monium,
536 1901 727 1956 dicens
752 1902 961 1957 Iudaeis
995 1920 1007 1956 :
1040 1904 1206 1957 Pater
1234 1906 1296 1956 in
1334 1919 1419 1957 me
1448 1919 1698 1969 manens,
1724 1906 1834 1972 ipse

220 1990 362 2057 facit
382 2004 546 2058 opera
584 1991 770 2061 (Joan.
801 1994 908 2053 xiv)
937 2010 950 2058 ;
984 1995 1042 2046 et
1076 2008 1087 2045 :
1116 1992 1238 2046 Ha’c
1267 1995 1342 2045 est
1372 1994 1487 2045 vita
1517 1997 1741 2058 eterna,
1770 1996 1834 2046 ut

217 2083 549 2146 cognoscant
573 2083 619 2132 te
648 2081 833 2151 (Joan.
867 2084 995 2139 vaI)
1020 2097 1036 2147 ;
1066 2084 1123 2135 et
1146 2097 1160 2133 :
1183 2080 1274 2136 Sic
1293 2082 1434 2135 Deus
1454 2081 1651 2135 dilexit
1673 2097 1836 2135 mun-

217 2166 381 2232 dum,
412 2171 483 2233 ut,
504 2169 712 2222 Filium
734 2185 899 2222 suum
931 2172 1287 2235 unigenitum
1305 2171 1463 2224 daret
1495 2171 1684 2241 (Joan.
1714 2171 1830 2240 in);

218 2258 277 2308 et
307 2272 321 2307 :
356 2256 467 2323 Ego
507 2272 542 2309 a
572 2261 774 2326 meipso
805 2273 914 2311 non
943 2260 1070 2311 veni
1094 2259 1279 2327 (Joan.
1304 2262 1437 2328 vn);
1467 2263 1524 2313 et
1543 2259 1724 2313 multa
1744 2257 1834 2312 his

223 2342 456 2398 similia.
492 2344 598 2398 Sed
632 2345 777 2399 sicut
807 2345 981 2399 Filius
1012 2350 1099 2399 est
1125 2345 1289 2400 testis
1318 2346 1519 2413 ﬁdelis,
1552 2347 1634 2401 ita
1662 2346 1833 2401 etiam

221 2432 418 2499 Pater,
450 2432 530 2487 ita
574 2438 633 2487 et
677 2433 920 2504 Spiritus
970 2439 1216 2489 sanctus.
1262 2435 1359 2489 Ait
1387 2435 1535 2489 enim
1565 2436 1733 2490 Pater
1762 2436 1831 2490 de

222 2520 391 2585 Filio,
411 2521 795 2578 testimonium
817 2522 898 2576 illi
917 2523 1216 2594 perhibens
1239 2542 1253 2579 :
1282 2526 1379 2579 llic
1394 2528 1469 2577 est
1487 2525 1662 2578 Filius
1678 2541 1830 2579 meus

217 2610 475 2674 dilectus,
509 2614 573 2666 in
600 2627 706 2681 quo
748 2613 894 2666 mihi
939 2616 1249 2681 complacui
1277 2613 1497 2683 (Matth.
1531 2616 1634 2682 ιιι).
1671 2612 1832 2685 Ipse-

218 2715 333 2770 que
361 2699 537 2754 Filius
588 2700 658 2755 de
699 2700 914 2771 Spiritu
962 2701 1223 2773 perhibet
1266 2702 1650 2757 testimonium
1700 2719 1837 2756 cum

215 2788 362 2842 dicit
388 2806 400 2839 :
429 2789 678 2859 Spiritus
705 2792 900 2858 estqui
922 2793 1161 2857 viviﬁcat
1186 2791 1371 2860 (Joan.
1403 2790 1478 2859 VI)
1510 2810 1523 2858 ;
1560 2795 1620 2845 et
1647 2809 1658 2844 :
1694 2791 1816 2859 Spi-

214 2880 368 2931 ritus
399 2880 499 2931 ubi
516 2882 636 2933 uult
669 2882 847 2947 spirat
868 2880 1050 2950 (Joan.
1082 2885 1199 2946 m);
1232 2884 1322 2933 et:
1358 2882 1677 2934 Paracletus
1705 2883 1821 2949 ipse

212 2982 305 3020 vos
345 2967 550 3020 docebit
579 2972 770 3022 omnia
797 2969 983 3039 (Joan.
1006 2972 1140 3037 xw).
1176 2967 1419 3038 Spiritus
1443 2985 1667 3040 quoque
1697 2985 1823 3023 san-

219 3058 348 3110 ctus
369 3055 438 3110 de
457 3054 597 3111 Filio
618 3056 1007 3112 testimonium
1024 3056 1159 3112 dicit
1174 3055 1321 3127 quod
1342 3057 1416 3111 sit
1433 3057 1659 3124 veritas,
1682 3057 1826 3112 sicut

213 3144 495 3215 scriptum
527 3150 610 3199 est
640 3163 651 3198 :
686 3146 935 3215 Spiritus
966 3151 1041 3199 est
1069 3148 1169 3214 qui
1190 3148 1537 3213 testiﬁcatur,
1561 3149 1827 3214 quoniam

216 3232 475 3287 Christus
503 3240 578 3288 est
608 3237 811 3288 veritas
842 3235 896 3305 (1
920 3236 1081 3291 Joan.
1100 3234 1149 3302 v)
1176 3253 1189 3302 ;
1222 3240 1279 3288 et
1293 3234 1413 3305 ipse
1433 3234 1609 3289 Filius
1638 3234 1776 3289 dicit
1804 3254 1815 3289 :

1915 1816 2139 1885 qualem
2168 1814 2381 1869 fatetur
2406 1815 2545 1881 (Act.
2579 1815 2665 1881 x);
2699 1812 2933 1868 Ananiae
2964 1827 3092 1866 vero
3113 1811 3360 1865 animam
3387 1810 3513 1881 gla-

1913 1904 2007 1958 dio
2037 1903 2189 1958 verbi
2217 1902 2447 1974 perimit
2472 1902 2616 1974 (Act.
2652 1900 2735 1972 v).

1996 1992 2299 2048 Sciendum
2328 1996 2415 2046 est
2456 1995 2646 2045 autem
2676 1990 2810 2061 quia
2836 1990 3231 2061 praedicatores
3255 1987 3517 2044 Ecclesiae

1917 2081 2088 2136 etiam
2110 2080 2247 2153 ipsis
2266 2079 2584 2135 carnalibus
2604 2079 2687 2133 ita
2705 2079 2985 2133 dominari
3004 2082 3298 2151 appetunt,
3323 2081 3517 2149 quate-

1916 2185 2025 2225 nus
2053 2175 2109 2224 et
2127 2169 2571 2240 compassionem
2598 2173 2835 2232 naturae,
2859 2172 2917 2222 et
2934 2167 3083 2221 vitiis
3111 2166 3512 2222 rectitudinem

1916 2259 2234 2314 exhibeant.
2252 2259 2461 2313 Eorum
2480 2258 2673 2328 itaque
2694 2257 2956 2328 princeps
2979 2261 3065 2310 est
3107 2256 3388 2322 Christus,
3414 2253 3513 2325 qui

1917 2354 2005 2404 est
2032 2365 2129 2403 rex
2155 2364 2377 2418 regum,
2406 2352 2465 2402 et
2508 2346 2783 2402 Dominus
2819 2344 3253 2410 dominantium,
3285 2343 3357 2398 de
3403 2359 3514 2414 quo

1914 2438 2099 2492 adhuc
2124 2436 2383 2507 sequitur
2416 2454 2429 2489 :
2461 2437 2568 2503 Qui
2593 2436 2790 2489 dilexit
2813 2450 2931 2497 nos,
2961 2439 3010 2488 et
3043 2435 3178 2488 lavit
3206 2449 3304 2487 nos
3330 2448 3366 2486 a
3386 2447 3514 2502 pec-

1916 2530 2052 2581 catis
2078 2529 2282 2580 nostris
2308 2526 2370 2578 in
2385 2528 2659 2592 sanguine
2685 2540 2803 2581 suo.
2827 2523 2949 2587 Quo
2971 2521 3120 2576 enim
3138 2521 3516 2576 amoreFilius

1917 2614 2016 2669 Dei
2042 2630 2144 2668 nos
2175 2612 2450 2676 dilexerit,
2494 2610 2782 2683 passiones
2829 2609 2982 2664 illius
3023 2608 3329 2665 ostendunt
3374 2623 3515 2679 quas

1912 2719 2013 2775 pro
2035 2702 2198 2757 nobis
2226 2700 2478 2772 pertulit.
2513 2700 2594 2754 De
2613 2700 2719 2753 hac
2747 2698 3047 2752 dilectione
3064 2697 3146 2751 ait
3162 2696 3464 2768 Apostolus
3495 2714 3508 2758 ;

1915 2793 2166 2848 Christus
2193 2792 2388 2845 dilexit
2427 2790 2744 2854 Ecclesiam,
2785 2791 2835 2841 et
2887 2786 3121 2840 tradidit
3163 2787 3513 2853 semetipsum

1914 2897 2014 2950 pro
2040 2897 2102 2935 ea
2134 2881 2350 2950 (Ephes.
2382 2886 2459 2950 v).
2492 2878 2579 2933 Ad
2600 2878 2760 2947 cujus
2791 2876 2963 2930 etiam
2993 2874 3351 2930 dilectionem
3378 2864 3514 2928 imié

1914 2970 2143 3024 tandem
2168 2969 2433 3024 hortatur
2446 2967 2658 3033 ﬁdeles,
2691 2966 2887 3021 dicens
2921 2985 2933 3020 :
2963 2963 3264 3020 Ambulate
3290 2962 3350 3018 in
3368 2962 3507 3018 dileo

1910 3061 2095 3113 ctione
2126 3058 2272 3113 sicut
2300 3063 2358 3113 et
2387 3056 2647 3113 Christus
2679 3055 2875 3111 dilexit
2909 3071 3033 3122 nos,
3066 3058 3125 3109 et
3149 3052 3386 3108 tradidit
3414 3068 3506 3107 se-

1910 3146 2212 3218 metipsum
2231 3162 2332 3218 pro
2351 3144 2539 3213 nobis;
2572 3144 2767 3199 dilexit
2792 3148 2983 3198 autem
3017 3158 3120 3197 nos
3156 3141 3392 3214 pulcher
3412 3140 3511 3195 fm-

1909 3236 2029 3301 dos,
2052 3236 2179 3308 pius
2198 3236 2421 3307 impios,
2441 3233 2564 3288 sine
2584 3237 2811 3305 peccato
2829 3236 3172 3304 peccatores,
3188 3246 3295 3285 nec
3312 3227 3509 3302 quales

212 3323 319 3377 Ille
345 3325 725 3377 testimonium
748 3323 1053 3393 perhibebit
1081 3325 1145 3377 de
1184 3340 1267 3377 me
1293 3322 1476 3394 (Joan.
1526 3327 1634 3392 xv).
1662 3324 1823 3379 Unde
1910 3341 2134 3380 eramus
2164 3340 2268 3378 nos
2297 3322 2510 3388 dilexit,
2540 3322 2638 3376 sed
2669 3322 2864 3393 quales
2891 3321 3016 3391 ipsa
3060 3319 3359 3375 dilectione
3401 3334 3507 3374 nos

217 3410 514 3466 sciendum
538 3416 624 3466 est
645 3411 777 3483 quia
796 3411 942 3467 sicut
962 3412 1021 3466 hi
1039 3417 1156 3466 tres
1176 3428 1353 3467 unum
1374 3412 1610 3479 sunt,sic
1629 3428 1822 3467 eorum
1906 3413 2077 3479 fecit;
2129 3412 2278 3467 unde
2324 3417 2383 3467 et
2421 3410 2685 3466 subditur
2717 3429 2729 3464 :
2765 3416 2824 3465 et
2874 3409 3013 3465 lavit
3055 3426 3159 3464 nos
3196 3425 3232 3463 a
3259 3407 3502 3481 peccatis

210 3499 606 3554 testimonium
630 3500 861 3555 unicum
880 3506 984 3565 est,
1019 3517 1342 3571 quanquam
1391 3501 1624 3556 alterius
1670 3501 1826 3556 testi-
1908 3502 2185 3557 nostrisin
2204 3501 2478 3573 sanguine
2498 3497 2744 3554 suo.Iste
2764 3502 2821 3553 et
2839 3514 3000 3554 amor
3018 3497 3319 3553 ineﬁ'abilis
3338 3502 3396 3552 et
3413 3495 3507 3551 in-

211 3588 1254 3661 monioalterinsinuetur.Specialiter
1271 3594 1461 3644 autem
1475 3589 1651 3645 Filius
1665 3590 1824 3645 testis
1908 3589 2448 3662 comprehensibilis,
2480 3588 2614 3660 quia
2645 3604 2772 3642 cum
2820 3604 2922 3658 pro
2960 3587 3114 3658 justo
3160 3585 3248 3639 vix
3296 3583 3501 3656 aliquis

210 3682 467 3744 vocatur,
506 3679 639 3749 quia
692 3695 794 3750 pro
850 3679 1175 3734 testimonio
1230 3680 1485 3733 veritatis
1526 3696 1707 3750 usque
1752 3678 1824 3733 ad
1908 3680 2201 3745 moriatur,
2224 3678 2485 3734 Christus
2512 3677 2819 3732 secundum
2854 3681 3080 3747 tempus
3124 3678 3381 3728 mortuus
3415 3676 3505 3727 est

213 3771 466 3821 mortem
485 3768 740 3838 pervenit
759 3769 965 3834 carnis,
1000 3767 1133 3839 quia
1155 3772 1353 3822 etcum
1377 3768 1559 3822 omnis
1579 3768 1825 3823 Ecclesia
1906 3785 2007 3840 pro
2039 3768 2249 3839 impiis,
2282 3772 2348 3821 ut
2375 3782 2478 3820 nos
2507 3766 2735 3821 offerret
2774 3764 2912 3829 Deo,
2938 3765 3128 3834 justus
3159 3761 3354 3833 utique
3396 3776 3499 3833 pro

211 3854 276 3910 in
306 3855 771 3926 praedicatoribus
800 3857 1022 3912 Christo
1052 3857 1437 3911 testimonium
1467 3856 1816 3928 perhibebat,
1904 3858 2147 3928 injustis.
2172 3857 2242 3911 Et
2259 3872 2387 3910 cum
2407 3870 2656 3909 essemus
2675 3853 2942 3909 maculati
2966 3851 3202 3916 delictis,
3234 3850 3371 3906 lavit
3397 3866 3502 3906 nos

208 3942 298 3997 illi
326 3944 649 4016 specialiter
675 3951 849 4001 testes
890 3950 1177 4013 vocantur,
1212 3945 1308 4017 qui
1345 3962 1446 4017 pro
1479 3945 1689 4000 Christi
1718 3961 1819 3999 no-
1901 3963 2003 4001 suo
2016 3945 2309 4016 sanguine,
2329 3943 2693 3999 utexhibcret
2705 3940 3123 3997 sibiEcclesiam
3143 3955 3258 3995 non
3275 3939 3502 3995 haben-

209 4032 372 4087 mine
401 4034 740 4089 moriuntur.
769 4037 1180 4103 Primogenitus
1202 4039 1575 4089 mortuorum.
1598 4034 1821 4089 Primus
1901 4040 2017 4089 tem
2040 4034 2320 4088 maculam
2343 4037 2443 4087 aut
2462 4047 2681 4102 rugam,
2704 4030 2789 4085 vel
2809 4028 3022 4101 aliquid
3038 4026 3499 4099 hujusmodi.Qui

209 4120 389 4177 homo
422 4139 489 4177 ea
517 4124 837 4178 conditione
891 4132 1113 4179 creatus
1140 4129 1242 4190 est,
1277 4128 1344 4179 ut
1366 4123 1475 4177 nisi
1513 4127 1819 4195 peccasset,
1901 4124 2074 4179 etiam
2104 4122 2433 4194 sanguinem
2462 4137 2579 4175 suae
2609 4119 2884 4190 passionis
2911 4117 3080 4172 vertit
3106 4115 3266 4171 nobis
3293 4116 3353 4170 in
3377 4132 3498 4187 my-

208 4209 560 4266 immortalis
590 4213 918 4280 mansisset;
947 4213 1044 4267 sed
1094 4213 1228 4283 quia
1264 4213 1514 4284 peccavit
1562 4217 1821 4266 mortuus
1900 4213 2136 4268 sterium
2167 4210 2491 4277 oblationis,
2521 4214 2584 4264 ut
2614 4209 2672 4263 in
2696 4208 2807 4263 ﬁde
2836 4206 3036 4262 mortis
3056 4206 3177 4277 ejus
3202 4204 3492 4276 baptizati,

210 4306 322 4366 est,
351 4306 409 4355 et
435 4301 605 4356 rediit
630 4302 689 4356 in
715 4308 954 4357 matrem
983 4319 1164 4369 suam,
1188 4303 1295 4357 hoc
1318 4307 1402 4357 est
1422 4302 1480 4356 in
1500 4306 1732 4368 terram,
1752 4301 1822 4356 de
1838 4340 1886 4398 D
1901 4303 1972 4357 ab
2000 4301 2259 4357 omnibus
2287 4300 2626 4355 mundemur
2641 4296 2904 4370 peccatis.
2922 4295 3067 4351 Hinc
3085 4294 3389 4398 apostolu's
3407 4294 3497 4349 di-

212 4405 333 4461 qua
360 4388 545 4444 fuerat
573 4391 849 4456 conditus,
874 4391 1095 4446 dicente
1124 4390 1231 4445 sibi
1250 4391 1524 4446 Domino:
1558 4392 1812 4456 Terraes,
1838 4384 1975 4446 "cit
2004 4407 2017 4441 :
2050 4392 2370 4460 Quicunque
2419 4390 2686 4458 baptisati
2726 4402 2921 4441 sumus
2974 4388 3039 4439 in
3081 4384 3298 4439 Christo
3342 4384 3490 4447 Jesu,

210 4484 263 4533 et
296 4481 359 4532 in
394 4484 601 4533 terram
630 4484 942 4549 reverteris,
970 4482 1033 4534 de
1061 4496 1171 4548 qua
1208 4485 1526 4549 assumptus
1561 4496 1611 4533 es
1643 4479 1806 4548 (Gen.
1897 4484 1961 4536 in
1988 4485 2160 4536 morte
2176 4483 2351 4549 ipsius
2368 4480 2635 4546 baptizati
2648 4492 2843 4531 sumus
2866 4477 3045 4547 (Rom.
3067 4472 3287 4540 v1).Est
3299 4477 3493 4528 autem

208 4567 323 4636 ιιι).
357 4566 504 4631 Quia
524 4568 796 4623 formatus
826 4585 891 4623 ex
919 4568 1055 4621 limo
1078 4573 1241 4622 terrae
1270 4567 1330 4621 in
1355 4565 1602 4621 animam
1630 4566 1817 4621 viven-
1897 4575 1952 4625 et
1980 4569 2288 4624 secundum
2326 4567 2671 4638 baptismum
2714 4564 2910 4619 eﬁ‘usio
2948 4564 3348 4634 lacrymarum,
3381 4577 3493 4632 quo

208 4661 356 4723 tem,
423 4656 584 4726 quasi
637 4672 702 4711 ex
755 4656 952 4711 matris
1021 4662 1182 4711 utero
1237 4656 1391 4711 vivus
1447 4660 1811 4727 processerat.
1899 4657 2199 4713 momentis
2217 4657 2457 4727 singulis
2476 4654 2835 4726 baptizantur
2856 4650 3139 4722 publicani
3163 4654 3221 4703 et
3243 4651 3493 4724 peccato-

207 4745 524 4817 Postquam
556 4751 745 4801 autem
775 4746 955 4801 factus
988 4750 1076 4800 est
1099 4745 1195 4800 ille
1223 4745 1497 4810 mortalis,
1527 4745 1723 4816 genuit
1750 4745 1817 4798 ﬁ-
1899 4764 2009 4815 res,
2043 4746 2322 4819 quomodo
2334 4744 2595 4799 videlicet
2613 4741 2791 4797 Maria
2811 4744 2939 4812 post
2957 4738 3165 4792 multas
3188 4734 3492 4790 criminum

205 4835 321 4891 lios
350 4837 619 4891 mortales
658 4842 713 4891 et
759 4841 1099 4907 peccatores,
1152 4836 1249 4908 qui
1277 4853 1471 4892 omnes
1509 4837 1716 4892 mortui
1759 4836 1815 4893 in
1899 4838 2196 4908 lacrymas,
2226 4840 2285 4890 et
2302 4835 2503 4889 Petrus
2522 4831 2747 4886 ablutus
2767 4832 2854 4883 est
2879 4831 3008 4900 post
3023 4830 3245 4881 ternam
3260 4823 3487 4879 Domini

209 4931 461 4981 matrem
491 4943 651 4981 suam
698 4931 1075 4981 revertuntur.
1110 4926 1358 4982 Veniens
1386 4927 1536 4982 Deus
1576 4943 1712 4997 ergo
1757 4925 1818 4981 in
1900 4927 2285 4998 negationem.

209 5031 408 5079 carne,
437 5015 632 5070 eadem
663 5016 787 5086 lege
810 5020 1069 5071 mortuus
1097 5020 1200 5082 est,
1220 5021 1389 5087 atque
1414 5017 1473 5070 in
1502 5021 1663 5070 utero
1693 5031 1816 5069 ma-
1969 5017 2037 5069 Et
2060 5015 2189 5082 fecit
2220 5028 2314 5066 nos
2343 5022 2580 5078 regnum
2610 5012 2659 5061 et
2685 5004 2981 5060 sacerdotes
2998 5005 3101 5059 Deo
3119 5008 3169 5058 et
3190 5005 3352 5059 Patri
3368 5018 3489 5058 suo.

217 5103 330 5158 tris
360 5104 634 5175 sepultus.
671 5104 779 5159 Sed
801 5105 934 5176 quia
960 5104 1131 5159 tertia
1162 5104 1253 5158 die
1281 5121 1316 5159 a
1341 5104 1577 5160 mortuis
1593 5106 1712 5176 jam
1740 5104 1818 5158 vi-
1898 5105 2008 5159 Per
2028 5103 2174 5157 hanc
2195 5100 2533 5157 sententiam
2564 5112 2760 5151 omnes
2802 5093 2983 5161 electi,
3033 5092 3351 5149 sacerdotes
3387 5092 3491 5148 de-

210 5198 415 5248 cturus
441 5194 501 5247 in
528 5198 800 5248 aeternum
832 5194 1092 5261 surrexit,
1130 5198 1187 5248 et
1229 5211 1381 5249 mors
1416 5195 1497 5249 illi
1526 5196 1676 5249 ultra
1703 5210 1817 5249 non
1900 5188 2408 5260 monstrantur,qui
2428 5201 2601 5258 supra
2618 5200 2780 5255 reges
2799 5183 3025 5238 fuerant
3043 5180 3495 5254 appellati.Quia

213 5281 625 5348 dominabitur,
646 5283 1056 5354 primogenitus
1072 5288 1419 5338 mortuorum
1434 5283 1705 5354 appellari
1725 5282 1817 5337 dc-
1899 5281 2050 5336 enim
2066 5284 2232 5351 caput
2249 5278 2495 5337 ﬁdelium
2518 5292 2616 5330 rex
2634 5279 2722 5329 est
2736 5278 2793 5329 et
2811 5272 3091 5331 sacerdos.
3116 5275 3495 5342 congruenter

213 5370 379 5440 buit;
413 5371 545 5426 licet
562 5371 710 5425 enim
735 5373 1083 5427 surrexerint
1100 5373 1194 5427 alii
1216 5379 1368 5439 ante,
1388 5372 1533 5427 sicut
1550 5372 1811 5431 Lazarus,
1900 5377 1957 5426 et
1983 5369 2230 5425 membra
2271 5366 2493 5438 capitis,
2539 5380 2701 5435 reges
2748 5369 2804 5419 et
2844 5362 3161 5418 sacerdotes
3200 5363 3490 5415 vocantur.

216 5466 414 5515 tamen
452 5477 565 5515 non
607 5468 974 5516 surrexerunt
1012 5462 1069 5516 in
1123 5467 1393 5517 aeternum
1430 5461 1650 5521 victuri,
1688 5460 1821 5531 quia
1900 5460 2113 5524 Quibus
2137 5475 2238 5529 per
2258 5458 2487 5511 Petrum
2510 5455 2753 5510 dicitur:
2790 5455 2881 5507 Vos
2900 5455 3027 5507 estis
3049 5466 3221 5519 genus
3239 5451 3489 5510 electum,

216 5550 429 5605 iterum
453 5551 663 5605 mortui
691 5551 874 5605 carnis
902 5551 1155 5606 debitum
1185 5552 1490 5606 solverunt.
1516 5550 1674 5605 Unde
1702 5566 1819 5605 non
1901 5551 2081 5627 regale
2110 5547 2477 5605 sacerdotium
2503 5547 2560 5618 (Ι
2574 5549 2734 5601 ’Petr.
2755 5545 2837 5611 η).
2856 5541 2970 5613 Ipsi
2991 5538 3140 5596 enim
3159 5540 3293 5593 sunt
3305 5548 3486 5604 reges,
