3992 6166
495 289 602 375 θη
968 318 1350 377 HAYMONIS
1377 305 1871 383 HALBERSTAT.
1905 310 2129 383 salso.
2162 307 2322 383 ore,
2354 308 2539 383 sine
2569 306 2615 382 Ῐ.
2647 354 2712 369 -
2743 302 3115 385 Comum.
3147 325 3334 385 BIBL.
3679 305 3785 387 se

640 426 1034 525 etseeerdotes
1059 456 1116 506 et
1161 428 1496 510 sacriﬁcium
1538 459 1597 511 et
1626 443 1825 521 altam,
1859 458 1992 530 quia
2044 440 2166 519 etA
2184 456 2380 514 Omnis
2410 436 2600 528 itaque
2628 444 2840 528 oculus,
2868 442 2924 508 id
2956 458 3045 508 est
3081 449 3263 509 omnis
3306 454 3497 521 homo,
3526 444 3627 526 qui
3652 441 3787 513 tunc

498 538 779 610 tumultus
802 536 1112 613 carnalium
1143 541 1489 617 voluptatum
1511 550 1704 600 contra
1725 546 2096 619 seinsurgen-
2181 546 2577 610 resurreiterit,
2608 544 2816 599 videbit
2845 538 2973 598 eum
3003 542 3388 629 corporaliter,
3421 542 3540 599 sive
3588 531 3661 599 ad
3702 544 3787 599 vi-

492 633 582 698 tes
609 635 675 685 ut
699 645 864 704 reges
880 628 1183 704 refrenant,
1209 636 1266 686 et
1284 632 1620 691 sacrificium
1655 634 1840 690 laudis
1862 642 1917 689 et
1942 652 2095 691 mor-

495 700 819 785 tiﬁcationis
850 700 966 781 Deo
987 700 1303 794 immolant,
1331 737 1645 795 corpusque
1689 741 1854 779 suum
1885 741 1919 781 a
1947 741 2092 799 pra-

496 806 673 862 sentis
713 806 902 880 saeculi
952 808 1355 877 cupiditatibus
1403 811 1766 880 mortificant,
1796 810 1862 868 ut
1909 814 2094 873 hostia

495 896 618 963 viva
640 897 799 959 ﬁant.
822 893 952 968 Ipse
980 897 1175 969 itaque
1204 898 1541 970 Unigenitus
1567 902 1771 969 Patris,
1803 919 1898 957 rex
1924 908 1982 957 et
2006 919 2093 957 sa-

494 985 713 1053 cerdos,
739 983 873 1041 fecit
894 1002 1025 1059 suos
1049 986 1253 1042 electos
1280 1005 1444 1061 reges
1483 996 1540 1045 et
1587 992 1926 1059 sacerdotes,
1953 1008 2094 1063 quos

494 1088 656 1144 reges
670 1078 835 1128 terra;
855 1076 1166 1139 constituit,
1189 1082 1248 1131 et
1263 1076 1384 1149 ipso
1406 1095 1574 1149 opere
1594 1080 1914 1134 sacerdotes
1938 1097 2094 1135 mon-

494 1164 713 1219 stravit.
737 1164 898 1231 Quod
918 1171 1110 1223 autem
1140 1166 1366 1234 dicitur,
1393 1169 1509 1224 Deo
1541 1177 1597 1224 et
1618 1165 1793 1235 Patri,
1827 1188 1941 1227 non
1970 1172 2094 1245 dum

498 1258 736 1319 naturae,
764 1270 868 1308 nec
897 1247 1022 1309 dum
1058 1271 1331 1327 personae,
1377 1257 1475 1312 sed
1505 1274 1621 1312 una
1639 1260 1975 1328 ostenditur;
2002 1254 2097 1317 ubi

497 1343 670 1419 etiam
692 1341 936 1413 Spiritus
964 1349 1192 1400 sanctus
1216 1346 1381 1414 juxta
1410 1348 1661 1416 regulam
1688 1349 1989 1420 praemissae
2009 1350 2095 1404 ine-

424 1466 435 1473 ο
493 1422 821 1500 telligentiee
846 1431 1059 1501 pariter
1090 1433 1447 1504 intelligitur.
1487 1437 1601 1504 Ipsi
1634 1440 1818 1507 gloria
1846 1442 1896 1492 ct
1929 1441 2095 1507 impe-

494 1522 654 1581 rium
681 1522 744 1574 in
770 1524 969 1575 saecula
983 1524 1541 1580 saeculorumAmen.
1572 1523 1717 1580 Filio
1739 1526 1970 1590 scilicet,
1997 1526 2095 1597 qui

494 1623 598 1667 nos
623 1606 777 1673 fecit,
795 1612 852 1663 et
876 1608 971 1679 qui
996 1625 1098 1670 nos
1119 1612 1436 1666 sacerdotes
1452 1602 1575 1671 ﬁeri
1597 1613 1790 1673 voluit.
1807 1614 1903 1668 ubi
1920 1615 2095 1670 etiam

494 1696 789 1755 amborum
836 1697 1140 1769 accipimus
1174 1699 1527 1765 charitatem,
1562 1719 1685 1773 quze
1723 1710 1811 1758 est
1849 1702 2096 1775 Spiritus

489 1790 737 1851 senatus.

562 1877 692 1931 Ecce
714 1881 864 1931 venit
877 1894 1002 1932 cum
1035 1880 1366 1941 nubibusJa
1386 1880 1534 1936 nube
1553 1888 1823 1939 venturus
1860 1887 1947 1938 est
1976 1883 2088 1937 Do~

494 1965 687 2027 minus
700 1966 772 2023 ad
786 1966 1089 2036 judicium,
1105 1968 1234 2039 quia
1262 1969 1319 2025 in
1335 1969 1484 2025 nube
1501 1972 1754 2027 ascendit
1782 1968 1841 2026 in
1865 1972 2086 2027 caelum.

493 2054 588 2113 Sic
630 2055 783 2110 enim
827 2056 1091 2113 dixerunt
1130 2058 1319 2127 angeli
1360 2060 1629 2130 apostolis
1674 2078 1685 2113 :
1741 2061 1885 2127 Quid
1933 2063 2092 2115 statis

499 2147 822 2213 aspicientes
850 2148 913 2199 in
940 2148 1163 2203 cadum?
1190 2148 1293 2202 llic
1319 2150 1475 2202 Jesus
1503 2151 1582 2203 sic
1608 2152 1804 2211 veniet,
1834 2151 2093 2218 quemad-

492 2233 721 2289 modum
749 2234 965 2287 vidistis
991 2251 1119 2293 eum
1146 2240 1367 2289 euntem
1398 2240 1461 2290 in
1484 2237 1678 2291 caelum
1710 2240 1851 2310 (Act,
1884 2244 1943 2301 1)-
1974 2239 2090 2293 Nu-

490 2319 646 2379 bium
674 2325 866 2375 autem
897 2338 1042 2392 sape
1067 2318 1132 2377 ﬁt
1160 2314 1373 2381 mentio
1403 2324 1463 2379 in
1490 2341 1651 2379 sacro
1673 2326 1916 2398 eloquio.
1940 2327 2088 2401 unde

489 2408 730 2479 legimus
753 2409 813 2464 in
844 2410 1050 2477 Exodo,
1083 2412 1232 2482 quod
1261 2413 1616 2483 omnipotens
1656 2415 1805 2469 Deus
1849 2415 1907 2469 in
1941 2415 2090 2473 nube

492 2496 641 2557 ﬁlios
653 2498 828 2554 Israel
838 2498 1030 2561 eduxit
1042 2499 1111 2555 de
1125 2501 1387 2573 Egypto.
1403 2502 1850 2561 Tabernaculum
1867 2521 2089 2575 quoque

490 2586 672 2658 Moysi
700 2592 761 2645 et
788 2587 1059 2659 templum
1091 2589 1410 2647 Salomonis
1439 2590 1616 2647 nubes
1645 2592 1915 2664 implevit,
1948 2599 2005 2648 et
2031 2594 2088 2650 in

2177 640 2314 703 tam,
2330 637 2448 690 sive
2470 635 2541 690 ad
2563 639 2946 701 mortem;non
2966 637 3156 687 autem
3182 633 3511 689 animalium
3549 650 3787 705 quorum

2172 724 2255 778 vis
2275 722 2331 777 in
2352 723 2628 795 sanguine
2649 728 2759 791 est,
2793 727 2852 777 et
2872 738 2999 776 cum
3023 721 3344 777 moriuntur
3358 739 3481 778 esse
3498 716 3786 789 desinunt.

2173 812 2368 868 oculus
2398 813 2547 868 enim
2590 810 2817 891 videbit,
2857 811 2954 893 sed
2994 799 3182 881 potius
3224 813 3421 867 oculus
3461 811 3782 893 hominum.

2172 901 2299 956 Alia
2312 902 2609 980 translatio
2635 887 2773 956 dicit
2806 923 2835 980 :1
2871 886 3098 955 Videbit
3114 906 3243 955 "eum
3266 901 3450 955 omnis
3475 886 3681 955 oculus
3707 906 3788 954 ta-

2172 989 2307 1055 lem,
2335 976 2560 1061 qualem
2577 989 2795 1044 scilicet
2815 976 3217 1071 despexerunt,
3227 994 3284 1044 et
3307 986 3536 1069 qualem
3562 987 3787 1044 credere

2172 1078 2498 1145 noluerunt,
2526 1084 2584 1133 et
2608 1083 2745 1133 tunc
2794 1077 3122 1152 implebitur
3153 1095 3164 1131 :
3210 1072 3415 1133 Videbit
3441 1080 3634 1133 omnis
3663 1090 3784 1133 caro

2174 1169 2420 1221 salutare
2448 1170 2546 1222 Dei
2567 1170 2720 1238 (Luc.
2744 1167 2857 1233 III).
2880 1168 2947 1221 Et
2967 1170 3067 1237 qui
3084 1173 3211 1248 eum
3233 1168 3615 1237 pupugerunt,
3648 1165 3780 1220 sub-

2176 1256 2338 1311 audis
2352 1255 2617 1310 videbunt
2633 1272 2759 1310 eum
2771 1295 2785 1320 ,
2815 1253 2993 1310 Judaei
3015 1254 3246 1322 scilicet,
3272 1254 3367 1326 qui
3383 1254 3785 1309 crucifixerunt

2177 1361 2307 1399 eum
2351 1343 2565 1415 lingua,
2617 1343 2762 1400 sicut
2803 1345 3025 1399 Marcus
3063 1326 3200 1398 dicit
3250 1332 3438 1419 hilare.
3472 1350 3561 1407 xv:
3600 1361 3614 1397 :
3651 1345 3782 1399 Erat

2175 1438 2362 1486 autem
2392 1433 2528 1486 hora
2560 1437 2798 1498 tertia,et
2816 1419 3216 1500 cruci/ixerunt
3240 1422 3773 1494 illum,clamantes:

2176 1522 2327 1577 Reus
2344 1527 2435 1576 est
2452 1523 2669 1585 mortis;
2686 1527 2744 1576 et
2754 1522 2961 1576 milites
2985 1521 3152 1575 Pilati
3173 1519 3443 1574 videbunt
3457 1537 3593 1574 eum
3618 1538 3779 1591 quem

2176 1598 2480 1665 illudentes
2500 1604 2919 1677 cruciﬁxerunt;
2946 1609 3212 1691 videbunt
3230 1615 3426 1665 autem
3447 1626 3565 1669 non
3589 1616 3655 1665 ut
3663 1611 3778 1694 jam

2176 1706 2559 1763 contemnant.
2592 1701 2737 1755 sicut
2759 1700 2912 1771 prius
2944 1688 3272 1766 irridebant,
3295 1699 3596 1763 insultent,
3612 1716 3678 1753 ac
3696 1688 3779 1755 lae.

2122 1764 2392 1854 Btentur,
2410 1788 2505 1843 sed
2538 1794 2600 1844 ut
2630 1764 2891 1860 paveant,
2912 1793 3171 1869 gemant,
3203 1764 3432 1858 lugeant
3461 1793 3523 1843 et
3551 1776 3777 1843 tristen-

2179 1882 2294 1943 tur,
2313 1878 2462 1932 unde
2487 1883 2544 1932 et
2574 1874 2850 1939 subditur,
2876 1882 2923 1931 et
2945 1884 3079 1932 tunc
3092 1881 3358 1945 plangant
3377 1894 3433 1931 se
3464 1892 3639 1946 super
3658 1894 3773 1932 eum

2172 1983 2356 2021 omnes
2386 1969 2567 2021 tribus
2614 1973 2792 2029 terra.
2823 1954 2880 2020 id
2927 1973 3033 2031 est,
3066 1982 3259 2020 omnes
3288 1954 3520 2039 reprobi
3549 1971 3774 2020 terrena

2175 2042 2641 2118 desiderantes.et
2658 2071 2760 2127 per
2778 2040 3119 2109 desiderium
3139 2059 3348 2109 terram
3365 2053 3771 2121 inhabitantes,

2177 2143 2484 2199 honoribus
2500 2147 2833 2215 semetipsos
2851 2132 3197 2208 extollentes,
3222 2142 3278 2198 in
3300 2143 3542 2199 luxuriis
3571 2128 3774 2215 degen-

2174 2238 2280 2309 tes,
2305 2233 2507 2304 quibus
2531 2223 2803 2309 Dominus
2831 2233 2971 2288 dicit
3002 2247 3014 2281 :
3058 2234 3134 2288 Vm
3177 2234 3324 2286 vobis
3362 2218 3660 2295 divitibus,
3684 2236 3775 2302 qui

2169 2308 2375 2376 habetis
2406 2308 2829 2376 consolationem
2869 2324 3110 2375 vestram
3153 2321 3305 2388 (Luc.
3341 2328 3438 2384 vi).
3483 2312 3773 2392 Praecipue

2171 2415 2360 2489 autem
2390 2409 2449 2463 hi
2490 2396 2721 2482 plagent
2760 2426 2819 2463 se
2848 2426 3024 2490 super
3053 2425 3205 2475 eum,
3229 2409 3324 2481 qui
3358 2426 3488 2464 eum
3510 2427 3774 2489 lpupuge~

2171 2505 2325 2577 runt.
2351 2499 2528 2569 Magis
2548 2506 2740 2553 autem
2770 2497 3044 2554 dolebunt
3068 2498 3258 2553 miseri
3283 2498 3416 2569 quia
3443 2499 3624 2581 talem
3654 2516 3772 2571 per-

2173 2587 2308 2645 dent
2336 2588 2637 2643 Dominum
2662 2604 2831 2659 quam
2855 2588 3002 2659 quod
3019 2586 3434 2671 atrocissimum
3453 2587 3771 2643 inciderunt

487 2673 717 2737 Domini
772 2678 1270 2747 transﬁguratione
1319 2679 1549 2751 Moysen
1591 2685 1648 2735 et
1687 2682 1865 2739 Eliam
1916 2685 2092 2738 nubes
2169 2674 2539 2745 tormentum.
2574 2666 3011 2759 EtiamsAmen.
3042 2666 3205 2740 Quod
3243 2669 3331 2732 est
3366 2676 3516 2751 apud
3546 2666 3770 2733 Latinos

496 2762 869 2823 obumbravit.
891 2765 957 2822 In
972 2766 1215 2824 nubibus
1237 2768 1410 2824 etiam
1426 2770 1601 2824 sancti
1629 2771 1847 2829 venturi
1866 2777 2000 2826 sunt
2019 2768 2090 2827 ad
2172 2766 2364 2826 etiam.
2388 2766 2493 2844 hoc
2525 2765 2673 2835 apud
2707 2764 2972 2820 Hebraeos
3002 2781 3166 2849 amen
3193 2784 3205 2833 ;
3239 2771 3554 2849 utrumque
3585 2760 3770 2821 autem

485 2851 1095 2923 judicium,juxtaillud
1108 2856 1383 2926 Apostoli,
1399 2858 1530 2928 quia
1555 2862 1765 2926 rapiem
1777 2875 1846 2913 ur
1874 2861 2089 2914 obviam
2171 2860 2257 2910 est
2278 2841 2602 2909 adverbium
2624 2854 2978 2909 afﬁrmantis.
3003 2841 3151 2908 Dicit
3165 2857 3298 2925 ergo
3324 2872 3336 2909 :
3358 2841 3565 2919 Etiam,
3585 2871 3765 2917 amen,

490 2941 710 3007 Christo
726 2945 791 2996 in
806 2944 1044 3003 nubibus
1066 2946 1113 3011 (1
1143 2945 1400 3014 Thesmv)
1426 2945 1551 3001 .Illa
1565 2953 1754 3003 autem
1771 2947 2086 3019 nubesque;
2164 2960 2230 2999 ac
2257 2943 2306 2998 si
2332 2943 2543 3005 diceret
2572 2943 2976 3014 ingeminando
3008 2964 3021 2996 :
3056 2932 3267 3019 Verum
3298 2950 3402 3011 est,
3434 2961 3634 2999 verum
3664 2950 3764 3009 est,

486 3029 635 3085 filios
655 3030 828 3089 Israel
857 3031 1231 3095 illuminabat.
1266 3039 1324 3088 et
1351 3034 1642 3106 {Egyptios
1686 3018 1935 3093 tenebris
1980 3036 2084 3090 cir-
2099 3080 2146 3113 η
2165 3040 2222 3088 et
2253 3034 2471 3113 mutarit
2489 3036 2602 3088 nOn
2631 3038 2837 3111 potest,
2869 3032 2998 3104 quia
3031 3018 3304 3109 plangant
3340 3049 3400 3087 se
3429 3050 3759 3113 superuentu

486 3080 630 3085 —""
656 3080 728 3087 _"
743 3080 828 3089 —“'
857 3080 1231 3095 ""‘"""""‘"
1269 3080 1324 3088 "
1351 3080 1480 3106 “‘OJ
1498 3080 1641 3105 l'"""
1689 3080 1873 3093 """""'
1890 3080 1935 3089 “'
1981 3080 2048 3090 "“
2168 3080 2221 3088 "
2253 3080 2459 3088 ""’"‘"
2489 3080 2602 3088 "'"
2632 3080 2815 3106 r"'_'
2873 3080 2998 3104 1""
3070 3080 3304 3104 ""0""
3341 3080 3398 3087 "
3429 3080 3592 3104 w"l."'
3634 3080 3759 3089 "’—

483 3119 803 3183 cumdebat,
829 3120 1052 3176 Domini
1068 3121 2083 3197 significatclementiam,quzeillumi-
2098 3080 2147 3148 C
2164 3139 2360 3177 omnes
2384 3104 2565 3177 tribus
2585 3128 2768 3176 terrae.
2792 3080 3122 3192 dognoscite
3142 3138 3273 3177 eum
3303 3138 3403 3194 pro
3425 3128 3581 3177 certo
3608 3108 3760 3178 iutu-

483 3211 588 3269 net
613 3207 908 3285 perfectos,
944 3214 1002 3263 et
1029 3207 1271 3264 obcaecat
1301 3209 1586 3281 reprobos.
1630 3211 1719 3267 Ita
1749 3214 1955 3286 quippe
1987 3231 2082 3268 ve-
2165 3227 2313 3276 rum,
2341 3210 2492 3282 quod
2516 3210 2621 3265 tali
2646 3209 2928 3265 sententia
2953 3210 3161 3265 ﬁrmat.

483 3296 646 3355 aiens
665 3282 939 3353 Dominus
959 3297 1031 3353 ad
1047 3278 2083 3373 judicium,apparebitblandusjustis
2236 3301 2345 3367 Ege
2359 3278 2485 3354 sum
2512 3300 2681 3368 alpha
2709 3303 2759 3352 et
2789 3315 2994 3367 omega,
3017 3301 3371 3368 principium
3400 3286 3449 3353 ei
3472 3301 3623 3367 ﬁnis.
3662 3278 3761 3355 iiic

484 3400 627 3455 quos
645 3384 816 3443 etiam
842 3386 1204 3459 illuminabit,
1235 3386 1368 3445 dum
1398 3388 1470 3445 ad
1515 3390 1891 3449 contuendum
1920 3407 2080 3463 suam
2158 3389 2280 3459 jam
2331 3388 2629 3454 manifeste
2675 3388 3015 3454 ostenditur,
3058 3388 3192 3463 quia
3227 3388 3464 3458 angelus
3515 3388 3614 3459 qui
3652 3388 3764 3443 hac

481 3463 842 3545 maiestatem
872 3491 968 3530 eos
1014 3476 1375 3547 perduxerit;
1410 3483 1468 3531 et
1494 3477 1761 3532 terribilis
1804 3479 2079 3551 reprobis,
2162 3478 2365 3553 Joanni
2398 3477 2704 3543 nuntiavit,
2738 3493 3037 3551 personam
3059 3466 3159 3532 Dei
3182 3477 3240 3532 in
3266 3493 3326 3532 se
3350 3476 3619 3541 habebat,
3640 3493 3763 3545 cum

487 3577 628 3649 quos
656 3565 715 3619 in
756 3565 1053 3631 tenebroso
1082 3565 1321 3621 carceris
1351 3567 1472 3621 loco
1502 3566 1825 3625 constituet.
1860 3569 1939 3623 De
1970 3585 2081 3639 quo
2162 3565 2328 3631 dicit:
2394 3565 2509 3638 Ego
2529 3567 2846 3647 sumialpha
2864 3571 2920 3622 et
2944 3571 3161 3637 'omega,
3186 3566 3524 3645 principium
3542 3572 3600 3621 et
3619 3554 3757 3647 finis.

481 3652 542 3709 in
565 3653 868 3724 Evangelia
897 3654 1102 3710 dicitur
1124 3672 1137 3725 :_
1193 3655 1456 3711 lnutilem
1510 3671 1729 3713 servum
1746 3650 1996 3725 projicile
2018 3661 2080 3712 in
2164 3653 2633 3733 Similiteretipse
2648 3655 2895 3709 Joannes
2917 3655 3013 3726 qui
3034 3654 3150 3709 haec
3168 3654 3306 3711 dicit
3341 3652 3524 3716 nobis,
3555 3653 3668 3709 tale
3685 3657 3765 3708 est

482 3744 730 3804 tenebras
746 3747 1076 3805 celeriores;
1109 3743 1219 3807 illis
1268 3744 1416 3800 enim
1467 3745 1617 3799 dicet
1644 3763 1657 3798 :
1701 3747 1895 3813 Venite,
1929 3748 2082 3801 bene-
2169 3748 2226 3798 et
2246 3736 2394 3814 quod
2417 3744 2622 3798 Paulus
2651 3743 2911 3801 dicit:An
2937 3746 3642 3814 experimenlumquzritis
3656 3746 3760 3813 ejus

480 3830 619 3889 dicti
628 3832 813 3888 Patris
832 3834 960 3893 mei;
977 3822 1100 3907 istis
1116 3837 1338 3885 autem:
1363 3832 1447 3886 Ite
1468 3835 1531 3887 in
1566 3836 1749 3900 ignem
1793 3810 2084 3911 internum,
2170 3810 2361 3911 qui—in
2380 3849 2466 3887 me
2496 3834 2745 3902 loquitur
2765 3810 3017 3886 Christus
3037 3822 3060 3884 Ρ
3085 3816 3173 3901 (il
3196 3830 3319 3889 Cor.
3344 3834 3480 3911 xm).
3496 3830 3555 3884 et
3576 3810 3758 3885 David:

478 3921 580 3988 qui
592 3924 829 3988 paratus
846 3925 923 3974 est
938 3906 1155 3975 diabolo
1173 3919 1391 3989 (Matth.
1416 3919 1719 3991 xxv).Nam
1743 3926 1798 3976 et
1813 3906 2080 3997 hocquod
2170 3908 2459 3999 A‘lt'endite,
2485 3923 2679 4001 populo
2708 3936 2880 3982 meus.
2906 3924 3073 3988 legem
3120 3935 3298 3989 meam
3336 3906 3503 3987 (Psal.
3539 3920 3752 3987 LXXVII).

478 4007 727 4080 Egyptii
757 4015 814 4064 et
844 4009 946 4069 filii
974 4009 1148 4065 Israel
1175 4010 1246 4064 ad
1271 4028 1332 4065 se
1362 4027 1473 4065 non
1506 4018 1766 4082 poterant
1788 4013 2072 4078 accedere,
2158 4008 2341 4080 Alpha
2358 4009 2510 4079 apud
2526 4008 2768 4076 Graecos,
2794 4009 3108 4070 Latinos,et
3128 4002 3753 4082 Hebmos,principium

479 4078 888 4169 hec—simiiﬁcat
906 4099 1054 4170 quod
1079 4099 1360 4155 Abraham
1384 4078 1543 4154 diviti
1577 4101 2076 4173 responditzlnter
2157 4078 2245 4152 est
2288 4098 2725 4176 elementorum;
2777 4097 2927 4173 quod
2967 4096 3117 4176 enim
3163 4088 3313 4168 apud
3371 4090 3476 4176 nos
3530 4078 3621 4163 Il,
3658 4096 3752 4150 hoc

478 4201 577 4249 nos
605 4193 656 4242 at
682 4205 773 4243 vos
800 4169 958 4243 chaos
997 4204 1266 4256 magnum
1305 4191 1596 4256 ﬁrmatum
1642 4169 1722 4259 est
1754 4189 1904 4258 (Luc.
1940 4194 2068 4255 xw).
2155 4192 2239 4241 est
2268 4169 2415 4257 apud
2447 4186 2667 4242 Graecos
2694 4169 2882 4258 alpha,
2903 4169 3051 4257 apud
3075 4176 3345 4270 Hebmosl
3365 4174 3555 4256 aleph.
3586 4186 3750 4270 Porrq

478 4274 795 4345 Aliquando
816 4277 989 4331 etiam
1014 4276 1190 4331 nubes
1216 4292 1418 4346 corpus
1447 4275 1655 4330 Christi
1683 4276 1982 4348 signiﬁcat,
2012 4284 2075 4332 ut
2155 4291 2355 4347 omega
2385 4276 2572 4348 funalis
2604 4287 2689 4330 est
2716 4275 3124 4330 elementorum
3155 4273 3305 4347 apud
3335 4264 3582 4329 Graecos.
3614 4262 3751 4340 Quid

479 4342 621 4417 illud
648 4379 660 4417 :
690 4364 819 4423 Ecce
842 4348 1108 4420 Dominus
1126 4342 1374 4421 ascendat
1394 4380 1559 4435 super
1579 4342 1779 4419 nubem
1803 4348 1991 4426 levem.
2022 4372 2073 4421 et
2087 4402 2136 4461 Β
2153 4342 2342 4419 autem
2364 4342 2438 4419 sit
2451 4365 2618 4445 alpha
2639 4372 2694 4419 et
2711 4342 3415 4461 omega,manifestat,cum
3440 4359 3742 4435 subjungit:

479 4452 1131 4522 ingndieturﬁgyptuni
1152 4454 1286 4524 (Isa.
1301 4456 1433 4521 xxx).
1452 4453 1632 4524 Super
1643 4452 1846 4508 nubem
1865 4454 2071 4525 quippe
2088 4436 2136 4461 υ
2152 4453 2495 4526 Principium
2511 4436 2744 4521 etfinis;
2780 4448 3118 4524 principium
3158 4436 3388 4516 scilicet,
3416 4466 3551 4507 ante
3584 4467 3743 4522 quem

478 4538 655 4602 levem
683 4541 954 4603 escendit.
988 4546 1046 4596 et
1072 4541 1128 4595 in
1158 4541 1458 4614 [Egyptum
1490 4541 1656 4604 venit,
1691 4543 1915 4615 quando
1944 4559 2069 4597 car-
2152 4542 2360 4603 nullus,
2388 4542 2516 4597 ﬁnis
2537 4558 2686 4607 vero,
2711 4549 2839 4615 post
2861 4548 3026 4614 quem
3047 4541 3257 4609 nullus;
3284 4528 3369 4594 vel
3389 4540 3739 4612 principium,

477 4645 608 4686 nem
638 4630 1008 4691 humanitatis
1044 4636 1250 4689 nostra;
1279 4646 1591 4705 assumens.
1623 4631 1746 4685 sine
1766 4632 2070 4705 gravedine
2151 4646 2186 4684 a
2214 4647 2325 4702 quo
2352 4632 2544 4686 omnia
2590 4637 2824 4687 sumunt
2861 4630 3108 4696 initium,
3142 4622 3270 4685 linis
3310 4645 3460 4695 vero,
3495 4628 3553 4685 in
3583 4632 3742 4698 q'uem

477 4721 693 4791 peccati
720 4720 779 4779 in
801 4721 1014 4781 mundo
1033 4720 1313 4792 apparuit.
1336 4702 1526 4775 Nubes
1544 4726 1737 4774 autem
1757 4702 2067 4791 pluraliter,
2151 4726 2354 4774 cuncta
2380 4714 2786 4799 terminantur;
2818 4718 2897 4775 vel
2927 4718 3283 4807 principium,
3310 4718 3445 4790 quia
3468 4719 3527 4774 in
3546 4716 3749 4801 princi-

477 4815 701 4867 sanctos
729 4809 1051 4880 significent
1076 4809 1489 4881 praedicatores,
1515 4808 1608 4880 qui
1631 4809 1834 4882 pluunt
1867 4809 2068 4877 verbis,
2151 4809 2243 4881 pie
2272 4815 2393 4864 erat
2437 4809 2706 4877 Verbum,
2747 4809 2895 4874 ﬁnis,
2930 4808 3062 4880 quia
3104 4808 3353 4863 Verbum
3383 4824 3517 4864 caro
3547 4808 3747 4863 tantum

479 4903 844 4953 etcoruscant
864 4899 1182 4966 miraculis;
1211 4899 1280 4953 de
1295 4898 1498 4970 quibus
1515 4898 1959 4969 perprophetam
1990 4898 2072 4953 di-
2152 4886 2255 4964 est,
2289 4899 2439 4953 unde
2471 4904 2526 4955 et
2554 4899 2676 4969 ipse
2704 4915 2805 4970 per
2833 4897 3039 4953 Isaiam
3070 4896 3206 4952 dicit
3237 4917 3247 4950 :
3270 4896 3415 4955 Ante
3438 4914 3522 4952 me
3549 4913 3647 4952 non
3669 4884 3745 4949 esi

476 4983 663 5047 citur:
696 4987 763 5042 Et
801 4988 1040 5043 nubibus
1078 4989 1354 5045 mandabo
1396 5004 1461 5042 ne
1493 4990 1697 5055 pluunt
1736 5002 1901 5054 super
1946 5002 2067 5069 eam
2147 4986 2613 5070 formatus‘Deus,
2644 4993 2695 5041 et
2726 4992 2844 5057 post
2869 5004 2953 5041 me
2978 5003 3091 5042 non
3119 4989 3229 5041 erit
3252 4982 3575 5070 (lsa.xun).

477 5071 610 5141 (ha.
646 5076 726 5142 ν),
755 5074 861 5129 hoc
899 5080 1003 5141 est,
1045 5092 1217 5148 super
1246 5077 1470 5132 vineam
1507 5074 1768 5129 imbrem.
1812 5075 1952 5130 Cum
1984 5064 2071 5131 his
2154 5081 2211 5130 et
2239 5076 2390 5153 quod
2425 5064 2689 5142 Joannes,
2717 5076 2830 5133 imo
2860 5070 3094 5146 angelus
3139 5092 3204 5129 ex
3236 5092 3477 5148 persona
3498 5064 3609 5153 Dei
3637 5069 3746 5133 hoc

473 5159 739 5227 nubibus,
758 5162 862 5217 hoc
881 5169 985 5229 est,
1006 5165 1843 5227 culnmultitudinesanctorum
1870 5170 2069 5218 ventu-
2151 5150 2318 5227 dicat,
2368 5164 2692 5245 manifestat
2731 5180 2859 5218 cum
2912 5153 3245 5235 subjunglt:
3289 5160 3435 5219 Dicit
3481 5150 3743 5218 Dominus

475 5264 575 5310 Ns
602 5248 970 5309 estDominus
990 5252 1061 5307 ad
1076 5253 1374 5321 judicium,
1411 5253 1543 5325 quia
1572 5252 1629 5307 in
1659 5268 1855 5307 eorum
1893 5251 2071 5306 cordi-
2158 5255 2312 5320 Deus,
2343 5255 2444 5323 qui
2471 5258 2610 5320 erat,
2637 5258 2687 5307 et
2717 5256 2816 5322 qui
2843 5246 2941 5319 est,
2972 5254 3022 5306 et
3049 5255 3150 5322 qui
3175 5248 3443 5306 venturus
3466 5257 3539 5306 est
3567 5250 3742 5304 omni-

471 5335 577 5393 bus
595 5334 873 5401 habitabit
896 5356 910 5406 g
930 5338 1079 5392 unde
1100 5342 1479 5395 est:I)ominus
1502 5343 1681 5395 veniet
1696 5342 1768 5393 ad
1782 5324 2069 5417 judicium
2145 5347 2351 5411 potens.
2386 5342 2545 5407 Quod
2573 5343 2686 5413 jam
2713 5358 2884 5413 supra
2910 5357 2972 5396 ex
2984 5340 3227 5417 positum
3259 5340 3365 5394 est.

467 5442 598 5487 cum
625 5427 935 5480 senioribus
960 5430 1154 5496 populi
1175 5430 1268 5481 sui
1296 5430 1414 5499 (Isa
1465 5434 1571 5495 In).
1604 5416 1673 5483 Et
1701 5412 1898 5482 videbit
1939 5445 2066 5483 eum
2220 5420 2330 5497 Ego
2356 5412 2592 5486 Joannes
2611 5412 2791 5499 frater
2813 5435 3004 5485 vester.
3041 5412 3343 5500 Hucusque
3382 5412 3623 5499 pmfatio
3653 5441 3740 5478 se-

462 5519 645 5585 omm's
674 5517 885 5570 oculus.
915 5515 1153 5571 Omnem
1177 5516 1397 5571 oculum
1429 5517 1638 5571 usitato
1656 5534 1813 5572 more
1834 5508 2069 5571 locutio-
2099 5511 2114 5524 ’
2153 5519 2376 5591 quantis
2393 5510 2542 5587 libri,
2570 5519 2768 5574 exhinc
2787 5517 3020 5573 historia
3041 5504 3529 5590 incipit.Loquitur
3547 5520 3735 5569 autem

459 5619 619 5672 num,
650 5620 752 5676 pro
793 5604 946 5660 omni
990 5605 1218 5660 homine
1265 5606 1511 5676 po‘situm
1555 5606 1646 5660 hic
1693 5607 2055 5677 accipiamus.
2150 5600 2397 5663 ecclesiis
2412 5606 2795 5679 Asiae,quibus
2828 5613 2886 5662 et
2906 5624 2965 5661 se
2988 5602 3264 5679 aequalem
3285 5596 3592 5667 ostendens,
3621 5596 3734 5656 hu-
