3884 6154
224 249 331 331 θλέ)

1152 242 1535 335 EX'Posu‘Io
1568 256 1641 335 iii
1672 252 2192 338 APOCALY'P‘siN.
2238 311 2299 325 —
2332 257 2470 338 iiii.
2493 279 2541 337 Ι.

3316 267 3499 345 ‘950

221 388 480 483 militatis
523 420 692 484 causa
720 382 881 481 dicit:
927 378 1034 473 Ego
1070 392 1307 461 Joannes
1340 380 1521 474 frater
1558 423 1729 463 vester
1766 390 1820 462 in
1845 391 2064 470 Anium
2099 386 2307 465 Christi
2335 426 2396 464 se
2433 390 2571 464 dicit
2616 388 2948 481 relegatum.
2982 425 3096 487 non
3138 414 3367 487 propter
3392 384 3497 465 ho-

220 474 351 569 ﬁde,
370 474 419 546 et
438 474 707 571 particeps
728 486 791 571 in
815 478 1176 567 tribulatione
1209 500 1255 550 et
1280 511 1463 563 regno,
1484 492 1533 549 et
1550 500 1823 565 patientia

219 582 283 634 in
319 581 537 663 Christo
574 584 719 635 Jesu.
745 582 866 646 Quo
892 582 949 636 in
980 583 1099 637 loco
1121 581 1232 638 duo
1254 591 1388 638 sunt
1406 585 1573 661 simul
1594 578 1825 663 conjun-

212 650 437 751 gentia,
466 669 756 743 tribulatio
813 671 1025 726 scilicet
1073 677 1131 726 et
1176 673 1467 745 patientia.
1498 650 1819 730 'Fribulatio

214 758 369 814 enim
394 764 459 827 et;
468 760 741 840 patientia
756 761 1056 839 pertinent
1079 760 1149 815 ad
1176 769 1345 839 caput
1362 767 1425 840 et
1444 762 1515 839 ad
1542 764 1816 839 membra,

213 854 454 927 regnum
478 832 668 904 autem
688 832 1043 927 solummodo
1064 851 1134 905 ad
1147 832 1332 924 caput.
1360 832 1648 927 particeps
1668 834 1824 927 Chrio

211 936 289 990 sti
308 926 673 993 fuitJoannes
687 938 743 993 in
764 926 1125 995 tribulatione
1146 946 1204 1017 et
1221 926 1654 1017 patientia,quia
1678 926 1823 998 sicut

211 1024 476 1108 Christus
503 1044 702 1098 passus
728 1033 814 1107 est
842 1028 1161 1109 opprobria,
1185 1029 1497 1107 irrisiones.
1528 1031 1813 1100 colaphos,

211 1120 288 1197 et‘
310 1114 564 1197 verbera,
596 1116 677 1199 ita
694 1121 750 1173 et
776 1116 979 1199 beatusI
994 1118 1238 1173 Joannes
1270 1116 1370 1192 qui
1401 1121 1718 1191 ﬂagellatur
1746 1121 1821 1199 le-

208 1178 372 1281 gitur
398 1194 455 1260 in
484 1178 716 1263 Actibus
765 1178 1172 1283 apostoiorum,
1205 1178 1343 1285 etfa
1390 1178 1709 1285 Domitiano
1757 1180 1816 1277 in

204 1293 441 1349 ﬂuentis
463 1294 570 1363 olei
595 1295 808 1373 dolium
838 1296 1063 1372 missus,
1094 1297 1165 1353 ad
1188 1297 1449 1373 ultimum
1480 1297 1551 1354 ab
1581 1298 1817 1354 homini-

203 1380 315 1438 bus
336 1390 634 1461 separatus
654 1369 757 1440 est.
777 1369 1063 1460 Particeps
1079 1383 1301 1457 quoque
1320 1369 1427 1457 fuit
1440 1387 1499 1442 in
1519 1388 1811 1461 patientia,

200 1472 343 1543 quia
360 1473 507 1528 sicut
528 1474 787 1530 Christus
804 1475 1083 1547 patienter
1095 1476 1364 1531 sustinuit
1386 1476 1723 1549 passionem,
1758 1483 1816 1533 et

196 1578 337 1637 suos
358 1556 588 1618 crucitix
597 1580 723 1635 ores
737 1563 1133 1637 diligebat,pro
1148 1565 1351 1638 quibus
1362 1566 1774 1629 orabat,dicens
1789 1587 1804 1624 :

1908 497 2190 576 micidiurn
2212 503 2310 552 aut
2339 504 2541 583 caetera
2569 498 2825 554 crimina.
2860 500 2938 554 Ex
2980 498 3091 577 illis
3139 499 3345 571 quippe
3375 506 3502 555 erat

1905 603 2052 663 unus
2081 587 2283 663 quibus
2312 587 2451 642 dicit
2504 586 2772 642 Dominus
2796 610 2829 665 τι
2858 590 3007 667 Beati
3039 590 3197 643 eritis
3235 604 3362 661 cum
3407 605 3499 645 vos

1905 677 2121 750 oderint
2149 677 2414 741 homines,
2447 681 2495 730 et
2522 673 2899 757 separaverint
2922 692 3031 741 vos,
3066 682 3115 731 et
3147 678 3502 745 exprobrave-

1902 766 2097 829 rint,et
2116 767 2369 831 eiecerint
2392 764 2589 819 nomen
2602 770 2841 843 vestrum
2859 770 3126 843 tanquam
3147 768 3363 841 malum
3370 782 3506 835 pro—

1902 858 2026 921 pter
2055 870 2142 907 me
2166 854 2308 915 (Luc.
2342 867 2458 931 vr,‘
2484 859 2543 908 et
2582 853 2751 908 alibi:
2805 853 3037 933 Gaudete
3077 856 3222 931 quod
3266 858 3500 930 nomine

1904 948 2084 1017 vestra
2102 946 2306 1011 scripta
2335 947 2467 998 sunt
2500 945 2562 996 in
2581 945 2705 997 creto
2728 944 2874 1005 (Luc.
2900 941 2976 1010 x).
3009 942 3207 1021 Omnis
3229 943 3380 1009 enim
3398 943 3502 1019 qui

1905 1006 2112 1105 idcirco
2144 1026 2726 1109 patitur'passio‘nem,
2757 1030 2888 1102 quia
2924 1006 3270 1110 divinitatem
3298 1036 3366 1109 et
3396 1006 3500 1087 hu-

1903 1117 2241 1197 manitatem
2264 1117 2392 1173 Filii
2420 1116 2521 1172 Dei
2547 1117 3037 1199 praedicat,beatus
3061 1118 3190 1201 erit,
3212 1124 3269 1174 et
3292 1118 3499 1197 talibus

1902 1212 2119 1263 secreta
2147 1206 2393 1262 caelestia
2415 1205 2832 1281 revelabuntur,
2863 1223 2991 1262 cum
3013 1207 3084 1262 ad
3113 1207 3386 1263 visionem
3412 1209 3504 1265 sui

1901 1295 2256 1374 pervenerint
2278 1295 2577 1375 Creatoris.
2658 1369 2667 1375 .
3021 1362 3028 1375 ι

1970 1369 2075 1439 Fui
2098 1378 2160 1438 in
2189 1384 2393 1461 spiritu
2426 1369 2487 1438 in
2512 1369 2597 1439 die
2646 1369 2956 1440 Dominica.
2990 1369 3094 1439 Hic
3126 1386 3251 1461 jam
3297 1370 3491 1459 aperte

1896 1472 2335 1535 demonstratur,
2350 1458 2578 1530 beatum
2606 1474 2878 1551 Joannem
2910 1473 3055 1549 hanc
3090 1458 3359 1530 visionem
3377 1491 3493 1550 non

1895 1562 2279 1641 corporaliter,
2302 1563 2401 1617 sed
2445 1563 2502 1617 in
2541 1563 2744 1639 spiritu
2785 1563 3006 1639 vidisse.
3034 1563 3165 1641 Non
3193 1568 3385 1641 tamen

198 1634 401 1725 Pater,
427 1668 494 1706 ne
535 1634 747 1711 statuas
778 1634 893 1708 illis
923 1654 1021 1707 hoc
1034 1634 1326 1723 peccatum
1375 1655 1531 1728 (Act,
1553 1656 1649 1726 vn)
1682 1674 1693 1709 :
1725 1656 1806 1712 ita
1888 1651 2120 1716 tomnis,
2142 1634 2325 1730 sedili
2356 1634 2559 1731 διεωβί
2590 1656 2785 1717 raptus
2815 1658 2921 1717 est,
2949 1634 3094 1707 sicut
3118 1634 3175 1732 et
3214 1634 3487 1731 Ezechiel,

193 1746 256 1797 et
284 1740 488 1815 beatus
516 1742 761 1813 Joannes
790 1742 1061 1816 diligebat
1086 1759 1182 1797 eos
1203 1744 1299 1815 qui
1343 1744 1396 1798 ei
1424 1745 1574 1801 mala
1602 1735 1858 1803 infere-B
1883 1740 2126 1819 quicum
2162 1740 2382 1819 sederet
2402 1738 2461 1819 in
2490 1739 2658 1794 domo
2690 1756 2811 1799 sua,
2836 1746 2894 1795 et
2926 1756 3096 1819 senes
3141 1740 3290 1819 Juda
3328 1740 3484 1819 sede-

192 1827 358 1896 bant,
391 1808 449 1884 et
476 1847 576 1900 pro
606 1810 717 1903 illis
748 1806 964 1887 orabat.
991 1806 1245 1903 Regnum
1274 1837 1463 1888 autem
1490 1834 1715 1905 proprie
1734 1835 1805 1890 ad
1887 1806 2016 1885 rent
2038 1845 2224 1909 coram
2254 1806 2585 1892 ilio,ductus
2608 1833 2695 1909 est
2719 1834 2906 1883 mente
2924 1814 2983 1883 in
3010 1806 3343 1907 Jerusaiem,

191 1924 372 1991 caput
380 1919 524 1991 perti
532 1920 748 1992 net,qui
766 1926 855 1975 est
871 1937 1108 1991 regnum
1123 1928 1458 1993 perpetuum
1480 1929 1804 1979 sanctorum

189 2009 838 2081 suorum.Neque_enim
865 2009 1018 2084 aliud
1050 2027 1286 2081 regnum
1316 2016 1404 2066 est
1429 2012 1547 2068 suis
1562 2012 1799 2068 daturus

150 2152 165 2163 _
188 2097 389 2169 electis
408 2114 581 2171 quam
605 2098 876 2170 seipsum,
899 2098 1102 2170 quibus
1131 2100 1385 2155 dicturus
1423 2108 1507 2156 est
1529 2119 1543 2156 :
1593 2103 1793 2168 Venite,

190 2187 467 2242 benedicti
495 2189 678 2241 Patris
706 2190 812 2242 mei
831 2188 1052 2259 (Matth.
1084 2193 1245 2259 xxv),
1271 2190 1432 2260 quasi
1461 2190 1612 2245 dicat
1640 2208 1651 2241 :
1685 2192 1797 2246 Ve-

184 2273 332 2339 nite,
359 2268 634 2339 inembra,
664 2280 891 2346 regnate
920 2281 1047 2347 post
1068 2276 1491 2333 tribulationem
1511 2278 1568 2333 in
1589 2279 1791 2351 capite,

184 2362 331 2433 quia
361 2380 464 2434 ego
500 2380 738 2437 regnum
778 2370 1025 2419 vestrum
1050 2383 1064 2432 ς
1097 2365 1166 2419 de
1192 2366 1297 2420 hoc
1321 2383 1493 2437 regno
1517 2366 1638 2437 ipse
1659 2366 1797 2422 dicit

180 2451 433 2507 Judmis:
465 2454 710 2520 Regnum
736 2455 835 2509 Dei
856 2456 1011 2508 intra
1030 2450 1119 2525 vos
1165 2460 1240 2509 est
1284 2457 1428 2525 (Luc.
1464 2460 1619 2525 xm).
1652 2457 1793 2511 Con-

181 2541 559 2597 siderandum
589 2541 830 2612 denique
870 2542 1003 2613 quia
1034 2542 1094 2596 in
1134 2542 1315 2597 tribus
1368 2545 1700 2617 participem
1729 2562 1791 2600 se

180 2629 332 2683 dicit
361 2631 623 2697 Joannes,
656 2631 712 2685 in
760 2630 1122 2686 tribulatione
1171 2632 1402 2697 scilicet,
1429 2639 1487 2687 et
1534 2649 1704 2703 regno
1734 2639 1792 2689 et

178 2719 504 2790 patientia;
533 2720 630 2775 sed
652 2720 838 2789 media
864 2721 1065 2781 horum
1092 2726 1179 2777 est
1206 2738 1467 2791 regnum,
1485 2738 1587 2776 nec
1606 2728 1792 2793 potest

175 2806 479 2881 possideri,
515 2808 625 2880 nisi
655 2814 710 2862 et
729 2808 859 2870 hinc
890 2807 1179 2881 tribulatio
1203 2810 1543 2878 exercuerit,
1556 2817 1611 2865 et
1634 2811 1789 2867 illinc

174 2878 463 2966 patientia
476 2878 991 2953 deicnderitTenet
1007 2897 1157 2953 enim
1171 2878 1230 2953 in
1242 2898 1346 2953 hoc
1357 2898 1477 2953 loco
1487 2915 1787 2971 personam

172 2986 442 3060 omnium
469 2986 740 3042 ﬁdelium.

1888 1934 1995 1993 que
2025 1904 2172 1996 sicut
2192 1914 2404 1973 dictum
2434 1923 2539 1996 est,
2560 1902 2699 1995 nihil
2736 1933 2837 1988 per
2857 1934 3058 1994 corpus
3097 1902 3234 1973 vidit
3271 1902 3353 1973 vel
3381 1935 3481 1976 au.

1883 1990 2038 2087 divit,
2069 1990 2155 2061 vel
2209 2007 2405 2072 sensit,
2434 1990 2520 2060 vel
2574 1990 2867 2087 intellexit.
2892 2007 2978 2062 vel
3027 1990 3208 2079 ipsam
3250 2002 3479 2082 carnem

1879 2068 2130 2151 funditus
2148 2068 2416 2175 deseruit,
2445 2068 2669 2173 quando
2695 2095 2839 2173 hanc
2878 2068 3278 2151 revelationem
3315 2075 3473 2166 vidit,

1878 2184 1975 2239 sed
2005 2184 2286 2263 docendus
2306 2186 2437 2263 ejus
2464 2185 2756 2255 spiritus,a
2783 2184 2997 2257 Spiritu
3012 2184 3247 2263 docente
3260 2202 3476 2259 assum-

1876 2278 2008 2343 ptus
2033 2260 2119 2327 est
2177 2278 2241 2328 ut
2267 2260 2383 2327 alta
2410 2279 2468 2327 et
2501 2274 2738 2345 mystica
2768 2272 2958 2351 posset
2985 2260 3213 2329 intueri.
3252 2275 3474 2331 Notan-

1878 2361 2014 2417 dum
2051 2367 2238 2417 autem
2267 2360 2417 2442 quod
2439 2379 2497 2417 se
2527 2379 2641 2417 non
2669 2362 2726 2416 in
2773 2362 2863 2418 die
2899 2362 3139 2439 sabbati,
3169 2369 3271 2418 aut
3315 2368 3475 2439 sexta

1874 2450 2035 2510 feria.
2058 2452 2156 2506 sed
2186 2452 2245 2506 in
2276 2452 2367 2528 die
2396 2452 2689 2515 Dominica
2733 2458 2957 2528 raptum
2982 2452 3161 2528 fuisse
3186 2453 3340 2527 dicit;
3372 2454 3473 2509 So.

1873 2539 1951 2593 let
1973 2524 2396 2617 enim‘qnalitas
2418 2557 2606 2613 rerum
2644 2524 2860 2617 pstendi
2889 2558 2990 2615 pro
3018 2524 3293 2612 qualitate
3314 2526 3469 2615 tem-

1872 2644 2095 2709 porum.
2127 2629 2268 2685 Hinc
2308 2628 2395 2684 est
2423 2629 2571 2707 quod
2591 2628 2873 2705 Abraham
2895 2628 2953 2684 in
2968 2629 3186 2685 fervore
3198 2630 3331 2684 fidei
3350 2647 3468 2686 sum

1871 2718 2101 2788 angelos
2118 2718 2351 2773 meridie
2367 2719 2587 2787 vidit,et
2608 2717 2754 2772 Loth
2778 2718 2836 2772 in
2856 2718 3169 2791 perditione
3191 2720 3465 2775 Sodomo-

1870 2823 1997 2861 rum
2025 2807 2445 2878 vesperi,Adam
2461 2813 2588 2878 post
2613 2807 2905 2862 meridiem
2926 2807 3219 2872 ;Salemon
3237 2825 3463 2881 quoque

1868 2896 2203 2971 sapientiam
2243 2912 2356 2951 non
2397 2901 2722 2969 servaturus
2758 2896 2819 2950 in
2861 2901 3023 2953 nocte
3058 2896 3328 2969 percepit.
3371 2898 3462 2954 Ita

1865 2984 2000 3062 ergo
2022 2986 2077 3040 in
2106 2986 2211 3040 hoc
2238 2986 2360 3040 loco
2386 3002 2487 3056 per
2512 2985 2662 3040 diem
2699 2985 3048 3041 Dominicam
3079 2991 3274 3057 aperte
3317 2987 3458 3061 ﬁdes

248 3078 361 3135 Fui
372 3080 436 3131 in
451 3079 770 3147 insulaque
788 3082 1016 3133 vocatur
1030 3079 1285 3133 Pathmos
1298 3083 1525 3148 propter
1549 3081 1781 3165 l’erbum
1799 3103 1844 3165 ο
1863 3075 2215 3165 intelligitur,
2242 3092 2364 3165 quae
2382 3076 2504 3165 iam
2534 3074 2833 3165 manifesta
2852 3080 2973 3130 erat
2998 3075 3057 3130 in
3083 3080 3201 3131 toto
3223 3077 3454 3146 mundo,

168 3166 278 3220 Dei
304 3171 357 3219 et
387 3168 768 3220 testimonium
789 3168 917 3221 Jesu
956 3167 1182 3222 Christi.
1215 3166 1470 3232 Quatuor
1494 3152 1661 3224 rebus
1690 3170 1780 3226 hic
1803 3152 1844 3165 ν
1863 3164 2086 3235 quando
2116 3165 2226 3219 ista
2256 3164 2477 3221 videbat
2494 3164 2692 3225 beatus
2711 3164 2975 3220 Joannes.
2991 3166 3019 3219 J
3025 3182 3117 3221 am
3138 3166 3288 3220 enim
3308 3168 3456 3236 Apo-

165 3270 344 3328 suam
372 3255 671 3325 confirmat
695 3254 1112 3310 narrationem:
1148 3272 1409 3327 persona,
1440 3274 1569 3312 cum
1601 3244 1771 3313 dicit:

164 3343 294 3415 Ego
322 3344 568 3399 Joannes
586 3363 601 3415 ί
622 3344 765 3409 loco,
789 3360 917 3399 cum
933 3361 993 3398 se
1010 3344 1068 3401 in
1084 3345 1351 3401 Pathmos
1366 3345 1607 3402 insulam
1636 3347 1778 3402 rele-

162 3438 371 3501 gatum
388 3432 634 3487 ostendit
653 3452 685 3501 ;,
700 3449 1072 3504 causa,quare
1089 3433 1206 3488 hinc
1223 3450 1424 3505 passus
1434 3435 1525 3495 sit.
1546 3440 1777 3508 propter

162 3520 423 3594 Verbum
445 3521 658 3576 scilicet
676 3522 776 3577 Dei
782 3527 862 3591 ,et
877 3523 1211 3594 tempore,id
1233 3529 1321 3578 est
1339 3524 1431 3578 die
1445 3525 1737 3587 Dominica
1749 3570 1763 3585 .

160 3608 279 3665 Fui
308 3609 367 3663 in
406 3610 594 3683 insula
622 3627 747 3682 quae
775 3616 1005 3666 vocatur
1028 3612 1328 3681 Pathmos;
1375 3613 1614 3673 historia
1637 3621 1774 3671 nota

158 3704 275 3765 est,
309 3698 540 3755 beatum
567 3700 841 3755 Joannem
881 3699 1095 3755 scilicet
1135 3700 1195 3755 in
1231 3702 1499 3757 Pathmos
1528 3703 1770 3759 insulam

155 3786 485 3863 relegatum
498 3794 727 3859 propter
746 3788 991 3843 Verbum
1014 3788 1229 3856 Dei,cui
1249 3790 1631 3846 testimonium
1649 3808 1773 3863 per.

153 3875 419 3943 bibebat,
451 3877 675 3934 dicens:
714 3878 779 3932 In
806 3878 1073 3963 principio
1095 3885 1219 3935 erat
1244 3878 1523 3947 Verbum;
1558 3886 1617 3934 et
1634 3897 1771 3951 pro-

152 3972 292 4038 pter
319 3966 707 4023 testimonium
736 3968 871 4022 Jesu
900 3967 1130 4033 Christi,
1163 3968 1312 4039 quod
1340 3968 1394 4023 ei
1413 3969 1764 4040 perhibebat,

154 4056 316 4126 quod
347 4056 563 4111 scilicet
584 4062 734 4112 esset
757 4073 920 4113 verus
946 4057 1097 4113 Deus
1122 4063 1176 4112 et
1189 4073 1352 4113 verus
1377 4058 1545 4115 homo
1566 4077 1578 4112 :
1598 4064 1655 4113 et
1673 4059 1766 4114 cui

151 4142 482 4214 negabatur
511 4150 662 4199 terra
690 4151 949 4216 apertum
979 4152 1067 4200 est
1095 4147 1317 4206 caelum.
1350 4145 1767 4219 Interpretatur

150 4242 355 4289 autem
385 4234 658 4289 Pathmos
680 4233 891 4290 fretum
920 4253 936 4302 ;
965 4234 1044 4291 ibi
1068 4236 1275 4307 quippe
1317 4236 1561 4307 amplius
1589 4236 1765 4293 fervet

149 4339 337 4388 mare,
363 4323 515 4394 quod
544 4321 749 4378 fretum
792 4324 1018 4391 dicitur,
1050 4324 1144 4380 ubi
1180 4325 1476 4395 angustius
1528 4334 1616 4382 est
1646 4341 1657 4375 :
1707 4333 1764 4383 et

1859 3254 1988 3329 steti
2009 3253 2242 3326 profecti
2266 3254 2709 3326 praedicaverunt
2740 3252 2966 3325 ubique,
3001 3259 3057 3309 et
3102 3256 3226 3325 jam
3253 3271 3456 3327 corpo-

1858 3343 1994 3398 ralis
2018 3343 2412 3399 illiusvacatio
2441 3343 2658 3398 sabbati
2685 3344 2743 3398 in
2773 3344 3087 3416 spiritalem
3114 3346 3445 3405 transierat:

1858 3432 2104 3507 Ecclesia
2126 3449 2348 3506 quoque
2379 3450 2547 3504 quam
2580 3432 2777 3489 beatus
2805 3435 3049 3491 Joannes
3076 3435 3449 3507 signiﬁcabat,

1848 3522 1969 3590 jam
1996 3502 2354 3577 iactavcar'nis
2380 3502 2746 3590 mortificans,
2767 3522 2825 3579 in
2863 3523 3044 3579 lucem
3084 3502 3329 3595 spiritus
3355 3502 3451 3583 ισέ

1852 3610 2153 3681 surgebat:
2184 3618 2242 3665 et
2260 3628 2455 3666 omnes
2474 3612 2635 3666 electi
2654 3611 2714 3666 in
2741 3612 2832 3666 die
2862 3600 3453 3686 Dominieasunhquia

1852 3698 1919 3752 ad
1946 3699 2155 3770 gaudia
2175 3699 2377 3754 futurae
2403 3700 2828 3755 resurrectionis
2849 3700 3210 3761 hilarcscunt.

1922 3788 1987 3843 Et
2015 3789 2211 3842 audivi
2226 3794 2343 3857 post
2362 3805 2445 3848 me
2474 3805 2651 3845 vocem
2685 3805 2948 3857 magnam
2988 3795 3259 3859 tanquam
3278 3793 3440 3860 tuba.

1850 3876 2080 3931 dicentis
2102 3878 2275 3932 mihi:
2324 3879 2475 3945 Quod
2510 3879 2656 3933 vides
2700 3880 2871 3933 scribe
2899 3881 2964 3933 in
3012 3881 3173 3937 libro.
3201 3880 3358 3937 Sicut
3382 3881 3445 3940 in

1849 3965 2051 4036 spiritu
2080 3965 2296 4036 positus
2327 3966 2645 4037 spiritualia
2684 3966 2842 4032 vidit,
2871 3967 2952 4022 sic
2981 3983 3050 4022 ea
3071 3984 3196 4039 quae
3226 3970 3445 4026 audivit

1846 4070 1949 4108 vox
1975 4055 2287 4126 spiritualis
2314 4054 2455 4122 fuit;
2506 4055 2737 4123 scilicet,
2765 4055 2862 4126 qui
2907 4062 3066 4112 extra
3107 4073 3312 4129 corpus
3342 4075 3445 4131 per

1845 4144 2374 4215 contemplationem
2425 4143 2662 4199 eductus
2700 4143 2905 4211 fuerat,
2963 4146 3441 4216 quemadmodum

1845 4231 2074 4287 dorsum
2096 4220 2423 4287 habebatur.
2458 4233 2585 4289 Non
2614 4232 2766 4287 enim
2793 4249 2894 4304 per
2920 4248 3123 4305 corpus
3142 4235 3253 4291 ista
3279 4235 3436 4304 vidit,

1844 4308 1908 4375 ut
1932 4327 2059 4391 post
2081 4322 2313 4376 dorsum
2369 4321 2617 4392 corporis
2646 4321 2860 4393 aliquid
2882 4322 3127 4390 videret;
3150 4325 3249 4383 sed
3268 4325 3438 4385 faciei

149 4412 283 4467 ideo
322 4429 441 4467 non
486 4412 941 4469 inconvenienter
984 4430 1085 4485 per
1130 4430 1335 4469 nomen
1366 4414 1529 4469 istius
1563 4409 2483 4495 insulgDilliusintelligiturin
2503 4411 3441 4485 viscontemplationis,qumexten.

150 4501 425 4571 angustia
445 4501 721 4571 passionis
734 4502 1085 4573 exprimitur,
1109 4517 1279 4573 quam
1291 4502 1612 4574 patiebatur
1627 4503 1760 4560 bea-

147 4596 245 4645 tus
265 4589 689 4653 Joannes,sicut
706 4590 893 4645 cmteri
912 4607 1153 4661 quorum
1176 4606 1471 4661 personam
1487 4592 1723 4662 gerebat
1735 4636 1751 4652 .

148 4679 381 4744 Quanto
406 4679 588 4749 magis
617 4678 769 4733 enim
798 4680 979 4734 sancti
1001 4679 1059 4733 in
1075 4679 1338 4750 praesenti
1356 4680 1472 4735 vita
1492 4681 1758 4753 afﬂigun-

143 4776 261 4835 tur,
287 4784 355 4823 eo
387 4769 630 4839 amplius
657 4767 767 4822 illis
795 4774 1014 4823 secreta
1031 4769 1281 4823 caelestia
1300 4770 1749 4826 manifestantur.

144 4858 311 4915 Unde
326 4858 538 4917 Paulus
554 4858 611 4914 in
624 4873 849 4914 carcere
864 4858 1082 4930 positus
1094 4858 1332 4914 dicebat:
1351 4861 1552 4916 Nostra
1566 4867 1752 4916 autem

143 4950 491 5005 conversatio
508 4950 570 5002 in
589 4949 731 5003 eatis
751 4952 826 5002 est
838 4946 866 5017 /
870 4948 1070 5016 Philip.
1097 4957 1193 5013 ιιι).
1214 4948 1505 5004 Sustineat
1528 4964 1751 5020 quoque

144 5043 202 5091 et
226 5036 342 5108 ipsi
373 5036 508 5091 mali
527 5052 740 5111 pcenas,
773 5036 908 5108 quia
925 5036 1670 5097 homicidminterﬁciuntur,
1687 5038 1750 5093 in

143 5124 474 5179 carceribus
502 5125 897 5181 recluduntur:
922 5125 1021 5179 sed
1041 5140 1152 5180 non
1170 5142 1336 5196 poena
1348 5126 1480 5181 facit
1502 5132 1743 5189 sanctos,

141 5214 240 5268 sed
255 5213 509 5283 justitia.
544 5213 797 5268 Sustinet
826 5214 1155 5285 plerumque
1172 5215 1360 5283 justus
1388 5215 1618 5284 similia,
1647 5216 1745 5272 sed

132 5303 329 5372 justus
386 5308 618 5373 propter
663 5302 942 5372 justitiam
975 5309 1295 5369 coronatur,
1329 5303 1575 5373 injustus
1606 5321 1746 5383 vero

138 5398 378 5463 propter
398 5391 753 5461 iniquitatem
775 5392 1247 5448 damnatucliinc
1262 5391 1562 5448 Psalmista
1586 5393 1738 5450 dicit:

136 5472 341 5536 Indica
372 5498 477 5542 me,
512 5483 668 5548 Deus,
692 5486 744 5537 et
790 5482 1036 5536 discerne
1066 5497 1293 5536 causam
1332 5496 1513 5536 meam
1548 5483 1731 5551 {Psah

1842 4497 2081 4553 debetur
2094 4499 2166 4553 ad
2189 4515 2256 4554 ea
2284 4515 2408 4571 quae
2437 4498 2675 4566 videbat,
2704 4500 2939 4555 dorsum
2977 4517 3107 4556 vero
3136 4501 3339 4557 oblivio
3366 4503 3439 4560 de

1841 4588 2232 4657 praesentibus,
2264 4605 2331 4643 ex
2358 4588 2561 4658 quibus
2600 4588 2836 4643 eductus
2880 4606 2983 4660 per
3023 4589 3285 4660 spiritum
3312 4592 3438 4661 iam

1840 4675 2062 4731 videbat
2123 4677 2337 4731 idcirco
2382 4677 2571 4748 itaque
2600 4676 2920 4733 cmlestibus
2945 4678 3216 4745 intentus,
3243 4694 3433 4736 vocem

1838 4763 1893 4818 in
1916 4765 2004 4821 his
2032 4782 2157 4837 qua:
2184 4766 2392 4821 oblitus
2428 4766 2610 4821 fuerat
2632 4765 2865 4829 audivit,
2899 4775 2967 4821 ut
2988 4764 3189 4821 faciem
3222 4766 3432 4823 mentis

1836 4854 1905 4907 ad
1927 4871 1995 4909 ea
2016 4860 2445 4920 converteret,et
2465 4872 2533 4909 ea
2552 4870 2675 4924 quae
2692 4852 2915 4908 videbat
2931 4853 3282 4911 auditoribus
3303 4868 3432 4925 pro-

1834 4944 2024 4999 futura
2036 4944 2412 5009 scriberet,ita
2427 4950 2484 4998 et.
2501 4943 2681 4998 sancti
2696 4948 2823 5014 post
2840 4958 2900 4997 se
2918 4942 3111 4997 omnia
3129 4936 3424 5013 precantis

1833 5032 1955 5087 vita:
1978 5033 2186 5103 gaudia
2230 5032 2456 5100 habent,
2487 5036 2543 5087 et
2586 5032 2645 5086 in
2690 5037 2823 5086 ante
2861 5047 2924 5085 se
2964 5032 3292 5098 extendunt,
3321 5049 3425 5104 pro

1830 5122 2007 5176 nihilo
2026 5123 2293 5178 ducentes
2314 5122 2503 5177 omnia
2523 5120 2877 5192 temporalia,
2896 5120 3034 5177 dum
3062 5121 3425 5180 considerant

1827 5214 2029 5270 futurae
2050 5215 2174 5269 vitae
2189 5214 2581 5285 gaudia,juxta
2600 5213 2740 5268 illud
2751 5212 3008 5284 ’Apostoli
3030 5230 3043 5267 :
3068 5214 3255 5272 Unum
3270 5216 3423 5287 quod

1826 5310 1975 5359 retro
1996 5311 2081 5359 est
2097 5306 2434 5367 obtiviscens,
2450 5302 2506 5358 in
2525 5301 2904 5357 anteriuribits
2928 5318 3020 5357 me
3042 5304 3300 5371 extende,
3330 5320 3417 5365 sc-

1825 5408 2004 5464 quens
2046 5394 2302 5447 bravian
2353 5397 2576 5447 mternm
2602 5394 2899 5449 vocationis
2927 5393 3161 5462 (Philip;
3190 5395 3295 5463 tu).
3320 5392 3413 5452 Sic

1823 5488 2012 5541 autem
2047 5481 2254 5537 dicitur
2277 5481 2329 5537 ei
2354 5498 2368 5529 :
2588 5481 2742 5537 vides
2771 5480 2952 5537 scribe
2977 5481 3038 5537 in
3068 5481 3230 5545 libro,
3258 5497 3327 5537 ac
3359 5481 3409 5561 si

137 5573 291 5640 xui).
317 5569 479 5624 Unde
510 5568 652 5624 bene
689 5575 920 5643 propter
956 5568 1204 5625 Verbum
1241 5568 1344 5625 Dei
1387 5574 1442 5624 et
1488 5568 1738 5625 testimo-
1818 5569 2130 5626 diceretur:
2162 5570 2323 5635 Quod
2344 5558 2567 5626 visurus
2620 5587 2699 5627 es.
2723 5571 2976 5627 Necdum
3003 5569 3154 5625 enim
3195 5558 3411 5639 aliquid
