3884 6154
197 270 302 327 953

1132 260 1514 333 EXPQSITIO
1543 260 1621 317 IN
1650 252 2177 316 APOCALYPSIN.
2217 280 2288 295 -
2315 251 2448 311 LIB.
2477 249 2524 309 Ῑ.

3373 244 3481 305 956

196 395 464 450 deaurato
493 394 659 465 (Ρεαιο
689 394 839 460 κων)
866 409 880 458 ;
921 396 980 445 ει
1009 389 1069 444 in
1111 387 1360 445 CantiCiS
1387 387 1736 443 canticorum
1787 388 1863 445 εΑ
1882 398 2149 461 colorem,
2184 396 2318 468 quia
2344 395 2589 468 refulget
2607 393 2795 449 divina
2812 391 3107 465 sapientia,
3129 391 3200 448 de
3219 406 3332 464 qua
3349 389 3484 448 scri-

192 485 524 540 Murenulas
549 498 750 537 aureas
785 482 1055 550 faciemus
1081 479 1181 531 tibi
1207 479 1397 544 (Cant.
1435 476 1495 546 1).

263 573 676 641 Philadelphia.
695 567 1086 639 Philadelphia
1103 566 1309 621 dicitur
1334 571 1557 622 satvans
1576 565 1798 622 haredi-

194 665 363 716 tatem
388 662 505 716 Dei.
531 658 665 731 Ipsa
692 658 843 713 enim
864 655 1117 711 Ecclesia
1146 655 1443 710 hareditas
1474 656 1697 722 dicitur,
1732 656 1801 711 de

1879 492 2038 560 ptum
2070 490 2157 541 est
2193 508 2204 540 :
2238 484 2540 541 Thesauris
2563 481 2951 539 desiderabilis
2978 480 3357 554 requiescitin
3385 497 3485 537 ore

1883 575 2171 647 sapientis.
2195 573 2384 629 Habet
2403 573 2852 645 lucernam,quia
2866 572 3018 628 lucet
3034 570 3202 627 verbo
3223 575 3280 625 et
3298 586 3483 626 exem-

1886 664 1998 735 plo,
2044 664 2209 734 juxta
2260 662 2407 734 quod
2436 663 2647 719 Paulus
2673 661 2811 716 dicit
2843 678 2857 717 :
2893 664 2962 717 In
3003 662 3183 715 medio
3234 660 3482 716 nationis

194 766 308 821 qua
364 750 534 804 Pater
577 748 650 802 ad
696 746 942 802 Filium:
974 747 1196 801 Ροεειιια
1226 761 1261 799 α
1301 761 1405 811 τηε,
1432 749 1480 798 εἰ
1516 746 1653 799 dabo
1698 746 1799 799 tibi
1874 768 2061 821 prava
2090 756 2139 806 et
2176 767 2460 821 perversae,
2483 754 2633 806 inter
2661 751 3147 821 quoslucetissicut
3167 749 3483 803 luminaria

195 845 379 907 gentes
394 838 767 893 hereditatem
808 840 965 890 tuam
995 836 1158 903 (Psat.
1190 836 1271 903 11),
1296 839 1353 889 et
1381 834 1451 888 de
1476 849 1586 905 qua
1615 833 1799 888 coloni

193 927 332 982 mali
361 926 612 981 videntes
656 924 954 989 haredem,
999 923 1302 977 dixerunt:
1348 924 1453 978 llic
1490 928 1565 977 est
1612 923 1797 989 hares,

191 1019 372 1071 uenite
393 1016 704 1071 occidamus
716 1030 861 1080 eum,
876 1019 923 1067 et
944 1017 1134 1067 nostra
1151 1015 1257 1066 erit
1278 1013 1564 1067 hereditas
1579 1011 1800 1081 (Matth.

1880 844 1945 896 in
1974 842 2203 905 mundo,
2229 842 2457 895 verbum
2478 842 2600 895 vita
2612 839 3178 910 continentes(Phitip.
3201 836 3485 897 11).Habet

1882 946 2107 1002 quoque
2118 934 2175 985 et
2194 928 2602 1001 longitudinem
2623 928 2682 983 in
2703 927 3131 999 longanimitate
3149 925 3271 998 spei
3289 929 3348 980 et
3358 939 3484 997 per-

1884 1019 2279 1087 severantiam,
2319 1018 2544 1073 dicente
2572 1017 2812 1074 Domino
2844 1037 2855 1071 :
2914 1017 3022 1085 Qui
3054 1015 3483 1085 perseveraverit

189 1109 332 1174 xxI).
364 1106 491 1176 Ipsa
518 1109 605 1159 est
624 1119 760 1174 ager
786 1102 907 1165 Dei,
939 1102 1061 1175 ipsa
1091 1107 1147 1157 et
1158 1101 1341 1169 vinea,
1394 1116 1516 1173 qua
1537 1116 1639 1172 per
1656 1116 1801 1171 pra-

190 1194 481 1250 dicatores
522 1209 655 1248 suos
696 1193 776 1248 ita
819 1191 1035 1247 salvere
1076 1191 1284 1262 satagit
1323 1188 1704 1262 semetipsum,
1737 1200 1802 1245 ut

1882 1123 2052 1178 usque
2082 1111 2146 1162 in
2173 1110 2361 1176 ﬁnem,
2395 1108 2484 1162 hic
2512 1109 2697 1161 salvus
2741 1109 2851 1160 erit
2882 1106 3101 1178 (Matth.
3129 1107 3299 1162 πων).
3338 1101 3485 1167 Quia

1882 1196 2054 1251 etiam
2079 1195 2479 1250 candelabrum
2509 1194 2799 1250 tundendo
2827 1193 3174 1267 producitur,
3198 1190 3335 1247 satis
3352 1206 3486 1246 con-

191 1284 304 1338 fide
344 1289 403 1339 et
440 1299 608 1356 Opere
652 1282 767 1337 Deo
818 1282 1057 1354 placeat,
1089 1285 1146 1335 et
1192 1279 1263 1334 ab
1307 1279 1460 1335 illius
1511 1278 1825 1355 voluntate,
1878 1285 2035 1340 venit
2059 1284 2338 1350 Ecclesiae,
2371 1300 2494 1356 qua
2519 1283 2752 1338 diversis
2782 1283 3025 1339 afficitur
3050 1283 3110 1338 in
3146 1282 3252 1337 hoc
3278 1279 3482 1336 saeculo

187 1389 488 1445 nunquam
519 1372 763 1427 recedat.
1142 1382 1153 1389 '
1880 1373 2343 1448 pressuris,inter
2371 1389 2512 1445 quas
2531 1372 2971 1427 consolationem
3001 1370 3231 1426 adhibet
3252 1370 3336 1425 illi
3365 1369 3483 1425 Do-

264 1461 821 1519 Laodiciahaodicia
844 1460 1081 1515 vertitur
1102 1459 1159 1513 in
1181 1463 1376 1513 nostra
1399 1457 1591 1529 lingua
1623 1459 1799 1512 tribus
1881 1462 2070 1518 minus
2098 1462 2323 1517 dicens:
2348 1463 2482 1517 Cum
2508 1462 2883 1515 ambulaveris
2903 1463 2965 1514 in
2988 1462 3252 1528 igne,non
3265 1458 3481 1513 combu-

191 1553 463 1606 amabilis
491 1552 747 1615 Domino,
799 1549 914 1604 sive
958 1549 1190 1603 fuerunt
1231 1547 1289 1602 in
1320 1546 1557 1604 vomitu.
1594 1546 1798 1602 Tribus
1879 1555 2046 1616 reris,
2066 1556 2116 1605 et
2144 1554 2378 1622 ﬂamma
2408 1566 2518 1604 non
2540 1551 2756 1604 ardebit
2787 1552 2850 1604 in
2882 1554 2934 1603 te
2963 1546 3090 1619 Usa.
3123 1550 3366 1614 111.111);et
3383 1561 3486 1618 per

189 1639 429 1695 nomine
453 1655 612 1693 sacra
628 1638 921 1710 Scriptura
942 1654 1087 1709 sape
1101 1637 1315 1703 utitur;
1339 1635 1489 1691 unde
1508 1639 1596 1691 est
1620 1653 1631 1688 :
1657 1637 1799 1690 Illuc
1879 1640 2216 1712 Prophetam
2241 1656 2252 1692 :
2278 1639 2600 1694 Convertam
2623 1654 2861 1693 manum
2877 1654 3057 1693 meam
3072 1638 3146 1692 ad
3178 1641 3302 1703 te,et
3330 1651 3485 1690 exco-

189 1731 349 1783 enim
380 1728 746 1782 ascenderunt
779 1728 976 1789 tribus,
1004 1728 1182 1787 tribus
1211 1727 1434 1780 Domini
1450 1725 1791 1794 (Psal.cxx1).
1810 1743 1858 1804 Β
1880 1745 2049 1797 quam
2087 1730 2162 1782 ad
2174 1744 2389 1797 purum
2418 1731 2658 1782 scoriam
2698 1732 2855 1781 tuam
2901 1728 3027 1798 (Isa.
3070 1724 3127 1794 1).
3150 1725 3222 1780 Et
3248 1724 3387 1779 bene
3422 1722 3485 1778 in

190 1819 242 1873 Α
271 1817 460 1872 tribus
478 1816 691 1871 scilicet
717 1815 1027 1880 ordinibus,
1051 1815 1147 1886 qui
1169 1815 1402 1869 forsitan
1424 1818 1589 1869 erant
1608 1813 1666 1868 in
1696 1830 1798 1886 ρο·-
1882 1817 2069 1872 medio
2089 1822 2303 1889 septem
2333 1815 2799 1871 candelabrorum
2826 1830 3126 1869 aureorum
3153 1812 3304 1868 videt
3317 1812 3484 1867 Joan-

190 1907 331 1979 pulo
341 1906 687 1972 Iudaeorum,
710 1906 858 1960 sicut
876 1904 1107 1959 fuerunt
1125 1903 1271 1975 apud
1291 1903 1593 1967 Romanos,
1628 1902 1688 1957 in
1710 1919 1802 1957 se-
1883 1923 1983 1962 nes
1998 1906 2241 1960 similem
2252 1905 2393 1959 Filio
2408 1904 2673 1972 hominis,
2706 1904 2839 1976 quia
2850 1901 3211 1974 Christusqui
3225 1899 3484 1957 Ecclesia

194 1995 497 2077 natoribus
534 1995 761 2062 scilicet,
781 1993 1073 2059 militibus,
1102 1999 1158 2047 et
1183 1992 1463 2064 agricolis.
1490 1992 1572 2047 ita
1613 1996 1671 2047 et
1694 1991 1795 2046 Ec-
1884 2013 1999 2050 sua
2016 1994 2298 2067 prasidet,
2323 1999 2380 2049 et
2398 1993 2749 2066 prasidendo
2780 2008 2903 2048 eam
2927 1992 3189 2064 protegit,
3210 1990 3270 2046 in
3295 1988 3481 2045 medio

188 2085 369 2140 clesia
386 2084 599 2139 eisdem
627 2083 811 2139 tribus
838 2083 1020 2138 modis
1048 2082 1371 2154 partitur,in
1393 2080 1796 2145 sacerdotibus,
1882 2085 2187 2139 electorum
2217 2099 2446 2138 suorum
2478 2088 2581 2148 est,
2605 2082 2913 2138 secundum
2932 2081 3074 2137 illud
3105 2100 3116 2133 :
3150 2081 3247 2136 Ubi
3265 2080 3485 2149 fuerint

191 2172 500 2239 militibus,
522 2177 579 2227 et
604 2170 1058 2243 agricultoribus.
1090 2187 1213 2242 qua
1240 2170 1423 2225 tribus
1442 2168 1698 2224 amabilis
1718 2169 1801 2223 di-
1880 2174 1989 2227 duo
2010 2175 2090 2227 vel
2114 2178 2221 2227 tres
2243 2175 2560 2240 congregati
2581 2173 2644 2226 in
2664 2174 2886 2225 nomine
2901 2187 3035 2233 meo,
3057 2171 3138 2224 ibi
3147 2185 3272 2223 sum
3287 2171 3350 2223 in
3371 2183 3481 2223 me-

188 2262 364 2325 citur,
383 2262 550 2333 juxta
582 2260 734 2332 quod
769 2259 1071 2331 Apostolus
1090 2259 1263 2313 dicit:
1300 2257 1407 2322 Qui
1446 2258 1639 2312 dilexit
1672 2274 1795 2324 nos,
1880 2262 1971 2316 dio
1992 2277 2184 2316 eorum
2210 2261 2427 2334 (Matth.
2453 2261 2612 2328 xv111)
2633 2279 2649 2325 ;
2671 2265 2729 2314 et
2755 2258 2925 2314 alibi:
2957 2260 3187 2313 Exsulta
3206 2263 3256 2311 et
3283 2257 3475 2323 lauda,

189 2357 250 2407 et
279 2350 420 2405 lavit
447 2365 550 2404 nos
587 2364 622 2403 a
647 2349 889 2420 peccatis
910 2348 1137 2402 nostris.
1162 2348 1231 2402 Et
1252 2347 1371 2419 ipse
1386 2347 1660 2403 Dominus
1682 2347 1800 2403 :Sic
1881 2351 2150 2425 habitatio
2179 2349 2333 2416 Sion,
2368 2352 2503 2418 quia
2532 2365 2772 2417 magnus
2801 2351 2866 2403 in
2912 2348 3090 2401 medio
3124 2348 3212 2400 tui
3260 2350 3485 2400 sanctus

188 2442 393 2496 dilexit
427 2440 568 2493 Deus
593 2439 888 2498 mundum,
923 2441 987 2490 ut
1014 2439 1223 2491 Filium
1246 2453 1409 2491 suum
1440 2439 1799 2504 unigenitum
1883 2441 2055 2493 Israel
2086 2439 2217 2506 (Isa.
2241 2442 2354 2503 χιι).
2391 2436 2736 2491 Intuendum
2765 2440 2853 2491 est
2878 2440 3071 2491 autem
3096 2434 3227 2507 quia
3256 2450 3371 2490 non
3391 2432 3487 2489 ab-

189 2532 359 2584 daret
385 2528 574 2598 (Joan.
603 2530 710 2595 111).
742 2524 920 2580 Porro
951 2526 1101 2597 quod
1134 2525 1344 2580 dicitur
1369 2525 1600 2579 fuerunt
1627 2525 1684 2579 in
1713 2540 1801 2579 vo-
1884 2528 2067 2582 solute
2096 2526 2234 2582 dicit
2257 2542 2318 2581 se
2348 2526 2552 2580 vidisse
2582 2526 2784 2580 Filium
2806 2524 3073 2591 hominis,
3114 2523 3213 2578 sed
3242 2521 3484 2577 similem

191 2616 364 2683 mitu,
388 2616 460 2670 ad
480 2614 747 2687 reprobos
765 2615 1031 2686 pertinet,
1056 2615 1151 2686 qui
1180 2614 1347 2669 simul
1382 2614 1644 2685 permixti
1670 2618 1804 2668 sunt
1883 2615 2024 2671 Filio
2056 2613 2430 2670 hominis.Ille
2452 2614 2602 2669 enim
2620 2614 2854 2684 angelus
2869 2615 2961 2685 (ut
2974 2627 3120 2683 sape
3139 2611 3353 2666 dictum
3375 2613 3487 2681 est)

191 2705 384 2769 bonis,
402 2704 549 2758 sicut
565 2704 625 2758 in
651 2720 784 2758 area
794 2719 974 2774 grana
993 2720 1119 2757 cum
1140 2703 1335 2774 paleis.
1361 2700 1472 2768 Qui
1493 2702 1661 2757 etiam
1698 2718 1803 2757 sua
1882 2720 2179 2777 personam
2194 2703 2403 2759 Christi
2416 2701 2669 2774 gerebat,
2689 2702 2786 2773 qui
2815 2701 3021 2756 idcirco
3040 2716 3153 2755 non
3169 2700 3288 2770 jam
3307 2698 3485 2754 Filius

188 2793 499 2867 praesentia
520 2798 755 2863 gravant
788 2797 1030 2858 sanctos,
1060 2792 1232 2846 veluti
1278 2791 1429 2846 noxii
1478 2790 1607 2845 cibi.
1638 2791 1799 2846 Unde
1881 2792 2146 2858 hominis,
2177 2792 2277 2847 sed
2309 2791 2511 2846 similis
2539 2791 2681 2846 Filio
2705 2789 2949 2845 hominis
2975 2787 3314 2861 appellatur,
3349 2786 3485 2858 quia

190 2888 257 2938 et
282 2899 517 2937 necesse
545 2888 632 2936 est
659 2886 724 2935 ut
742 2881 1040 2952 ejiciantur
1059 2881 1127 2935 de
1148 2896 1379 2952 corpore
1391 2879 1800 2936 Christi.Tales
1882 2882 2097 2937 devicta
2116 2892 2296 2936 morte
2321 2882 2442 2953 jam
2466 2896 2580 2935 non
2608 2879 2867 2946 moritur,
2910 2894 3062 2933 mors
3086 2876 3169 2931 illi
3191 2876 3342 2931 ultra
3369 2890 3484 2930 non

189 2970 397 3041 utique
425 2970 656 3024 fuerunt
686 2968 1056 3039 haretici,qui
1085 2967 1250 3039 ejecti
1281 2972 1414 3022 sunt
1433 2966 1504 3021 ab
1529 2967 1794 3035 Ecclesia,
1820 3017 1863 3076 c
1883 2969 2302 3037 dominabitur;
2327 2970 2413 3024 vel
2432 2973 2582 3023 certe
2598 2967 2799 3024 similis
2815 2967 2958 3023 Filio
2972 2964 3218 3021 hominis
3229 2970 3481 3031 vocatur,

209 3059 255 3076 ‘I,
332 3058 457 3076 ,,,-I,,,
532 3059 765 3076 'I'e_,e._-,
798 3056 919 3076 12,2ι
956 3073 965 3076 -
1007 3058 1249 3076 ne---_1!_
1286 3059 1533 3076 ___'----s_-4
1585 3058 1791 3076 --.πημη
1961 3059 1972 3070 ·
2056 3058 2142 3076 γινσ
2187 3075 2226 3076 κγ
2260 3074 2396 3076 ,,__,,
2438 3063 2679 3076 ,__,4,--,__
2727 3056 2930 3076 ,-_-,,3L
2984 3060 3171 3076 L-__-_.
3207 3070 3315 3076 μ-..
3352 3052 3481 3076 D._!A

192 3059 268 3115 de
289 3058 497 3131 quibus
525 3059 769 3113 Joannes
788 3056 925 3112 dicit
954 3073 968 3110 :
996 3058 1081 3111 Em
1097 3058 1252 3111 nobis
1275 3059 1551 3121 exierunt,
1575 3058 1667 3110 sed
1686 3073 1798 3112 non
1820 3052 1863 3076 ν
1880 3059 2015 3131 quia
2043 3058 2149 3113 etsi
2176 3074 2408 3113 carnem
2436 3063 2688 3113 nostram
2720 3056 2954 3129 accepit,
2983 3060 3177 3110 tamen
3207 3070 3322 3110 non
3351 3052 3489 3109 fecit

189 3153 366 3204 erant
394 3165 461 3202 ea:
478 3149 635 3202 nobis
658 3149 845 3219 (Joan.
879 3150 964 3215 11);
1000 3150 1058 3201 et
1094 3144 1397 3200 Psalmista
1420 3164 1432 3199 :
1466 3146 1688 3215 Empetle
1716 3162 1800 3200 eos
1882 3148 2299 3220 peccatum,sed
2315 3147 2648 3219 apparuitin
2661 3145 3032 3202 similitudine
3044 3144 3231 3200 carnis
3248 3142 3485 3215 peccati.

189 3240 470 3307 quoniam
499 3239 872 3291 irritaverunt
902 3240 969 3303 te,
995 3236 1226 3290 Domine
1264 3236 1434 3304 (Psal.
1460 3235 1537 3303 v).
1567 3236 1632 3289 In
1661 3251 1802 3305 quo-
1881 3237 2181 3307 Proprium
2216 3236 2367 3291 enim
2415 3241 2500 3290 est
2548 3236 2843 3291 hominum
2872 3239 3099 3307 peccato
3127 3249 3242 3289 non
3270 3248 3484 3299 carere,

187 3343 322 3383 rum
357 3325 529 3381 etiam
555 3341 795 3397 persona
822 3324 882 3379 in
913 3322 1277 3395 sequentibus
1300 3323 1470 3394 bujus
1496 3323 1803 3395 prophetia
1882 3326 2033 3381 unde
2062 3331 2118 3380 et
2146 3324 2279 3396 quia
2302 3325 2423 3397 ipse
2452 3330 2742 3396 peccatum
2791 3340 2905 3379 non
2933 3322 3085 3390 fecit,
3116 3338 3219 3395 per
3246 3320 3488 3377 Psalmi-

188 3415 385 3470 vcrbis
411 3414 655 3469 dicitur:
691 3412 834 3480 Quia
864 3415 1076 3483 tepidus
1094 3428 1170 3483 es,
1192 3411 1463 3480 incipiam
1486 3418 1534 3467 te
1562 3428 1803 3467 evomere
1886 3420 2032 3469 stam
2054 3413 2261 3468 dicitur
2292 3431 2304 3467 :
2336 3414 2446 3482 Ego
2473 3418 2662 3468 autem
2690 3430 2815 3467 sum
2843 3415 3047 3467 vermis
3078 3417 3128 3466 et
3165 3427 3279 3467 non
3328 3411 3491 3466 homo

191 3523 263 3560 ex
290 3520 388 3559 ore
416 3520 533 3558 meo
556 3505 734 3572 (Apoc.
768 3505 870 3567 111).
1888 3504 2049 3572 (Psal.
2084 3503 2169 3572 11).
2213 3503 2472 3557 Vestitum
2499 3504 2716 3571 pedere.
2745 3501 2977 3556 Poderis
3013 3500 3183 3555 vestis
3214 3503 3302 3554 est
3337 3498 3486 3553 tala-

265 3594 337 3649 Et
353 3607 650 3647 conversus
669 3607 795 3645 sum
816 3596 881 3644 ut
895 3591 1137 3645 viderem
1153 3606 1330 3645 vocem
1344 3605 1463 3659 quas
1480 3590 1804 3659 loquebatur
1883 3591 2125 3662 ris,quia
2145 3595 2203 3644 et
2232 3590 2409 3645 Graci
2438 3590 2612 3661 podas
2642 3590 2811 3660 pedes
2839 3589 3050 3644 dicunt.
3077 3589 3186 3643 Per
3216 3586 3486 3660 poderem

186 3698 434 3736 mecum.
453 3679 559 3733 Hic
589 3678 802 3751 liquido
824 3678 1019 3745 claret,
1040 3695 1154 3733 non
1175 3678 1549 3750 corporalem.
1573 3678 1669 3733 sed
1690 3678 1803 3749 spi-
1883 3680 2076 3752 itaque
2106 3695 2332 3733 carnem
2387 3678 2598 3733 Christi
2628 3678 2896 3733 debemus
2934 3676 3271 3747 intelligere,
3313 3690 3487 3746 quam

187 3771 426 3827 ritalem
457 3784 645 3824 vocem
669 3768 943 3823 Jbannem
971 3768 1217 3835 audisse,
1250 3767 1383 3839 quia
1404 3784 1517 3821 non
1545 3773 1610 3821 ut
1636 3767 1799 3821 audi-
1883 3770 2003 3839 ipse
2022 3784 2187 3822 verus
2206 3766 2466 3821 sacerdos
2485 3766 2939 3836 obtulit,quando
2959 3781 3019 3820 se
3035 3763 3216 3819 crucis
3235 3762 3488 3836 patibulo

186 3869 302 3927 ret,
337 3859 438 3914 sed
461 3863 528 3913 ut
554 3857 769 3912 videret
786 3856 922 3912 dicit
947 3873 1008 3911 se
1036 3872 1391 3914 conversum.
1419 3856 1580 3921 Quod
1603 3856 1800 3927 utique
1884 3856 2038 3911 Patri
2054 3872 2155 3928 pro
2172 3856 2334 3911 nobis
2356 3854 2560 3910 obtulit
2578 3856 2819 3910 hostiam
2840 3854 3139 3922 viventem,
3162 3851 3489 3908 sanctamin

183 3951 358 4021 juxta
376 3946 630 4019 corporis
657 3962 856 4001 sensus
884 3944 1231 4017 impossibile
1261 3961 1383 4000 esse
1425 3946 1799 4016 cognoscitur.
1885 3945 2115 4000 odorem
2146 3943 2459 3999 suavitatis.
2519 3943 2654 4009 Qua
2682 3943 2941 3998 videlicet
2991 3942 3163 3998 vestis
3198 3957 3378 4014 usque
3416 3943 3490 3997 ad

187 4053 312 4093 non
339 4036 494 4092 enim
519 4051 623 4090 vox
652 4050 906 4106 unquam
922 4034 1099 4088 videri
1119 4037 1324 4105 potest.
1349 4032 1457 4088 Sed
1485 4033 1579 4087 ille
1608 4038 1803 4104 raptus
1883 4034 2030 4089 talos
2058 4033 2491 4106 pertingit,quia
2516 4032 2636 4104 ipse
2666 4049 2796 4087 suos
2824 4048 3005 4104 usque
3029 4032 3101 4086 ad
3120 4036 3360 4086 mortem
3391 4030 3481 4085 di-
3518 4024 3525 4030 ’

188 4126 408 4199 spiritu
436 4125 506 4179 ad
536 4140 757 4179 summa
778 4122 1229 4195 contemplanda,
1251 4121 1389 4176 nihil
1411 4122 1565 4177 aliud
1588 4121 1805 4176 audivit
1884 4123 2038 4190 lexit,
2064 4123 2283 4177 dicente
2313 4123 2711 4178 Joannezb‘um
2747 4122 3020 4176 dilexisset
3048 4137 3173 4175 suos
3199 4122 3298 4189 qui
3324 4122 3487 4174 erant

185 4231 369 4288 quam
404 4213 564 4276 vidit,
599 4213 732 4284 quia
771 4212 877 4267 hoc
914 4217 1002 4267 est
1036 4210 1152 4265 illic
1189 4211 1385 4265 audire
1412 4210 1561 4282 quod
1588 4210 1799 4276 videre,
1884 4214 1947 4265 in
1968 4214 2193 4272 mundo,
2224 4215 2286 4265 in
2314 4214 2481 4279 ﬁnem
2509 4212 2704 4265 dilexit
2727 4227 2810 4264 eos
2843 4212 3022 4277 (Joan.
3053 4211 3194 4279 χιιι).
3238 4204 3365 4266 Sive
3387 4224 3489 4280 per

186 4306 302 4361 hoc
332 4302 525 4358 videre
563 4301 715 4373 quod
742 4300 957 4356 audire.
1014 4299 1261 4354 Ecclesia
1307 4315 1529 4370 quoque
1576 4314 1700 4370 qua
1744 4300 1803 4353 in
1885 4301 2148 4371 poderem
2175 4316 2473 4371 possumus
2494 4299 2811 4371 intelligere
2828 4296 3488 4370 generalemEcclesiam,

187 4395 417 4449 Joanne
440 4391 738 4462 ﬁguratur,
766 4394 893 4461 post
908 4405 968 4444 se
984 4388 1135 4443 videt
1153 4404 1363 4455 vocem,
1384 4388 1514 4459 quia
1535 4387 1863 4462 mysteria_
1887 4406 2011 4462 qua
2039 4389 2210 4444 vestis
2235 4394 2321 4444 est
2349 4389 2594 4454 Domini,
2610 4389 2774 4459 juxta
2812 4388 2964 4461 quod
2993 4389 3045 4443 ei
3094 4393 3334 4461 paterna
3360 4402 3491 4442 voce

190 4498 325 4554 qua
343 4482 405 4535 in
434 4457 513 4535 se.
525 4480 678 4534 videt
703 4457 1000 4549 completa,
1030 4479 1091 4531 in
1119 4477 1243 4548 lege
1272 4482 1330 4531 et
1357 4457 1643 4548 prophetis
1672 4493 1807 4531 con-
1821 4457 1873 4515 D
1890 4457 1991 4551 per
2011 4479 2350 4549 Prophetam
2371 4457 2755 4533 diciturzvl’ivo
2771 4457 2885 4546 egb,
2906 4479 3043 4532 dicit
3059 4457 3491 4546 D'ominus,quia

190 4571 416 4626 siderat
445 4568 858 4640 pranuntiata;
891 4566 970 4621 sic
1000 4567 1149 4621 enim
1181 4566 1458 4637 scriptum
1496 4571 1580 4621 est
1607 4566 1665 4620 in
1694 4566 1808 4620 Ge-

192 4660 368 4714 nesi:
427 4658 613 4712 Erunt
662 4658 772 4711 duo
806 4660 867 4710 in
897 4671 1063 4710 carne
1092 4671 1209 4709 una
1243 4655 1388 4719 (Gen.
1423 4656 1504 4722 11),
1547 4654 1806 4709 Christus

190 4748 413 4804 scilicet
433 4752 491 4802 et
508 4746 770 4801 Ecclesia.
790 4744 952 4801 Unde
974 4743 1186 4798 Paulus
1210 4761 1222 4797 :
1245 4744 1357 4813 Ego
1382 4749 1571 4798 autem
1597 4745 1718 4798 dico
1742 4746 1806 4799 in

191 4838 422 4894 Christo
449 4840 499 4889 et
527 4837 590 4888 in
620 4835 860 4889 Ecclesia
896 4833 1110 4905 (Ephes.
1137 4834 1216 4900 v).

269 4926 341 4980 Et
376 4938 667 4979 conversus
693 4923 812 4977 vidi
838 4926 1037 4991 septem
1066 4922 1401 4975 candelabra
1429 4935 1625 4985 aurea,
1668 4925 1717 4974 et
1742 4922 1807 4974 in

189 5013 381 5067 medio
395 5017 594 5082 septem
614 5012 1081 5066 candelabrorum
1097 5025 1401 5064 aureorum
1412 5011 1517 5063 sim
1526 5012 1653 5063 item
1668 5011 1807 5063 Filio

199 5100 463 5154 luminis.
493 5100 721 5170 Septem
739 5098 1075 5153 candelabra
1100 5115 1275 5154 aurea
1292 5099 1398 5153 hoc
1417 5099 1604 5171 ipsum
1628 5098 1806 5169 signi-

189 5192 375 5243 ficent
400 5188 551 5259 quod
590 5192 807 5259 septem
866 5188 1133 5250 ecclesia,
1190 5187 1249 5242 id
1305 5193 1390 5242 est
1431 5188 1806 5242 universalem

197 5277 680 5344 Ecclesiam,dum
715 5275 886 5331 verba
911 5293 1106 5331 eorum
1133 5277 1326 5332 lumen
1361 5276 1609 5332 scientia
1637 5276 1808 5331 simul

194 5372 251 5421 ct
277 5368 493 5422 amoris
517 5366 840 5420 incendium
862 5365 1304 5437 prabent,donis
1323 5366 1667 5438 septiformis
1687 5365 1810 5437 Spi-

193 5457 343 5509 ritus
361 5456 653 5511 refertam.
679 5455 787 5509 Sed
804 5470 918 5509 non
948 5455 1256 5527 incongrue
1275 5456 1334 5509 in
1354 5461 1569 5527 septem
1600 5454 1808 5509 cande-

196 5541 288 5596 tab
297 5541 372 5599 ris
389 5547 582 5600 aureis
604 5545 884 5615 ﬁguratur
906 5564 920 5614 ;
938 5545 1112 5600 habet
1130 5545 1281 5600 enim
1304 5544 1550 5600 Ecclesia
1569 5559 1806 5599 aureum

1890 4570 1979 4622 his
2006 4568 2262 4622 omnibus
2290 4570 2437 4622 velut
2464 4572 2792 4622 ornamento
2812 4568 3057 4620 vestieris
3075 4566 3209 4639 (lsa.
3232 4566 3402 4635 xLIx);
3434 4567 3494 4618 et

1889 4656 2099 4711 Paulus
2120 4655 2379 4711 ﬁdelibus
2396 4656 2568 4711 dicit:
2605 4657 2873 4724 Quotquot
2902 4658 2965 4708 in
2992 4654 3204 4709 Christo
3226 4653 3493 4721 baptizati

1891 4750 2038 4812 estis,
2056 4746 2345 4800 Christum
2376 4743 2712 4811 induistis(I
2728 4744 2849 4799 Cor.
2869 4745 2932 4813 1).
2963 4742 3097 4806 Qua
3120 4741 3284 4795 vestis
3311 4754 3493 4809 usque

1889 4835 1961 4890 ad
1988 4834 2158 4906 pedes
2184 4833 2386 4899 tendit,
2420 4832 2552 4904 quia
2579 4847 2759 4901 usque
2788 4830 2859 4884 ad
2902 4827 3207 4884 novissima
3236 4825 3493 4885 membra

1889 4922 2141 4977 fidelium
2162 4920 2219 4975 in
2241 4921 2352 4975 ﬁne
2382 4918 2569 4974 saculi
2598 4917 2884 4972 nascitura
2912 4920 3019 4970 est.
3042 4917 3109 4970 Et
3128 4918 3493 4985 praecinctum

1887 5012 1963 5065 ad
1990 5011 2275 5063 mamillas
2306 5024 2446 5062 zona
2474 5022 2665 5061 aurea.
2689 5006 2753 5059 In
2772 5004 3330 5059 VeteriTestamento
3359 5002 3496 5075 legi-

1892 5115 2017 5154 mus
2032 5097 2251 5153 Danieli
2272 5096 2572 5151 Dominum
2595 5094 2957 5166 pracinctum
2982 5093 3313 5165 apparuisse
3331 5092 3389 5147 in
3410 5108 3497 5148 re-

1891 5188 2081 5257 nibus,
2110 5187 2234 5259 ipso
2267 5189 2570 5240 attestante
2603 5183 2698 5255 qui
2730 5182 2811 5236 ait
2843 5204 2856 5240 :
2889 5185 3084 5238 Levavi
3121 5186 3302 5237 oculos
3331 5198 3493 5245 meos,

1889 5283 1939 5332 et
1956 5279 2095 5342 vide,
2122 5281 2170 5329 et
2191 5292 2301 5329 ecce
2337 5277 2427 5328 vir
2455 5289 2606 5328 unus
2650 5275 2875 5326 vestitus
2904 5274 3086 5339 lineis,
3123 5277 3173 5327 et
3193 5288 3350 5326 renes
3379 5274 3498 5340 ejus

1889 5367 2126 5419 accincti
2147 5365 2309 5430 (Dan.
2332 5365 2407 5432 ιι)-
2428 5361 2533 5418 Hic
2554 5366 2744 5417 autem
2766 5361 2971 5416 Joanni
2994 5361 3227 5431 angelus
3246 5376 3357 5414 non
3373 5360 3497 5429 jam

1889 5454 1947 5508 in
1977 5452 2224 5516 renibus,
2248 5452 2347 5506 sed
2369 5451 2440 5507 ad
2473 5452 2752 5506 mamillas
2794 5451 3127 5523 pracinctus
3154 5447 3488 5504 ostenditur.

1890 5542 2217 5601 Pracinctio
2243 5558 2444 5598 renum
2471 5540 2872 5598 cohibitionem
2902 5540 3183 5613 signiﬁcat
3218 5535 3482 5602 luxuria;
