3884 6154
197 304 303 363 961

1134 304 1519 360 EXPOSITIO
1549 305 1626 361 IN
1654 303 2177 362 APOCALYPSIN.
2218 336 2289 347 -—
2319 305 2460 363 LIB.
2494 308 2540 363 Ι.

3376 308 3484 368 962

195 432 387 488 seritis
414 432 485 487 de
513 447 762 503 corpore.
788 432 853 487 Et
881 434 1047 487 habeo
1072 434 1244 486 claves
1275 434 1470 487 mortis
1488 437 1537 486 et
1559 434 1792 500 inferni.
1815 434 1862 492 A
1877 433 2123 489 scribere
2142 432 2343 489 debeat
2362 450 2429 488 ea
2449 451 2572 506 quae
2593 435 2750 503 vidit,
2778 441 2836 492 et
2857 453 3008 491 nunc
3027 437 3231 493 iterata
3259 455 3390 494 voce
3410 439 3483 494 ad

195 523 309 577 Per
324 522 506 577 claves
536 526 784 592 potestas
808 530 1019 576 aeterna
1043 527 1100 575 et
1114 521 1414 591 judiciaria
1439 521 1794 591 designatur.

193 611 361 667 Unde
388 611 556 665 Petro
584 610 796 665 dictum
828 616 914 664 est
941 629 952 664 :
988 612 1109 665 Tibi
1136 611 1273 664 dabo
1303 614 1474 665 claves
1516 613 1677 678 regni
1703 626 1803 663 ca:-

197 702 385 754 lorum
406 700 627 769 (Matth.
648 702 780 768 xw).
798 699 993 770 Neque
1010 698 1159 753 enim
1182 698 1475 769 pueriliter
1488 698 1803 768 intelligere

193 787 469 843 debemus
487 788 669 842 claves
690 804 812 842 esse
833 786 890 841 in
913 788 1071 853 coelo,
1094 787 1567 858 quemadmodum
1591 792 1726 841 sunt
1745 786 1804 841 in

196 877 366 943 ostio,
393 876 493 931 sed
524 892 625 947 per
649 876 835 931 claves
857 881 1107 948 potestas
1127 875 1462 945 intelligitur
1488 875 1697 946 ligandi
1724 880 1804 929 at-

196 981 308 1037 que
342 964 612 1019 solvendi.
642 965 727 1018 lta
757 980 890 1034 ergo
919 969 973 1018 et
1001 964 1092 1017 hic
1118 964 1356 1017 clavium
1387 964 1615 1017 nomine
1643 969 1803 1034 pote-

193 1058 311 1107 stas
340 1060 553 1109 aeterna
581 1053 915 1107 ostenditur.
950 1052 1109 1107 Unde
1140 1058 1197 1106 et
1238 1051 1371 1106 alibi
1407 1052 1614 1106 dicitur
1646 1066 1658 1101 :
1692 1052 1799 1118 Qui

192 1145 377 1211 aperit
398 1148 448 1196 et
478 1159 635 1196 nemo
656 1143 898 1201 claudit;
931 1143 1143 1194 claudit
1162 1146 1214 1194 et
1235 1157 1391 1194 nemo
1410 1143 1588 1208 aperit
1611 1141 1793 1209 (Apoc.

194 1239 302 1285 ιιι).
356 1231 532 1285 Porro
576 1246 727 1284 mors
756 1228 1010 1284 diabolus
1036 1228 1392 1298 intelligitur,
1434 1228 1567 1299 quia
1594 1228 1802 1283 invidia

192 1317 406 1372 diaboli
437 1334 589 1373 mors
616 1317 867 1372 introivit
893 1323 951 1371 in
978 1317 1168 1371 orbem
1194 1324 1477 1371 terrarum
1500 1335 1514 1384 ;
1546 1317 1801 1371 infernus

192 1413 409 1473 autem,
436 1407 688 1461 membra
705 1406 858 1461 illius
878 1407 949 1460 ad
973 1422 1164 1477 pmnas
1184 1406 1391 1460 inferni
1412 1411 1665 1461 ventura.
1686 1406 1802 1460 lla-

191 1496 291 1552 bet
319 1496 515 1567 itaque
542 1496 718 1550 Filius
748 1494 855 1550 Dei
885 1496 1066 1549 claves
1105 1495 1302 1549 mortis
1332 1502 1389 1549 et
1416 1494 1640 1562 inferni,
1671 1494 1804 1567 quia

190 1602 300 1641 sua
328 1586 551 1641 occulta
576 1584 918 1639 reseratione
948 1584 1047 1638 dat
1075 1589 1413 1655 potestatem
1440 1583 1685 1649 diabolo,
1716 1584 1802 1639 vel

190 1676 318 1746 ejus
350 1673 634 1735 membris,
668 1680 732 1728 ut
760 1673 993 1729 saeviant
1020 1672 1075 1727 in
1110 1673 1553 1743 persecutionem
1585 1678 1805 1727 sancto-

1885 522 2241 577 scribendum
2271 524 2628 595 compellitur
2649 525 2707 580 in
2739 526 3073 598 repetitione
3102 526 3273 594 verbi,
3302 528 3485 599 negli-

1883 612 2077 681 gentia
2104 612 2347 682 torporis
2394 619 2713 668 removetur
2740 632 2775 668 a
2803 615 2990 669 studio
3030 615 3482 687 praedicatorum,

1887 706 1951 754 ut
1976 717 2101 771 quae
2127 701 2328 772 saepius
2358 701 2754 772 admonentur,
2775 704 2896 759 sine
2922 703 3187 759 tarditate
3216 704 3489 777 implean-

1885 795 1997 843 tur.
2033 790 2301 860 Sequitur
2330 808 2342 843 :

1949 876 2376 931 Sacramentum
2396 883 2593 947 septem
2609 882 2902 933 stellarum
2919 896 3057 949 quas
3078 881 3267 935 vidisti
3286 884 3348 935 in
3362 883 3487 937 dea:-

1889 970 2004 1019 tera
2033 982 2174 1030 mea,
2192 972 2240 1020 et
2268 971 2465 1035 septem
2496 969 2826 1022 candelabra
2850 985 3061 1024 aurea:
3082 976 3279 1038 septem
3300 972 3487 1040 angeli

1884 1060 2017 1108 sunt
2031 1059 2228 1123 septem
2250 1058 2601 1110 ecclesiarum
2616 1061 2663 1110 et
2686 1058 3016 1112 candelabra
3036 1063 3265 1127 septem:
3286 1066 3487 1128 septem

1882 1145 2109 1195 ecclesia:
2161 1148 2312 1197 sunt.
2368 1143 2795 1199 Sacramentum
2850 1147 3181 1218 mysterium
3230 1153 3335 1214 est,
3386 1147 3484 1204 ubi

1882 1229 2038 1283 aliud
2057 1229 2293 1295 videtur,
2311 1236 2368 1284 et
2388 1231 2540 1285 aliud
2557 1231 2910 1303 intelligitur,
2927 1232 3257 1305 sicut(verbi
3277 1233 3489 1306 gratia)

1883 1317 1940 1371 in
1969 1318 2177 1373 Christi
2206 1335 2463 1390 corpore,
2487 1320 2583 1374 ubi
2612 1337 2740 1375 cum
2768 1321 3023 1377 videatur
3046 1322 3227 1393 panis,
3251 1340 3381 1378 vera
3400 1329 3489 1380 est

1883 1423 2034 1462 caro.
2054 1407 2213 1462 Unde
2242 1408 2351 1479 ipsi
2371 1409 2690 1463 sacerdotes
2718 1409 2947 1464 dicunt:
2971 1410 3336 1467 Sacramenta
3363 1429 3487 1485 qua:

1882 1496 2245 1567 sumpsimus,
2263 1497 2519 1561 Domine,
2540 1498 2838 1568 proﬁciant
2853 1496 3013 1552 nobis
3023 1499 3095 1552 ad
3106 1500 3343 1555 salutem
3360 1516 3487 1556 cor-

1883 1584 2036 1654 poris
2054 1589 2123 1647 ,et
2146 1584 2375 1643 animm.
2415 1584 2502 1639 Ita
2532 1601 2665 1656 ergo
2695 1592 2753 1640 et
2778 1586 2869 1640 hic
2897 1593 3312 1643 sacramentum
3340 1595 3483 1658 erat,

1887 1674 2020 1743 quia
2035 1672 2094 1726 in
2115 1679 2330 1744 septem
2354 1673 2532 1727 stellis
2546 1675 2632 1727 vel
2647 1680 2861 1745 septem
2884 1675 3254 1742 candelabris,
3268 1678 3490 1733 univer-

188 1780 344 1827 rum,
373 1770 431 1818 et
462 1763 667 1817 iterum
690 1778 816 1816 cum
839 1761 1118 1825 vult,facit
1145 1778 1372 1816 omnem
1410 1762 1805 1833 conquiescere
1822 1784 1865 1843 Β
1886 1762 2020 1816 salis
2040 1762 2290 1816 Ecclesia
2317 1761 2751 1833 exprimebatur.
2776 1764 2935 1828 Quod
2961 1764 3111 1819 enim
3136 1765 3492 1836 significatur

166 1858 392 1908 eorum
406 1851 776 1907 tentationem
787 1892 798 1903 .
810 1851 907 1905 His
919 1850 1165 1904 clavibus
1175 1851 1469 1905 conclusus
1481 1856 1601 1905 erat
1615 1849 1804 1905 diabo-

187 1942 301 2009 lus,
335 1957 464 1995 cum
494 1939 714 1994 dicente
744 1939 981 1993 Domino
1000 1940 1137 2007 (Job.
1163 1954 1219 1994 Ill
1241 1957 1253 1992 :
1274 1940 1546 2007 Nunquid
1565 1941 1804 1994 conside-

188 2032 342 2084 rasti
355 2045 577 2085 servum
595 2044 777 2083 meum
789 2029 1058 2096 Job,quod
1071 2044 1179 2081 non
1192 2031 1264 2082 sit
1275 2031 1480 2082 similis
1492 2032 1544 2082 ei
1553 2032 1613 2082 in
1627 2032 1797 2091 terra,

187 2122 282 2173 τίν
305 2121 543 2187 simplex
562 2123 611 2172 et
631 2122 828 2183 rectus,
851 2116 1121 2171 tentando
1140 2133 1267 2171 eum
1288 2117 1544 2188 appetiit,
1569 2117 1759 2172 dicens
1783 2135 1798 2173 :

186 2208 471 2276 Nunquid
496 2208 596 2261 Job
614 2209 832 2274 frustra
853 2208 1008 2259 timet
1027 2207 1201 2259 Deum
1218 2212 1241 2259 ?
1266 2208 1459 2260 Nonne
1490 2211 1549 2259 lu
1583 2208 1804 2261 vallasti

186 2313 321 2351 eum
347 2313 413 2349 ac
431 2298 657 2350 domum
686 2299 803 2363 ejus
822 2299 846 2348 ?
869 2300 927 2349 et
948 2300 1149 2349 caetera
1166 2310 1343 2366 usque
1366 2314 1378 2349 :
1398 2297 1551 2350 Mitte
1568 2311 1802 2349 manum

187 2393 376 2451 tuam,
396 2384 505 2439 nisi
525 2384 584 2438 in
604 2384 744 2438 facie
763 2383 1114 2438 benedixerit
1132 2383 1233 2438 tibi
1253 2385 1383 2451 (Job.
1406 2398 1447 2448 i,
1467 2385 1554 2449 ii).
1568 2385 1803 2439 Resera-

186 2475 272 2529 vit
299 2474 355 2529 ei
380 2473 654 2528 Dominus
675 2473 907 2536 clavem,
930 2489 1055 2527 cum
1078 2477 1412 2543 potestatem
1433 2473 1691 2528 tentandi
1711 2473 1804 2527 de-

184 2562 277 2617 dit
296 2561 370 2627 ei,
402 2561 619 2617 dicens:
639 2561 767 2614 Ecce
788 2564 850 2615 in
890 2576 1066 2614 manu
1099 2565 1196 2613 tua
1220 2565 1295 2614 est
1321 2562 1451 2631 (Job.
1480 2564 1562 2627 ii).
1582 2561 1650 2615 Et
1679 2561 1796 2627 ille,

186 2655 428 2722 accepta
449 2654 748 2722 potestate,
767 2665 1030 2717 egressus,
1044 2652 1311 2717 percussit
1328 2651 1428 2704 Job
1442 2653 1622 2704 ulcere
1635 2653 1802 2719 pessi-

184 2758 282 2795 mo
298 2746 321 2810 (
329 2741 513 2808 lbid.).
533 2739 640 2794 Sed
659 2744 853 2810 postea
868 2738 1145 2792 cohibitus
1157 2743 1244 2793 est
1263 2743 1320 2793 et
1339 2737 1443 2793 sub
1459 2738 1599 2792 clavi
1617 2739 1800 2793 reclu-

180 2846 308 2895 sus,
325 2828 552 2900 quando
568 2828 688 2898 ipsa
697 2827 937 2881 tentatio
948 2825 1158 2897 profuit
1177 2826 1340 2880 beato
1358 2825 1461 2881 Job
1477 2826 1543 2880 ad
1563 2826 1802 2896 gloriam

185 2925 253 2974 et
268 2923 591 2973 restaurata
602 2922 736 2971 sunt
750 2916 800 2970 ei
812 2915 1002 2970 omnia
1018 2915 1281 2987 duplicia,
1299 2915 1518 2987 ipsique
1532 2916 1805 2970 tentatori

1885 1867 1987 1922 per
2005 1857 2221 1921 septem
2250 1852 2463 1917 stellas,
2490 1851 2548 1906 id
2577 1851 2761 1923 ipsum
2785 1853 3137 1923 signiﬁcatur
3160 1860 3217 1909 et
3244 1872 3347 1926 per
3363 1872 3490 1928 sep-

1884 1945 1999 1993 tem
2017 1939 2371 2007 candelabra,
2386 1940 2443 1995 id
2466 1945 2553 1994 est
2572 1941 2754 1994 omnis
2778 1941 3039 2008 Ecclesia,
3058 1942 3145 1996 vel
3165 1943 3489 2015 specialiter

1884 2029 2063 2083 sancti
2094 2028 2371 2095 doctores,
2393 2029 2490 2100 qui
2515 2029 2781 2084 nimirum
2815 2036 2963 2085 recte
2989 2047 3091 2104 per
3113 2032 3302 2087 stellas
3333 2033 3486 2089 desi-

1882 2123 2131 2188 gnantur
2150 2122 2206 2172 et
2226 2134 2328 2189 per
2345 2118 2595 2189 angelos,
2620 2119 2751 2189 quia
2776 2124 2834 2174 et
2854 2118 2910 2173 in
2933 2120 3102 2191 hujus
3121 2122 3308 2176 saeculi
3324 2128 3488 2179 nocte

1885 2206 2073 2260 lucent
2100 2222 2202 2277 per
2230 2206 2566 2260 munditiam
2594 2206 2737 2270 vitae,
2774 2212 2830 2262 et
2873 2207 3001 2262 aliis
3030 2209 3278 2265 caelestia
3314 2211 3489 2266 mini-

1883 2293 2135 2360 strando,
2181 2294 2368 2365 angeli
2415 2293 2665 2349 veritatis
2713 2296 2975 2351 existunt.
3021 2296 3235 2361 Quibus
3280 2299 3490 2356 Paulus

1884 2382 2044 2438 dicit:
2070 2384 2137 2437 In
2156 2386 2335 2437 medio
2354 2386 2600 2438 nationis
2617 2399 2803 2451 prava:
2818 2390 2868 2439 et
2884 2401 3169 2454 perversae,
3186 2389 3338 2442 inter
3356 2404 3492 2457 quos

1886 2474 2077 2525 lucetis
2094 2474 2237 2525 sicut
2261 2475 2575 2527 luminaria
2586 2475 2649 2526 in
2661 2475 3015 2539 ﬁrmamento
3028 2478 3164 2529 caeli.
3187 2476 3302 2531 Hoc
3315 2476 3491 2532 etiam

1881 2559 2190 2627 sciendum,
2215 2560 2349 2631 quia
2377 2560 2482 2615 hoc
2509 2567 2597 2615 est
2625 2577 2770 2616 unus
2800 2563 3036 2633 angelus
3066 2564 3215 2634 quod
3244 2570 3488 2637 septem,

1884 2648 1988 2703 hoc
2016 2655 2231 2720 septem
2263 2649 2413 2720 quod
2448 2665 2615 2716 unus,
2647 2649 2781 2721 quia
2810 2650 2958 2721 quod
2998 2651 3096 2705 uni
3134 2652 3388 2723 loquitur
3415 2655 3490 2710 ad

1883 2753 2079 2792 omnes
2108 2738 2387 2809 pertinet;
2415 2743 2472 2792 et
2499 2738 2636 2791 item
2667 2738 2817 2809 quod
2841 2738 3102 2793 omnibus
3122 2740 3259 2795 dicit
3280 2741 3352 2796 ad
3376 2742 3489 2797 sin-

1881 2826 2045 2898 gulos
2075 2826 2335 2880 refertur.
2358 2826 2518 2890 Quod
2542 2831 2733 2880 autem
2759 2826 2908 2881 idem
2940 2827 3175 2898 angelus
3198 2829 3294 2899 qui
3322 2828 3489 2885 beato

1883 2915 2088 2970 Joauni
2140 2915 2403 2986 apparuit
2444 2914 2700 2986 quadam
2740 2916 3012 2987 exposuit,
3058 2918 3316 2988 quaedam
3358 2935 3491 2974 vero

184 3008 397 3063 eadem
418 3006 657 3061 tentatio
679 3005 851 3059 crevit
867 3005 937 3058 ad
958 3004 1244 3059 cumulum
1262 3003 1641 3077 damnationis
1660 3020 1847 3077 suae."
1885 3004 2106 3074 signata
2133 3003 2380 3075 reliquit,
2414 3003 2680 3058 nimirum
2713 3003 2919 3059 idcirco
2942 3005 3048 3059 hoc
3076 3007 3210 3077 egit,
3233 3022 3304 3062 ne
3328 3007 3491 3063 nobis

186 3062 302 3153 llis
323 3095 570 3150 clavibus
589 3095 774 3149 fuerat
792 3093 1077 3159 dimissus,
1102 3092 1327 3165 quando
1353 3074 1581 3147 Petrum
1598 3062 1850 3147 timoreC
1883 3062 2050 3147 lectio
2097 3062 2276 3146 illius.
2296 3062 2606 3157 vilesceret,
2641 3098 2699 3147 et
2738 3099 2803 3148 ut
2828 3062 3165 3151 haberemus
3194 3062 3365 3151 etiam
3394 3062 3491 3151 ubi

185 3182 547 3250 concutiens,
596 3182 868 3254 compulit
912 3198 1121 3253 negare
1174 3182 1349 3236 Deum
1381 3197 1394 3233 :
1426 3182 1675 3237 reclusus
1718 3186 1807 3236 est

184 3276 432 3334 iterum,
465 3271 690 3343 quando
734 3270 1005 3325 Dominus
1053 3270 1293 3341 respexit
1329 3270 1580 3335 Petrum,
1622 3274 1680 3324 et
1711 3270 1805 3324 ille

183 3363 355 3419 flevit
374 3378 586 3428 amore,
610 3377 675 3415 ac
696 3360 944 3415 maculas
968 3368 1140 3415 ternae
1161 3359 1476 3431 negationis
1496 3359 1633 3414 lavit
1655 3375 1809 3413 ama-

182 3452 439 3508 rissimis
458 3449 741 3522 lacrymis.
772 3449 864 3505 llis
890 3449 1059 3503 etiam
1077 3449 1341 3520 lacrymis
1361 3449 1545 3503 fuerat
1564 3448 1803 3515 laxatus,

183 3540 426 3615 quando
454 3538 693 3595 Mariam
733 3537 927 3592 multis
955 3536 1285 3592 criminibus
1310 3537 1417 3591 sibi
1445 3537 1803 3606 devinxerat;

182 3631 289 3686 sed
310 3630 540 3683 clausus
556 3633 642 3682 est
660 3626 884 3698 quando
897 3625 1130 3680 dimissa
1141 3630 1275 3680 sunt
1290 3625 1340 3680 ei
1356 3631 1587 3697 peccata
1603 3626 1803 3692 multa,

183 3721 334 3793 quia
373 3717 574 3772 dilexit
602 3716 868 3770 multum.
898 3713 1004 3768 His
1044 3730 1267 3785 quoque
1312 3713 1558 3769 clavibus
1596 3715 1807 3785 apertis

182 3810 383 3865 fuerat
411 3806 698 3870 dimissus,
733 3804 957 3876 quando
999 3803 1257 3858 tentabat
1301 3803 1561 3868 Paulum,
1594 3805 1702 3871 cui,
1736 3820 1807 3859 ne

185 3896 533 3968 magnitudo
564 3894 964 3950 revelationum
1006 3909 1137 3948 eum
1179 3893 1494 3955 extolleret,
1525 3892 1693 3947 datus
1721 3897 1808 3947 est

183 3986 467 4042 stimulus
495 3984 701 4041 carnis.
727 3983 827 4037 His
856 3982 1030 4037 divini
1053 3981 1255 4052 judicii
1283 3981 1530 4036 clavibus
1558 3982 1807 4053 quotidie

182 4093 322 4132 rese
332 4080 507 4140 ratur,
529 4089 657 4127 cum
676 4072 881 4127 electos
902 4070 1306 4126 tentationibus
1326 4071 1564 4141 fatigare
1583 4072 1810 4143 permit-

184 4166 370 4231 titur;
403 4163 725 4232 iterumque
752 4160 1127 4230 restringitur,
1161 4175 1290 4213 cum
1321 4175 1434 4213 non
1466 4175 1637 4231 supra
1684 4175 1810 4214 mo-

184 4254 358 4319 dum,
373 4250 474 4306 sed
499 4251 570 4305 ad
594 4264 918 4303 mensuram
942 4247 1096 4319 ipsas
1115 4246 1457 4302 tentationes
1471 4263 1810 4319 exaggerare

1885 3196 2112 3236 sensum
2136 3187 2393 3236 nostrum
2411 3181 2717 3236 exercitare
2733 3199 3043 3253 possemus.
3060 3184 3328 3255 Exposuit
3347 3201 3497 3257 quae-

1886 3270 2038 3337 dam,
2072 3270 2205 3342 quia
2229 3269 2276 3324 si
2304 3286 2369 3324 ex
2398 3275 2518 3324 toto
2548 3269 2710 3325 nobis
2738 3271 2963 3326 clausus
3006 3278 3155 3327 esset
3198 3273 3359 3342 liber,
3389 3279 3492 3330 ta:-

1887 3359 2047 3414 deret
2068 3375 2171 3414 nos
2190 3375 2320 3413 eum
2345 3359 2552 3430 legere,
2576 3359 2648 3412 ad
2670 3360 2832 3431 cujus
2861 3361 3130 3432 mysteria
3157 3361 3359 3417 intima
3378 3378 3493 3419 non

1887 3464 2182 3520 possemus
2206 3447 2516 3520 pervenire.
2534 3447 2766 3512 Iterum,
2786 3449 2833 3503 si
2854 3466 2952 3520 per
2969 3449 3161 3505 omnia
3173 3467 3299 3506 eum
3317 3451 3496 3524 aperi-

1889 3543 1997 3603 ret,
2043 3537 2223 3592 facilis
2264 3536 2426 3591 nobis
2451 3541 2601 3590 esset
2628 3537 2698 3590 ad
2728 3536 3177 3607 intelligendum,
3207 3545 3263 3594 et
3286 3539 3495 3596 idcirco

1888 3624 2059 3679 etiam
2086 3624 2274 3679 minus
2294 3625 2544 3679 studiose
2565 3642 2692 3679 eum
2721 3625 3056 3696 legeremus.
3079 3628 3279 3698 Angeli
3300 3633 3493 3683 autem

1888 3713 2091 3782 quibus
2116 3713 2358 3783 scripsit,
2382 3713 2531 3768 sicut
2548 3713 2605 3767 in
2627 3714 3097 3785 consequentibus
3118 3715 3488 3782 inveniemus,

1888 3818 2001 3857 non
2031 3802 2284 3856 ccelestes
2312 3802 2710 3872 intelliguntur
2738 3802 2990 3875 spiritus,
3024 3804 3157 3874 quia
3184 3803 3493 3860 absurdum

1890 3896 1977 3945 est
2024 3890 2253 3945 credere
2300 3889 2514 3961 aliquid
2570 3907 2691 3944 esse
2727 3890 2785 3945 in
2839 3890 3159 3947 coelestibus
3206 3892 3495 3965 spiritibus

1889 3979 2125 4051 dignum
2147 3978 2600 4051 reprehensione,
2626 3978 2726 4033 sed
2747 3980 2933 4050 potius
2961 3980 3154 4037 ﬁdeles
3173 3981 3231 4037 in
3253 3981 3498 4038 Ecclesia

1891 4069 2277 4131 consistentes,
2311 4068 2381 4123 de
2410 4067 2613 4139 quibus
2641 4068 2910 4140 scriptum
2940 4074 3027 4124 est
3059 4087 3071 4124 :
3111 4072 3311 4139 Angeli
3332 4071 3495 4140 {pacis

1890 4173 2083 4213 amare
2102 4159 2310 4228 flebunt
2338 4159 2463 4224 (Isa.
2496 4160 2711 4225 xxxiii);
2744 4161 2804 4212 et
2832 4157 3137 4213 Malachias
3168 4177 3181 4214 :
3215 4159 3384 4214 Labia
3411 4175 3499 4214 sa~

1893 4248 2125 4301 cerdotis
2153 4247 2474 4301 custodiunt
2494 4248 2802 4310 scientiam,
2826 4252 2876 4301 et
2908 4250 3075 4315 legem
3110 4250 3499 4317 requiruntur

186 4340 574 4416 permittitur,
604 4340 765 4410 juxta
792 4337 962 4393 illud:
988 4339 1188 4391 Fidelis
1219 4338 1359 4391 Deus
1377 4340 1479 4406 qui
1502 4353 1614 4391 non
1637 4340 1813 4406 patie-
1893 4353 1985 4391 ore
2013 4339 2131 4405 ejus
2157 4336 2421 4406 (Malach.
2453 4338 2551 4402 ii);
2584 4334 2717 4407 quia
2752 4336 2986 4407 angelus
3032 4336 3257 4391 Domini
3286 4336 3498 4393 exerci-

190 4439 299 4488 tur
322 4448 415 4486 vos
446 4432 654 4484 tenta-ri
680 4443 850 4498 supra
871 4427 930 4481 id
950 4427 1093 4494 quod
1115 4428 1357 4495 potestis,
1378 4426 1472 4481 sed
1498 4428 1662 4495 faciet
1682 4442 1810 4480 cum
1827 4416 1877 4476 D
1893 4431 2055 4481 tuum
2086 4430 2192 4479 est.
2216 4425 2450 4479 Sanctus
2470 4424 2727 4480 Ecclesiae
2746 4425 3003 4481 doctores
3038 4426 3269 4497 angelos
3298 4426 3503 4495 vocari,

191 4523 511 4577 tentatione
538 4520 706 4574 etiam
732 4521 1084 4587 proventum,
1115 4519 1177 4568 ut
1210 4517 1430 4584 possitis
1459 4517 1730 4569 sustinere
1758 4517 1816 4588 (Ι

193 4613 332 4669 Cor.
363 4608 447 4680 x).

268 4701 469 4756 Scribe
482 4713 610 4766 ergo
624 4712 743 4765 quae
765 4696 976 4760 vidisti,
1000 4699 1048 4748 et
1076 4710 1195 4763 qua:
1218 4698 1369 4761 sunt,
1394 4698 1443 4747 et
1472 4708 1591 4762 qua:
1608 4698 1816 4763 oportet

192 4793 328 4859 ﬁeri
364 4792 487 4858 post
533 4787 660 4841 hac.
702 4785 807 4840 Hic
855 4785 1102 4840 Joannes
1154 4789 1352 4854 typum
1397 4788 1557 4837 tenet
1602 4782 1817 4837 ordinis

192 4878 659 4952 praedicatorum,
691 4874 781 4930 cui
802 4872 1037 4928 dicitur:
1068 4870 1260 4927 Scribe
1282 4888 1405 4943 quae
1423 4870 1632 4936 vidisti,
1655 4870 1712 4925 id
1733 4876 1821 4927 est

194 4984 332 5040 qua:
361 4963 709 5028 intellexisti,
735 4964 794 5017 in
823 4962 947 5033 lege
977 4960 1189 5016 scilicet
1218 4966 1274 5015 et
1302 4960 1593 5032 prophetis
1613 4960 1685 5015 de
1705 4977 1815 5029 me,

195 5064 263 5112 ut
296 5072 371 5110 ea
391 5054 452 5108 in
472 5052 638 5107 corde
668 5056 881 5115 teneas,
906 5054 965 5104 et
990 5049 1119 5103 aliis
1146 5048 1442 5120 profutura
1460 5048 1697 5120 pandas.
1722 5049 1822 5103 Vel

196 5145 406 5209 etiam,
427 5144 476 5197 si
503 5139 825 5213 specialiter
850 5139 969 5194 haec
997 5137 1167 5192 verba
1190 5136 1488 5192 referimus
1505 5137 1577 5192 ad
1597 5142 1824 5209 aposto-

195 5234 312 5300 los,
346 5231 560 5286 dicitur
604 5229 716 5283 illis
748 5233 811 5282 ut
853 5227 1125 5281 miracula
1154 5226 1362 5281 Christi
1410 5243 1533 5298 qua:
1562 5226 1823 5281 viderunt

196 5320 484 5386 scribant,
518 5324 576 5372 et
621 5316 745 5371 aliis
773 5316 1133 5385 annuntient,
1178 5320 1236 5370 et
1269 5332 1367 5385 per
1391 5316 1510 5370 haec
1537 5315 1609 5369 ad
1651 5316 1817 5371 fidem

197 5407 425 5466 Christi
448 5406 590 5462 alios
613 5405 870 5471 trahant;
904 5421 1028 5476 quia
1057 5403 1229 5459 etiam
1254 5419 1402 5457 nunc
1426 5403 1660 5474 impleta
1688 5408 1822 5458 sunt

195 5502 262 5556 in
297 5516 413 5563 me,
446 5502 506 5551 et
552 5512 675 5567 quae
713 5500 936 5566 Oportet
975 5493 1095 5548 ﬁeri
1139 5499 1265 5564 post
1297 5493 1415 5546 haec
1453 5492 1514 5545 in
1550 5490 1819 5546 membris

196 5588 377 5646 meis.
405 5585 571 5654 Quod
599 5588 789 5640 autem
833 5583 1092 5656 superius
1132 5583 1255 5654 jam
1282 5581 1495 5637 dictum
1524 5585 1612 5636 est
1649 5580 1722 5652 ei,
1754 5586 1821 5637 ut

1894 4514 2029 4586 quia
2049 4518 2113 4568 ut
2132 4514 2482 4585 praemissum
2503 4518 2610 4579 est,
2631 4513 2807 4568 stellae
2823 4523 2880 4568 et
2900 4513 3238 4569 candelabra
3253 4514 3313 4569 in
3333 4515 3503 4586 hujus

1894 4602 2082 4659 saeculi
2111 4607 2274 4657 nocte
2302 4602 2496 4658 lucent
2534 4608 2593 4657 et
2636 4602 2762 4657 aliis
2814 4603 3190 4658 ministrando
3230 4603 3500 4669 caelestia,

1897 4692 2086 4763 angeli
2131 4692 2385 4747 veritatis
2432 4692 2703 4756 existunt,
2736 4707 2875 4762 quos
2923 4691 3129 4745 Paulus
3160 4690 3317 4757 dicit,
3357 4689 3507 4745 sicut

1897 4781 2203 4837 luminaria
2249 4782 2308 4836 in
2356 4783 2715 4835 firmamento
2758 4778 2882 4833 caeli
2925 4778 2984 4832 in
3025 4778 3211 4833 medio
3258 4777 3505 4833 nationis

1899 4887 2083 4944 pravae
2124 4876 2183 4926 et
2218 4887 2511 4942 perversae,
2553 4885 2655 4941 per
2707 4867 3045 4923 munditiam
3098 4866 3331 4923 sincerae
3377 4867 3507 4923 vita

1901 4961 2109 5017 lucere.
2140 4958 2410 5031 Sequitur
2441 4969 2452 5003 ε

2529 5081 2766 5137 CAPUT
2801 5077 2882 5137 II.

1972 5226 2043 5281 Et
2081 5227 2277 5294 angelo
2324 5225 2523 5293 Ephesi
2567 5226 2815 5280 Ecclesiae
2842 5224 3015 5279 scribe
3046 5241 3063 5278 :
3093 5225 3215 5281 Hac
3245 5228 3382 5283 dicit
3409 5230 3510 5298 qui

1902 5320 2041 5369 tenet
2070 5322 2271 5383 septem
2296 5316 2481 5367 stellas
2512 5317 2577 5367 in
2615 5315 2839 5368 dextera
2870 5330 2992 5379 sua,
3023 5317 3125 5383 qui
3160 5318 3414 5371 ambulat
3444 5319 3507 5372 in
3543 5384 3552 5390 _

1904 5404 2080 5457 medio
2100 5406 2291 5469 septem
2316 5402 2781 5455 candelabrorum
2797 5417 3123 5456 aureorum.
3150 5402 3398 5475 Ephesus
3424 5403 3484 5458 in

1900 5495 2249 5563 tcrpretatur
2260 5494 2515 5545 voluntas
2528 5492 2610 5544 vel
2625 5493 2923 5545 consilium
2935 5507 3147 5560 meum;
3166 5493 3314 5563 quod
3329 5490 3500 5563 etipsi

1901 5579 2158 5637 Ecclesia:
2186 5578 2446 5635 convenit
2468 5578 2806 5652 specialiter,
2823 5579 2885 5635 in
2909 5596 3021 5652 qua
3040 5585 3161 5636 erat
3177 5579 3280 5635 Dei
3300 5579 3497 5636 volun-
