3992 6166
534 307 638 369 967

1022 308 1400 365 liAYMONlS
1433 311 1918 376 llALBERSTAT.
1954 309 2180 365 EPISC.
2213 309 2372 365 OPP.
2407 309 2589 364 PARS
2617 309 2638 364 Ι
2671 339 2736 350 -
2767 308 3142 368 COMMENT.
3176 311 3347 367 BIBL.

3653 313 3734 371 968

529 435 912 491 thesaurizare
934 434 1218 500 videmus;
1253 433 1382 504 quid
1417 435 1566 488 enim
1597 435 1825 489 stultius
1855 452 1978 490 esse
2021 453 2120 508 po-
2139 437 2187 494 A
2209 451 2318 505 qua
2334 434 2560 489 dicitur:
2580 433 2821 506 Spiritus
2835 439 2917 488 est
2932 435 3100 488 Deus.
3129 433 3366 505 Ideoque
3385 436 3510 490 dum
3527 437 3736 493 Christus

529 529 659 590 test,
695 541 864 595 quam
889 541 953 577 eo
981 523 1104 576 loco
1143 527 1261 576 tota
1291 523 1494 576 mentis
1526 523 1838 578 intentione
1869 525 2131 595 pecunias

526 613 852 677 recondere,
889 629 998 682 quo
1039 628 1150 666 non
1182 611 1310 664 licet
1341 611 1396 664 in
1439 620 1772 682 perpetuum
1815 614 2132 668 sustinere?

529 702 689 757 Unde
715 701 987 756 Dominus
1030 700 1331 770 discipulos
1373 701 1653 767 hortatur,
1689 702 1918 755 dicens:
1955 703 2130 756 Notite

533 792 910 844 thesaurizare
930 791 1074 842 vobis
1107 778 1388 841 thesauros
1414 793 1475 842 in
1509 796 1658 844 terra
1688 791 1907 861 (Matth.
1926 799 2044 858 v11).
2063 790 2129 844 In

530 878 635 932 hoc
661 883 852 932 autem
883 878 1187 931 stultorum
1220 893 1456 931 numero
1485 885 1845 950 computatur
1887 880 2003 946 ille,
2035 878 2129 949 qui

527 983 656 1022 cum
684 967 926 1020 diceret:
958 968 1253 1020 Destruam
1286 967 1482 1019 horrea
1517 984 1655 1029 mea,
1691 974 1737 1022 et
1786 971 2002 1037 majora
2041 970 2129 1034 fa-

527 1058 694 1122 ciam,
729 1059 862 1124 quia
904 1071 1016 1108 non
1056 1055 1221 1107 habeo
1246 1072 1349 1122 quo
1378 1057 1600 1124 fructus
1629 1073 1773 1110 meos
1815 1073 2130 1124 congregem

531 1147 681 1212 (Luc.
734 1147 856 1212 XII),
887 1143 1101 1197 audivit
1138 1161 1172 1196 a
1226 1143 1515 1198 Domino:
1567 1145 1761 1208 Stulte,
1825 1147 1926 1198 hac
1984 1152 2132 1199 nocte

2214 522 2483 592 loquitur,
2514 523 2571 576 in
2612 539 2677 576 eo
2722 521 2936 592 pariter
2983 522 3233 592 loquitur
3272 523 3430 577 Pater
3456 530 3509 577 et
3544 524 3738 594 Spiritus

2213 618 2470 668 sanctus:
2507 611 2637 682 quia
2669 611 2812 665 sicut
2843 616 2974 665 sunt
3019 611 3408 680 inseparabiles
3453 612 3656 676 unitate,
3679 615 3738 668 sic

2212 700 2663 772 inseparabiliter
2691 702 3082 762 loquuntur,et
3112 701 3312 754 docent
3337 709 3626 755 sanctorum
3649 703 3739 756 uni-

2212 795 2407 844 tatem.
2433 790 2732 844 Sciendum
2774 805 2922 854 vero,
2959 789 3054 859 qui
3085 789 3142 842 in
3173 790 3274 842 hac
3303 791 3612 844 revelatione
3632 791 3740 846 sicut

2212 878 2270 932 in
2300 879 2685 950 sequentibus,
2719 885 2912 950 aperte
2952 885 3333 933 monstratur:
3373 880 3642 950 aliquando
3677 881 3739 934 lo-

2215 968 2407 1038 quitur
2435 967 2608 1022 Filius
2637 984 2703 1021 ex
2733 984 2969 1038 persona
3000 985 3121 1030 sua,
3159 968 3304 1038 quod
3333 967 3408 1021 illi
3448 969 3739 1022 solummodo

2213 1057 2502 1111 convenit:
2556 1057 2858 1127 aliquando
2909 1073 3037 1110 vero
3086 1074 3151 1110 ex
3202 1073 3434 1128 persona
3477 1056 3737 1110 Trinitatis.

2214 1144 2458 1216 Ideoque
2477 1145 2710 1215 singulae
2741 1144 3047 1198 locutiones
3073 1143 3480 1198 consideranda:
3506 1149 3635 1203 sunt,
3652 1161 3741 1214 qua

525 1237 783 1287 animam
816 1238 971 1286 tuam
1003 1236 1244 1301 repetam
1277 1248 1310 1284 a
1343 1238 1419 1294 te;
1439 1250 1558 1300 qua'
1584 1239 1769 1286 autem
1785 1239 2136 1304 congregasti
2219 1234 2432 1288 scilicet
2459 1235 2762 1288 referenda,-
2784 1235 2898 1286 sint
2921 1233 3268 1287 solummodo
3299 1232 3366 1285 ad
3397 1232 3740 1286 humanitatem

524 1325 685 1391 cujus
717 1327 929 1376 erunt?
963 1321 1154 1388 (Ibid.)
1193 1321 1328 1383 Quae
1375 1321 1589 1375 scilicet
1641 1323 1798 1376 lucra
1847 1323 2138 1377 hominum
2221 1321 2344 1376 Filii
2369 1322 2488 1384 Dei,
2521 1339 2643 1392 quae
2669 1330 2854 1374 autem
2878 1321 2947 1374 ad
2970 1327 3146 1374 totam
3173 1319 3515 1376 Trinitatem.
3555 1321 3746 1373 Vincenti

526 1410 941 1482 insipientium,
975 1409 1334 1462 solummodo
1364 1415 1594 1464 terrena
1611 1411 2002 1482 quarentium,
2038 1429 2138 1482 pa-

2221 1411 2357 1463 (Iabo
2385 1413 2537 1463 edere
2574 1412 2637 1463 de
2688 1413 2836 1477 ligno
2867 1413 3007 1472 vita,
3050 1411 3192 1479 quod
3239 1414 3312 1463 est
3344 1412 3401 1462 in
3428 1410 3660 1476 paradiso
3679 1409 3746 1461 Dei

523 1499 684 1554 riunt
712 1499 770 1552 in
801 1498 913 1552 illis
945 1497 1233 1568 genimina
1280 1498 1532 1552 omnium
1580 1499 1864 1565 vitiorum,
1907 1500 2041 1570 quia
2081 1504 2138 1554 et
2224 1501 2346 1552 mei.
2384 1499 2619 1568 Lignum
2662 1499 2806 1560 vitae,
2840 1498 3113 1569 sapientia
3159 1503 3244 1551 est
3279 1497 3378 1551 Dei
3416 1496 3599 1562 Patris,
3623 1494 3746 1550 Salo-

524 1587 831 1642 secundum
861 1587 1228 1657 Apostolumt
1261 1589 1438 1641 Radix
1462 1593 1536 1640 est
1563 1591 1818 1642 omnium
1851 1591 2129 1642 malorum
2217 1603 2381 1640 mone
2408 1593 2731 1650 attestante,
2766 1587 2861 1658 qui
2891 1587 2971 1640 ait
3004 1605 3014 1639 :
3052 1589 3285 1654 Lignum
3327 1589 3444 1639 vita
3478 1586 3552 1637 his
3574 1590 3658 1652 qui
3677 1601 3746 1652 ap-

520 1677 795 1746 cupiditas
829 1677 875 1744 (1
907 1676 1050 1730 Tim.
1080 1680 1178 1742 v1);
1217 1676 1349 1746 quia
1374 1675 1630 1730 videlicet
1661 1694 1760 1748 per
1805 1677 1950 1730 hanc
1981 1678 2124 1732 alius
2214 1676 2602 1742 prehemlerint
2625 1692 2766 1734 eam;
2791 1682 2837 1727 ct
2864 1678 2963 1742 qui
2993 1677 3228 1727 tenuerit
3258 1689 3397 1736 eam,
3423 1674 3590 1725 beatus
3610 1672 3744 1741 (Pror.

445 1742 454 1759 ’
522 1742 604 1819 ad—
626 1742 905 1836 rapinam,
933 1764 1081 1818 alius
1135 1764 1206 1818 ad
1232 1742 1466 1818 —falsum
1526 1742 1936 1831 testiinonium,
1985 1767 2130 1820 alius
2151 1754 2194 1813 Β
2213 1765 2317 1828 ιιι).
2343 1763 2486 1826 Quia
2533 1764 2727 1834 utique
2750 1765 3050 1834 Apostolus
3079 1761 3365 1817 Christum
3396 1778 3510 1815 esse
3538 1767 3744 1826 testatur,

518 1853 742 1925 rapitur
783 1853 852 1906 ad
903 1852 1233 1924 perjurium,
1268 1858 1438 1924 atque
1482 1854 1550 1907 ad
1604 1859 1804 1908 czetera
1851 1856 2123 1910 crimina:

520 1943 657 2008 Quae
687 1942 858 1997 etiam
887 1942 916 1996 J
924 1942 1092 1996 udam
1141 1943 1209 1995 ad
1259 1942 1362 1995 hoc
1394 1942 1674 2013 perduxit,
1704 1949 1768 1997 ut
1794 1943 1978 2014 ipsum
2023 1945 2128 1998 Do-

519 2031 736 2086 minum
781 2031 950 2084 morti
1009 2031 1278 2084 traderet.
1309 2031 1454 2084 Nam
1505 2038 1562 2084 et
1620 2049 1720 2102 per
1769 2033 1913 2086 hanc
1962 2033 2127 2087 homo

517 2121 754 2192 cupidus
781 2119 1029 2174 animam
1075 2137 1235 2174 suam
1269 2120 1519 2174 venalem
1563 2119 1714 2186 facit,
1744 2127 1800 2174 et
1832 2121 2128 2176 idololatra

519 2209 776 2275 efﬁcitur,
810 2209 937 2280 plus
963 2208 1204 2261 amando
1227 2214 1544 2262 creaturam
1576 2226 1743 2279 quam
1775 2210 2124 2266 Creatorem.

518 2297 677 2362 Quod
691 2297 842 2350 enim
865 2296 1004 2350 dicit
1029 2297 1330 2366 Apostolus
1352 2297 1421 2349 de
1441 2297 1676 2366 gulosis,
1711 2313 1948 2365 quorum
1981 2301 2124 2352 Deus

519 2391 707 2440 venter
748 2390 822 2438 est
875 2385 1100 2454 (Philip.
1135 2389 1243 2454 In),
1278 2391 1461 2455 potest
1510 2385 1751 2456 intelligi
1789 2387 1857 2440 de
1913 2388 2128 2458 cupidis

530 2473 810 2534 similiter,
855 2489 1096 2544 quorum
1143 2473 1292 2527 Deus
1346 2490 1613 2528 nummus
1645 2481 1732 2529 est
1770 2475 1892 2530 auri
1927 2477 2012 2530 vel
2043 2493 2128 2530 ar-

522 2564 700 2635 genti.
744 2563 874 2617 Haec
921 2568 1054 2616 sunt
1094 2562 1239 2616 facta
1268 2563 1692 2627 Nicolaitarum,
1728 2563 1784 2618 id
1819 2570 1906 2618 est
1935 2565 2132 2620 stulto-

523 2667 650 2706 rum
687 2651 1002 2716 hominum,
1035 2667 1383 2722 paganorum
1414 2651 1646 2717 scilicet,
1684 2655 2130 2724 ceterorumque

530 2739 843 2794 inﬁdelium
869 2745 926 2793 et
953 2739 1219 2793 falsorum
1233 2740 1833 2812 Christianorum,quze
1854 2743 2129 2797 Dominus

524 2835 581 2884 et
618 2846 742 2901 qua:
780 2845 846 2883 ex
885 2833 1044 2900 parte
1087 2828 1237 2882 illius
1267 2835 1417 2892 sunt,
1451 2829 1608 2884 odire
1639 2829 1970 2900 probantur.
2013 2833 2124 2885 No-

525 2917 761 2972 tandum
793 2922 1008 2984 autem,
1038 2916 1170 2987 quia
1215 2933 1327 2971 non
1372 2922 1658 2982 naturam,
1690 2918 1788 2972 sed
1820 2935 1989 2990 opera
2021 2920 2124 2972 ho-

521 3007 737 3061 minum
759 3005 1032 3060 Dominus
1063 3022 1122 3059 se
1147 3005 1275 3059 odio
1306 3005 1512 3060 habere
1541 3007 1696 3061 dicit.
1722 3007 1882 3062 Unde
1900 3025 2010 3062 non
2034 3009 2122 3062 di-

2213 1851 2403 1906 dicens
2436 1853 2719 1906 Christum
2748 1854 2848 1908 Dei
2904 1853 3168 1907 virtutem
3221 1858 3277 1906 et
3309 1851 3404 1905 Dei
3450 1849 3744 1920 sapientiam.

2213 1939 2350 2006 Quae
2385 1949 2534 1996 recte
2583 1942 2796 2012 lignum
2829 1943 2950 1995 vita:
2997 1941 3224 2004 dicitur,
3254 1940 3384 2011 quia
3409 1939 3641 1993 ﬁdelibus
3662 1938 3749 1992 suis

2211 2030 2384 2083 vitam
2414 2037 2681 2084 aeternam
2725 2031 2940 2095 tribuit,
2976 2048 3115 2101 quos
3143 2029 3200 2083 in
3227 2028 3486 2100 praesenti
3508 2027 3655 2081 satiat
3674 2042 3750 2079 suo

2210 2136 2462 2190 corpore,
2518 2120 2576 2174 in
2626 2121 2816 2174 futuro
2871 2121 3100 2174 satiabit
3158 2136 3262 2174 sua
3318 2118 3747 2188 contemplatione.

2209 2209 2370 2264 Unde
2398 2210 2698 2264 Psalmista
2718 2210 2885 2264 dicit:
2915 2212 3172 2266 Satiabor
3191 2211 3328 2263 dum
3359 2207 3752 2273 mani/'estatibur

2211 2300 2393 2365 gloria
2441 2304 2536 2352 tua
2581 2301 2753 2368 (Psal.
2801 2303 2925 2364 xvi).
2961 2300 3110 2352 Bene
3139 2299 3358 2368 lignum
3390 2297 3507 2350 vita:
3544 2299 3746 2354 vocatur,

2211 2387 2343 2457 quia
2371 2387 2429 2441 in
2461 2393 2518 2442 te
2548 2389 2810 2459 praesenti
2852 2389 2966 2442 vita
3016 2389 3221 2442 electos
3273 2403 3404 2442 suos
3441 2384 3507 2438 ab
3543 2390 3663 2438 aestu
3696 2383 3753 2435 vi-

2216 2475 2425 2530 tiorum
2461 2477 2659 2530 umbra
2689 2476 3049 2548 protectionis
3088 2475 3357 2539 defendit,
3391 2481 3446 2528 et
3499 2472 3550 2527 in
3599 2472 3750 2525 futura

2214 2564 2565 2619 beatitudine
2594 2564 2778 2619 cibum
2810 2570 3032 2619 aeternae
3068 2562 3550 2635 contemplationis
3582 2559 3752 2612 deside-

2212 2654 2467 2708 rantibus
2493 2653 2719 2726 prabet.
2753 2654 2984 2709 Dicatur
3003 2654 3218 2724 itaque:
3245 2652 3503 2707 Vincenti
3525 2649 3752 2704 incentiva

2212 2743 2398 2798 carnis
2452 2760 2584 2807 suaz,
2645 2743 2985 2798 tentationes
3041 2742 3381 2804 daemonum,
3441 2739 3752 2794 adversitates

2207 2849 2505 2902 pravorum
2561 2833 2875 2895 hominum,
2911 2831 3055 2886 dabo
3083 2831 3250 2886 edere
3288 2831 3359 2885 de
3389 2831 3534 2900 ligno
3562 2829 3684 2890 vitae,
3705 2824 3749 2879 id

2207 2927 2313 2986 est,
2341 2921 2617 2992 meipsum
2669 2921 2814 2976 dabo
2859 2921 2942 2974 illi
2997 2922 3052 2975 in
3105 2920 3747 2977 remunerationem,cum

2207 3027 2335 3064 eum
2366 3011 2676 3082 perduxero
2706 3011 2775 3064 ad
2817 3027 2998 3065 meam
3044 3009 3582 3080 contemplationem.
3607 3006 3748 3059 Para-

524 3095 624 3150 cit:
661 3094 841 3150 Odisti
868 3095 1194 3160 Nicolaitas,
1224 3111 1364 3165 quos
1414 3111 1517 3165 ego
1567 3096 1659 3150 odi
1695 3114 1706 3162 ;
1749 3097 1881 3150 sed:
1938 3071 2578 3154 Odisticdisusautem
2636 3099 2718 3152 vel
2768 3116 3012 3170 praesens
3062 3071 3401 3169 intelligitur
3439 3095 3675 3155 Ecclesia,
3704 3093 3744 3145 in

520 3185 672 3237 facta
699 3183 1126 3248 Nicolaitarum,
1158 3199 1281 3253 quae
1307 3190 1362 3237 et
1383 3200 1487 3253 ego
1517 3184 1816 3238 odi.Homo
1831 3185 1978 3239 enim
1997 3187 2121 3240 dili-

512 3271 736 3342 gendus
765 3276 866 3336 est,
876 3287 1016 3342 Opus
1030 3276 1219 3325 autem
1233 3271 1386 3326 illius
1401 3274 1612 3328 malum
1627 3273 1753 3328 odio
1773 3274 2093 3329 habendum

590 3362 698 3428 Qui
725 3361 880 3413 habet
909 3376 1124 3426 aurem,
1155 3362 1354 3414 audiat
1389 3364 1524 3429 quid
1553 3363 1799 3432 Spiritus
1849 3365 1995 3417 dicat
2024 3366 2118 3418 Ec-

517 3451 714 3506 clesiis.
750 3448 890 3503 Cum
921 3447 978 3501 in
1009 3448 1280 3519 principio
1323 3449 1620 3505 locutionis
1666 3451 1832 3521 hujus
1874 3453 1970 3506 uni
2010 3469 2114 3507 an-

517 3538 666 3610 gelo,
721 3537 936 3608 unique
992 3537 1196 3608 Ephesi
1245 3539 1493 3593 ecclesim
1542 3539 1788 3595 scribere
1843 3541 2116 3597 Dominus

511 3627 768 3700 jusserit,
808 3627 901 3681 hic
949 3632 1138 3682 autem
1169 3643 1278 3682 non
1309 3644 1487 3682 unum
1536 3629 1800 3699 angelum
1829 3631 1914 3684 vel
1943 3647 2115 3685 unam

515 3716 808 3772 ecclesiam
839 3715 909 3768 ad
941 3715 1224 3770 audienda
1253 3716 1401 3770 dicta
1439 3717 1674 3787 spiritus
1696 3717 1930 3785 invitet;
1961 3725 2117 3790 patet

513 3806 783 3878 profecto,
812 3804 942 3875 quia
973 3805 1120 3875 quod
1152 3805 1250 3859 uni
1280 3805 1434 3871 dicit,
1469 3806 1731 3860 omnibus
1761 3808 1914 3872 dicit,
1956 3814 2014 3862 et
2055 3809 2112 3863 in

512 3911 626 3949 uno
653 3893 854 3965 angelo
882 3909 1108 3965 unaque
1139 3894 1507 3964 Ephesiorum
1546 3896 1796 3961 ecclesia,
1838 3896 2109 3952 unitatem

513 3983 773 4039 Ecclesiae
829 3982 1101 4054 depingit.
1147 3981 1353 4037 Verum
1411 3983 1632 4054 quoties
1681 3984 1799 4038 hinc
1853 3985 2109 4039 admoni-

511 4073 767 4128 tiuncula
790 4072 1020 4144 ponitur
1057 4072 1174 4126 sive
1216 4072 1274 4126 in
1323 4073 1425 4127 hoc
1476 4071 1640 4141 libro,
1674 4073 1788 4128 sive
1825 4074 1881 4128 in
1927 4075 2106 4129 Evan-

511 4161 679 4232 gelio,
710 4161 858 4232 quod
890 4161 1146 4232 sequitur
1195 4161 1278 4216 vel
1309 4162 1592 4232 praecedit,
1623 4162 1992 4233 spiritualiter
2020 4173 2107 4220 est

2202 3205 2314 3259 qua
2344 3189 2594 3258 quotidie
2632 3189 2936 3242 comedunt
2981 3188 3173 3242 ﬁdeles
3209 3189 3336 3258 ejus
3363 3202 3555 3258 corpus
3580 3191 3628 3238 et
3651 3197 3749 3235 san-

2199 3277 2430 3347 guinem
2472 3276 2706 3331 bibunt:
2743 3277 2829 3331 vel
2868 3277 2983 3332 vita
3028 3281 3260 3339 aeterna,
3309 3293 3432 3347 quae
3483 3274 3591 3345 ipse
3618 3271 3745 3326 Clui-

2200 3372 2320 3420 stus
2375 3371 2481 3430 est,
2539 3366 2684 3420 sicut
2724 3366 2845 3435 ipse
2896 3366 3168 3420 Dominus
3195 3365 3511 3420 dicitzlla'c
3536 3361 3748 3416 estenim

2197 3459 2311 3508 vita
2334 3459 2560 3517 a'terna,
2594 3459 2654 3507 ut
2677 3459 3000 3522 cognoscant
3033 3460 3098 3516 te,
3128 3458 3177 3506 et
3200 3469 3365 3521 quem
3395 3453 3585 3505 misisti
3599 3451 3745 3501 Jesum

2199 3543 2482 3598 Christum
2519 3543 2695 3610 (Joan.
2748 3547 2913 3605 xvii).
2966 3541 3124 3604 Quod
3156 3545 3350 3594 autem
3403 3540 3570 3594 Deum
3597 3535 3746 3588 θειω-

2197 3631 2330 3685 bere
2360 3630 2514 3695 dicit,
2549 3630 2606 3684 in
2648 3631 2806 3700 cujus
2850 3630 3111 3701 paradiso
3144 3630 3246 3683 hoc
3277 3645 3404 3683 esse
3458 3627 3651 3698 lignum
3677 3639 3746 3675 as-

2197 3719 2351 3780 serit,
2389 3719 2698 3772 secundum
2726 3718 3138 3772 humanitatem
3182 3717 3455 3786 loquitur,
3501 3728 3649 3785 quam
3683 3725 3748 3762 as-

2196 3807 2438 3878 sumpsit
2467 3823 2568 3877 pro
2597 3806 2772 3860 nobis.
2801 3807 2934 3870 Quae
2963 3823 3096 3876 ergo
3126 3805 3357 3860 vincunt
3387 3804 3746 3860 oblectamenta

2195 3897 2406 3968 peccati
2436 3897 2494 3951 in
2519 3897 2622 3950 hoc
2654 3897 2912 3967 paradiso
2941 3896 3212 3960 Ecclesiae,
3237 3896 3336 3950 illa
3371 3895 3440 3949 ad
3469 3887 3744 3962 accipienda

2192 3987 2440 4056 corporis
2470 3990 2528 4038 et
2555 3985 2844 4055 sanguinis
2865 3991 3216 4039 sacramenta
3245 3983 3416 4054 digne
3445 3980 3744 4054 pertingant.

2191 4080 2248 4128 et
2276 4073 2345 4127 ad
2392 4072 2496 4126 Dei
2538 4073 3067 4144 contemplationem
3099 4072 3448 4143 pervenient,
3487 4070 3740 4140 ipsumque

2189 4162 2403 4232 lignum
2445 4161 2568 4216 vitae
2607 4162 2665 4215 in
2695 4162 3208 4216 remunerationem
3238 4161 3536 4232 accipient.
3564 4154 3678 4228 quia
3697 4156 3740 4205 et

511 4248 938 4320 intelligendum
963 4267 976 4314 ;
1009 4250 1142 4320 quia
1169 4266 1282 4304 non
1310 4249 1558 4320 corporis
1597 4251 1688 4304 hic
1728 4252 1882 4306 auris
1909 4255 2100 4325 requi-
2121 4269 2167 4326 D
2186 4251 2304 4324 ipse
2333 4257 2418 4305 est
2445 4251 2658 4321 lignum
2687 4251 2812 4306 vitae
2840 4251 2990 4322 quod
3021 4251 3138 4314 dat,
3157 4256 3212 4305 et
3243 4249 3365 4321 ipse
3392 4251 3461 4303 de
3491 4249 3628 4317 ligno
3646 4243 3746 4294 uta:

510 4338 674 4405 ritur,
709 4338 806 4392 sed
850 4337 1054 4401 cordis,
1085 4354 1254 4407 quam
1282 4337 1535 4392 videlicet
1580 4355 1774 4394 aurem
1819 4342 1928 4396 nisi
1975 4344 2100 4414 quis

509 4425 789 4491 habuerit,
825 4425 1050 4496 eloquia
1077 4425 1308 4496 spiritus
1358 4443 1557 4497 capere
1587 4445 1700 4482 non
1755 4431 1980 4501 poterit.
2013 4433 2102 4487 Sic

507 4515 782 4572 Dominus
812 4515 1046 4585 loquens
1070 4513 1250 4569 turbis
1275 4514 1335 4569 in
1365 4515 1666 4587 parabolis,
1699 4535 1826 4573 cum
1857 4519 1969 4575 illic
1991 4538 2107 4575 om-

507 4622 608 4660 nes
661 4603 764 4677 qui,
804 4604 1041 4658 aderant
1086 4621 1252 4658 aures
1283 4604 1575 4671 haberent,
1609 4614 1801 4663 monet
1829 4611 2110 4680 apostolos

507 4695 722 4750 dicens:
759 4693 925 4750 Vobis
957 4693 1079 4748 dico
1110 4695 1206 4766 qui
1235 4695 1445 4749 auditis
1467 4737 1480 4763 ,
1514 4711 1580 4749 ac
1625 4696 1672 4750 si
1709 4697 1894 4754 dicat:
1925 4699 2110 4754 Verba

507 4784 816 4840 caelestium
848 4789 1327 4838 sacramentorum
1359 4783 1470 4838 illis
1501 4785 1714 4856 aperio,
1746 4803 1886 4858 quos
1915 4788 2112 4843 eadem

506 4875 732 4929 interna
751 4873 935 4927 cordis
964 4889 1104 4928 aure
1134 4873 1421 4944 percipere
1457 4889 1754 4943 cognosco.
1779 4876 1978 4930 Carnis
2010 4877 2114 4932 ita-

507 4979 616 5034 que
655 4962 807 5016 auris
855 4963 925 5016 ad
957 4962 1212 5017 auditum
1243 4962 1466 5028 transit,
1514 4964 1698 5018 cordis
1737 4981 1866 5018 vero
1913 4966 2110 5021 auditu

508 5050 678 5106 simul
724 5055 782 5104 et
820 5050 1108 5105 intellectu
1148 5051 1312 5121 viget.
1345 5051 1689 5106 Intuendum
1735 5070 1966 5126 quoque
2001 5062 2108 5110 est:

507 5139 642 5212 quia
671 5155 798 5193 cum
820 5139 1052 5209 angelus
1071 5139 1127 5193 in
1159 5139 1431 5212 principio
1445 5142 1640 5196 harum
1661 5143 2005 5198 locutionum
2031 5162 2097 5199 ex

454 5299 468 5308 .
504 5244 750 5302 persona
785 5227 910 5281 Filii
939 5228 1058 5289 Dei,
1095 5227 1206 5282 imo
1258 5236 1410 5284 certe
1461 5248 1561 5302 per
1615 5232 1877 5303 angelum
1920 5233 2094 5289 Filius

505 5317 608 5375 Dei
637 5317 918 5388 loquatur,
968 5332 1080 5369 non
1135 5316 1343 5371 dicitur
1371 5318 1498 5373 hic:
1541 5319 1647 5384 Qui
1677 5320 1846 5375 habet
1876 5339 2091 5390 aurem,

504 5407 696 5463 audiat
727 5405 859 5477 quid
886 5404 1061 5459 Filius
1107 5404 1207 5458 Dei
1238 5405 1387 5460 dicat
1417 5427 1429 5473 ;
1464 5409 1583 5472 sed,
1632 5409 1765 5480 quid
1810 5411 2050 5482 Spiritus
2077 5431 2092 5480 ;

501 5497 637 5572 quia
666 5495 920 5550 videlicet
946 5493 1114 5548 verba
1142 5493 1286 5560 Filii,
1320 5495 1489 5550 verba
1523 5503 1658 5552 sunt
1687 5499 1931 5570 Spiritus
1959 5518 2093 5555 san-

500 5587 601 5646 cti.
641 5583 765 5654 Quo
792 5583 1019 5642 nomine
1045 5584 1216 5639 etiam
1245 5589 1366 5640 tota
1385 5585 1629 5642 Trinitas
1655 5587 2006 5660 intelligitur,
2024 5591 2094 5648 de

2194 4339 2544 4394 vincentibus
2569 4340 2685 4406 dat,
2715 4347 2772 4394 et
2810 4341 2928 4410 ipse
2971 4340 3184 4394 fructus
3223 4339 3362 4409 ligni
3385 4344 3472 4392 est
3498 4333 3632 4406 quod
3652 4331 3744 4384 dat.

2264 4429 2328 4482 Et
2366 4430 2561 4496 angelo
2591 4429 2846 4496 Smyrna:
2869 4431 3096 4482 ecclesia:
3135 4429 3322 4481 scribe.
3358 4428 3592 4495 Smyrna
3611 4421 3748 4474 inter-

2193 4522 2449 4588 pretatur
2467 4517 2747 4572 canticum
2765 4533 2981 4583 eorum,
2999 4516 3274 4571 canticum
3293 4516 3365 4570 ad
3397 4514 3632 4568 laetitiam
3643 4520 3747 4579 per-

2191 4615 2354 4682 tinet,
2409 4617 2559 4685 quod
2605 4621 2799 4686 aperte
2846 4616 3106 4685 congruit
3151 4613 3430 4676 fidelibus,
3478 4609 3660 4682 quibus
3701 4604 3745 4656 in

2193 4720 2430 4775 persona
2454 4704 2616 4759 istius
2632 4705 2876 4759 ecclesiae
2901 4704 3148 4775 loquitur
3176 4702 3468 4758 Dominus.
3494 4701 3608 4754 Non
3624 4693 3744 4748 enim

2194 4793 2311 4848 haec
2339 4794 2507 4848 verba
2533 4794 2632 4848 uni
2660 4799 2882 4848 tantum
2923 4793 3202 4856 dicuntur,
3235 4792 3332 4846 sed
3374 4789 3549 4860 magis
3576 4779 3746 4840 unitati

2195 4888 2536 4937 sanctorum.

2264 4973 2383 5026 Ilaec
2409 4974 2544 5026 dicit
2579 4975 2799 5041 primus
2825 4979 2873 5027 et
2918 4975 3269 5027 novissimus.
3301 4970 3539 5031 Primus.
3571 4962 3745 5020 scilicet

2193 5066 2326 5114 ante
2355 5075 2521 5132 quem
2551 5061 2770 5116 nullus:
2799 5062 3272 5132 novissimusper
3286 5077 3452 5132 quem
3469 5053 3743 5111 restaurata

2195 5153 2328 5202 sunt
2351 5149 2560 5204 omnia.
2592 5151 2826 5218 Qui/uit
2849 5156 3098 5204 mortuus
3123 5153 3169 5202 et
3196 5141 3603 5211 virit.Quiaetsi
3621 5152 3743 5193 mor-

2178 5241 2309 5292 tuus
2347 5238 2453 5292 fuit
2479 5256 2543 5292 er
2572 5241 2919 5306 inﬁrmitate,
2955 5245 3020 5292 ut
3042 5237 3344 5308 Apostolus
3373 5235 3507 5289 dicit
3535 5231 3604 5292 (ll
3630 5228 3735 5282 Cor.

2177 5336 2319 5392 χιιι),
2353 5330 2489 5381 vivit
2520 5345 2585 5380 ea:
2630 5331 2834 5380 virtute
2873 5329 2986 5381 Dei.
3019 5327 3137 5380 Hoc
3179 5326 3328 5380 enim
3361 5330 3447 5378 est
3479 5320 3674 5392 primus
3697 5318 3743 5366 et

2178 5415 2673 5486 novissimus,quia
2693 5415 2787 5486 qui
2809 5433 3032 5486 semper
3049 5415 3176 5469 vivit
3215 5415 3270 5468 in
3297 5429 3396 5468 sua
3433 5403 3736 5465 substantia.

2175 5505 2388 5576 primus
2409 5505 2714 5572 existendo,
2742 5510 2998 5559 mortuus
3030 5505 3087 5558 in
3114 5503 3466 5558 humanitate
3495 5509 3674 5553 nostra
3693 5490 3738 5544 in

2176 5594 2286 5649 ﬁne
2319 5599 2657 5666 temporum,
2690 5599 2757 5649 ut
2791 5594 2962 5650 homo
2993 5593 3292 5648 nascendo.
