3884 6154
114 347 220 406 969

1055 354 1443 413 EXPOSITIO
1470 358 1547 412 IN
1570 353 2099 411 APOCALYPSIN.
2132 381 2199 395 —
2229 353 2364 407 LIB.
2401 353 2446 407 Ι.

3280 350 3387 409 970

186 478 308 533 Scio
340 479 760 531 tribulationem
790 481 965 531 tuam.
1001 478 1147 546 Scio,
1178 480 1235 534 id
1260 486 1348 535 est
1373 481 1621 554 approbo
1649 485 1704 535 et
1729 486 1779 542 Α
1797 478 1902 533 bus
1932 495 2033 549 per
2062 477 2301 532 Paulum
2320 476 2562 530 dicitur:
2589 476 2932 543 Conﬁtentur
2955 492 3007 529 se
3029 492 3177 530 nosse
3189 477 3382 538 Deum,

114 569 283 639 eligo.
314 566 470 622 Licet
491 565 729 619 verohic
748 565 1039 621 tribulatio
1058 568 1423 639 singulariter
1449 576 1710 641 ponatur,

113 667 308 714 tamen
361 655 661 710 omnifaria
711 660 768 709 et
815 656 1107 726 multiplex
1150 657 1504 728 intelligitur.
1555 658 1714 713 Unde

111 747 417 803 Psalmista
438 745 574 798 dicit
598 762 608 797 :
634 746 820 798 Multas
845 746 1229 800 tributationes
1246 751 1524 815 iustorum
1540 748 1709 817 (Psal.

111 839 324 902 XXXIII).
346 835 555 887 Sancta
585 832 850 896 Ecclesia,
880 832 938 885 in
969 834 1130 903 cujus
1160 850 1401 903 persona
1424 835 1515 888 hic
1538 833 1715 904 loqui-

111 931 208 978 tur
232 938 419 977 sermo
436 920 656 974 divinus
677 919 936 974 Ecclesiae
963 921 1235 991 Smyrnae,
1251 923 1456 976 multas
1472 922 1711 975 tribula-

112 1014 299 1065 tiones
327 1009 571 1065 sustinet
599 1009 864 1074 exterius,
897 1025 1024 1062 cum
1052 1008 1122 1062 ab
1139 1010 1473 1064 adversariis
1487 1010 1710 1082 probra,

114 1100 359 1165 vincula,
392 1114 665 1161 carceres,
713 1104 1026 1167 caeteraque
1070 1098 1395 1167 hujusmodi
1434 1105 1717 1153 tormenta

116 1191 343 1261 excipit,
375 1195 476 1243 aut
502 1171 627 1242 cum
660 1188 829 1241 etiam
859 1204 891 1240 a
922 1187 1266 1242 daemonibus
1296 1188 1533 1242 interius
1571 1188 1716 1241 invi-

116 1279 360 1333 sibiliter
396 1278 680 1331 cruciatur
712 1295 724 1329 :
755 1292 883 1330 cum
922 1275 1092 1329 etiam
1140 1292 1173 1329 a
1211 1277 1413 1347 seipsa,
1457 1277 1713 1347 jejuniis,

116 1366 470 1422 orationibus
499 1372 557 1419 et
586 1364 806 1434 vigiliis,
835 1365 1061 1428 lassata,
1090 1381 1231 1435 pene
1261 1364 1593 1420 succumbit.
1624 1365 1717 1418 Af-

117 1457 336 1528 ﬂigitur
381 1470 604 1526 quoque
644 1459 700 1507 et
744 1452 1049 1507 tribulatur
1094 1469 1128 1506 a
1174 1453 1378 1524 seipsa,
1419 1470 1547 1507 cum
1585 1469 1715 1507 caro

112 1546 331 1600 resistit
357 1543 722 1615 spiritui.Has
752 1558 948 1596 omnes
976 1541 1369 1596 tribulationes
1390 1542 1498 1596 scit
1521 1541 1717 1596 Domi-

115 1653 222 1689 nus
248 1640 305 1689 et
337 1632 632 1704 approbat,
657 1632 726 1685 de
751 1631 953 1702 quibus
982 1630 1240 1701 omnibus
1276 1631 1335 1685 in
1364 1632 1553 1686 futuro
1578 1630 1710 1685 libe-

112 1724 264 1777 rabit
289 1740 410 1788 eos,
435 1721 660 1793 quando
681 1720 900 1774 auferet
911 1737 1135 1774 omnem
1162 1721 1470 1792 lacrymam
1498 1719 1567 1774 ab
1589 1737 1718 1774 ocu-

1794 570 1956 637 factis
1976 574 2162 622 autem
2180 571 2380 635 negant
2405 567 2540 635 (Tit.
2560 567 2614 630 ι).
2636 565 3069 635 Blasphematur
3086 565 3278 635 itaque
3293 565 3391 620 Ec-

1796 657 1965 712 clesia
1984 673 2019 710 a
2036 656 2246 711 Iudaeis
2263 655 2437 720 falsis,
2460 654 2591 725 quia
2610 654 2914 708 electorum
2931 654 3101 708 verba
3132 671 3166 708 a
3191 670 3389 725 repro-

1797 745 1881 800 bis
1899 745 2301 816 dijudicantur,
2332 744 2465 815 quia
2479 758 2703 813 semper
2715 743 2942 813 eloquia
2961 749 3016 797 et
3033 743 3177 797 facta
3201 746 3387 813 justo-

1794 851 1923 888 rum
1969 833 2253 888 contraria
2306 838 2438 887 sunt
2494 832 2928 903 cogitationibus
2983 832 3378 903 reproborum.

1796 924 1904 987 Qui
1931 923 2060 976 licet
2086 923 2237 976 intra
2260 922 2445 976 sinum
2476 922 2733 975 Ecclesiae
2778 921 3107 987 consistant,
3149 921 3266 975 vita
3306 926 3389 975 ta-

1797 1028 1927 1066 men
1944 1018 2001 1066 et
2028 1010 2279 1065 moribus
2300 1010 2359 1064 in
2378 1011 2585 1064 multas
2605 1011 2826 1064 Satanm
2842 1026 3157 1081 synagogas
3175 1010 3389 1081 seipsos

1796 1100 2088 1154 dividunt:
2114 1098 2246 1169 quia
2275 1104 2413 1169 quot
2432 1098 2581 1152 vitiis
2594 1099 2864 1165 serviunt,
2899 1104 2983 1153 tot
3017 1099 3086 1153 de
3106 1116 3166 1153 se
3198 1105 3387 1170 partes

1796 1188 2061 1242 reddunt.
2092 1187 2255 1241 Tales
2285 1187 2475 1257 itaque
2520 1187 2658 1240 falso
2687 1186 3010 1241 Judzeorum
3044 1187 3150 1241 sibi
3181 1205 3388 1243 nomen

1797 1280 2093 1347 usurpant,
2129 1275 2337 1345 quique
2358 1274 2744 1328 vehementius
2768 1274 2871 1328 zeli
2892 1276 3135 1330 ﬂammis
3162 1293 3391 1333 succen-

1797 1364 1866 1429 si,
1921 1365 2148 1435 gravius
2200 1363 2503 1417 Ecclesiam
2548 1362 2935 1433 blasphemare
2977 1372 3390 1422 consueverunt

1797 1469 1966 1525 quam
1997 1453 2056 1507 hi
2088 1452 2185 1524 qui
2203 1469 2492 1523 nunquam
2517 1452 2587 1505 ad
2610 1453 2658 1522 ej
2668 1469 2731 1506 us
2752 1453 3032 1507 consortia
3054 1453 3389 1524 injuriarum

1798 1547 2169 1597 accesserunt.
2205 1540 2315 1596 Sed
2346 1558 2637 1612 usquequo
2658 1541 2868 1595 zizania
2897 1542 3195 1597 novissime
3224 1560 3391 1615 sepa-

1796 1637 1995 1686 rentur
2023 1648 2056 1685 a
2083 1631 2290 1696 tritico,
2323 1630 2513 1684 nullus
2542 1630 2741 1684 horum
2775 1631 3117 1685 deserendus
3154 1638 3258 1699 est,
3294 1633 3391 1687 sed

1798 1737 1995 1775 omnes
2019 1719 2361 1781 admonendi
2392 1725 2542 1779 sunt,
2577 1734 2770 1772 omnes
2802 1720 3099 1783 tolerandi,
3123 1720 3183 1774 in
3208 1737 3391 1775 exem-

106 1814 176 1867 lis
199 1828 423 1867 eorum.
454 1792 521 1864 Et
554 1815 937 1879 paupertatem
985 1815 1163 1876 tuam,
1217 1807 1554 1864 subauditur
1598 1809 1713 1863 scio
1732 1792 1777 1852 Β
1799 1811 1954 1881 plum
1986 1807 2379 1879 Redemptoris
2406 1807 2605 1872 nostri,
2634 1807 2729 1877 qui
2758 1807 3091 1877 sacrilegum
3121 1809 3391 1880 impium-

106 1909 165 1957 et
193 1901 471 1973 approbo.
1798 1914 1907 1969 que
1935 1896 2279 1969 proditorem
2309 1912 2487 1966 usque
2517 1896 2587 1949 ad
2614 1895 2933 1966 passionem
2962 1896 3158 1950 mortis
3187 1898 3391 1952 Judam

178 1992 289 2047 Sed
320 1992 468 2044 dives
489 2005 540 2043 es
565 1988 624 2042 in
638 1989 835 2053 Deum,
855 1988 1017 2057 juxta
1039 1987 1179 2041 illud
1206 2006 1217 2040 :
1248 1988 1536 2055 Tanquam
1570 1987 1715 2041 nihil
1796 1987 2073 2041 toleravit.
2104 1986 2191 2039 Ad
2219 2001 2459 2056 quorum
2490 1985 2640 2038 mala
2686 1985 3020 2055 perferenda
3061 1986 3394 2042 exhortatur

108 2082 392 2143 habentes,
436 2083 485 2131 et
527 2080 716 2131 omnia
758 2079 1087 2145 possidentes
1115 2076 1188 2141 (11
1228 2076 1348 2131 Cor.
1383 2084 1480 2133 vn.
1510 2075 1715 2129 Mirum
1797 2074 2123 2141 Ecclesium,
2156 2080 2214 2128 et
2233 2073 2392 2144 quasi
2421 2073 2594 2127 armis
2616 2072 2940 2144 potentibus
2962 2073 3241 2145 adjungit,
3260 2092 3389 2131 cum

108 2174 306 2222 autem
326 2172 420 2220 est
439 2165 717 2237 quomodo
738 2164 918 2229 electi,
944 2180 1221 2234 pauperes
1258 2170 1316 2217 et
1343 2163 1541 2217 divites
1572 2163 1713 2231 sint;
1797 2163 1989 2219 subdit
2019 2182 2030 2217 :

107 2257 262 2327 quod
295 2254 518 2309 duobus
550 2253 730 2308 modis
759 2252 996 2322 intelligi
1024 2257 1210 2322 potest
1240 2271 1252 2306 :
1279 2252 1510 2306 fuerunt
1536 2251 1717 2305 sancti
1871 2253 2029 2308 Nihil
2059 2253 2259 2306 horum
2290 2254 2485 2304 timeas
2512 2266 2630 2318 qua:
2655 2266 2922 2318 passurus
2937 2268 3007 2305 es.
3037 2250 3102 2306 Id
3127 2257 3214 2307 est
3227 2254 3394 2325 quid-

106 2345 280 2399 multi
307 2344 510 2397 divites
540 2343 599 2397 in
628 2343 733 2396 hoc
761 2342 981 2406 seculo,
1020 2340 1165 2394 sicut
1202 2340 1505 2406 Abraham,
1540 2339 1716 2394 David
1801 2341 1936 2413 quid
1964 2357 1997 2394 a
2023 2340 2230 2395 Judaeis
2258 2339 2434 2403 falsis,
2464 2337 2736 2409 quidquid
2765 2356 2799 2392 a
2827 2338 2983 2394 falsis
3011 2339 3278 2397 fratribus
3308 2343 3395 2398 vel

109 2442 169 2489 et
193 2434 295 2487 alii
311 2432 497 2499 multi;
519 2432 618 2485 sed
634 2431 793 2502 quasi
810 2430 952 2484 nihil
971 2429 1242 2483 habentes
1264 2436 1445 2492 erant,
1468 2428 1600 2500 quia
1611 2434 1721 2481 ter-
1801 2428 2040 2500 paganis
2065 2429 2403 2498 injuriarum
2421 2427 2824 2497 laesionumque
2854 2428 3171 2499 pertuleris,
3199 2448 3300 2501 pro
3329 2448 3396 2487 eo

110 2537 287 2575 renas
308 2520 532 2574 divitias
546 2525 987 2584 contemnentes,
1012 2534 1072 2571 se
1094 2517 1721 2588 peregrinoscognosce-
1804 2518 1952 2589 quod
1980 2523 2281 2571 transeunt
2303 2533 2373 2570 ne
2402 2516 2688 2570 formides.
2711 2517 2829 2570 Hoc
2850 2522 2936 2571 est
2956 2518 3103 2588 quod
3124 2518 3183 2572 in
3215 2520 3397 2575 Evan-

108 2610 274 2673 bant,
292 2610 549 2663 ccelestes
577 2607 799 2661 divitias
822 2608 941 2677 jam
965 2614 1152 2660 mente
1179 2611 1453 2660 tenentes.
1487 2606 1720 2675 Expleta
1798 2610 1946 2681 gelio
1975 2610 2114 2663 dicit
2141 2608 2399 2662 ﬁdelibus
2433 2631 2447 2663 :
2479 2610 2660 2662 Nolite
2691 2611 2883 2661 timere
2907 2625 2992 2663 eos
3012 2612 3113 2677 qui
3140 2613 3396 2665 occidunt

109 2700 328 2770 quippe
340 2715 441 2752 sua
455 2713 798 2767 suorumque
817 2696 1149 2749 necessitate
1170 2712 1235 2749 ex
1269 2694 1353 2748 his
1392 2712 1515 2765 quae
1543 2694 1716 2747 habe-
1802 2700 2276 2765 corpus,animam
2289 2701 2474 2749 autem
2490 2712 2599 2749 non
2608 2696 3112 2768 possuntoccidere(
3115 2698 3395 2769 Matthx).

113 2789 278 2853 bant,
312 2787 531 2857 reliqua
558 2786 614 2839 in
644 2802 779 2839 usus
824 2801 1132 2855 pauperum
1165 2783 1589 2837 consumebant.
1619 2782 1721 2835 Vel
1803 2787 1931 2839 Ecce
1948 2787 2222 2838 missurus
2239 2785 2574 2837 estdiabotus
2589 2785 3034 2850 atiquosewvobis
3049 2787 3396 2840 incarcerem

111 2882 273 2931 certe
297 2890 577 2946 pauperes
598 2872 830 2940 re,sicut
856 2878 990 2926 sunt
1007 2871 1247 2942 apostoli
1277 2871 1484 2937 sancti;
1523 2869 1722 2923 divites
1803 2880 1866 2927 ut
1887 2875 2248 2936 tentemini,et
2269 2873 2531 2925 habebitis
2556 2872 2972 2926 tribulationem
2992 2872 3180 2928 diebus
3195 2876 3392 2930 decem.

110 2972 312 3019 autem
329 2965 387 3017 in
410 2964 538 3028 ﬁde,
561 2979 662 3033 per
685 2978 841 3032 spem
850 2963 970 3031 jam
991 2962 1194 3015 cmlum
1218 2958 1722 3031 possidentes,qui-

112 3056 224 3108 bus
244 3053 523 3108 Dominus
542 3051 678 3105 dicit
702 3067 713 3100 :
738 3053 889 3104 Beati
904 3067 1170 3119 pauperes
1198 3053 1426 3118 spiritu,
1456 3050 1723 3116 quoniam

118 3146 474 3212 ipsorumcst
514 3156 750 3207 regnum
788 3142 1046 3193 calorum
1075 3139 1290 3199 (Matth.
1332 3140 1438 3203 In).
1492 3136 1725 3190 Dicatur

112 3230 319 3300 itaque
350 3243 363 3276 :
397 3227 521 3282 Scio
559 3229 949 3297 paupertatem
988 3232 1164 3292 tuam,
1207 3227 1307 3280 sed
1344 3227 1497 3279 dives
1537 3242 1618 3291 es',
1659 3241 1725 3278 ac

112 3320 164 3373 si
196 3318 490 3372 diceretur
518 3336 529 3369 :
558 3317 719 3370 Unde
748 3321 803 3369 te
832 3332 934 3386 per
952 3315 1327 3369 humilitatem
1346 3313 1577 3384 spiritus
1589 3329 1725 3384 pau-

114 3424 319 3479 perem
351 3405 658 3469 existimas,
674 3405 804 3458 inde
833 3421 934 3474 per
954 3404 1143 3457 omnia
1156 3402 1309 3456 dives
1322 3401 1721 3473 comprobaris.

113 3498 282 3552 Unus
312 3495 466 3549 enim
496 3494 757 3564 idemque
784 3494 994 3547 electus
1022 3497 1079 3547 et
1096 3508 1310 3563 pauper
1339 3497 1396 3545 et
1422 3491 1575 3544 dives
1605 3495 1721 3544 est:

114 3602 345 3657 pauper
364 3585 581 3639 scilicet
601 3584 783 3638 adhuc
801 3582 1152 3655 peregrinus,
1172 3581 1327 3635 dives
1347 3586 1534 3634 autem
1552 3595 1727 3650 quan-

113 3679 313 3748 doque
341 3674 477 3729 civis
504 3674 982 3743 futurus:pauper
1009 3676 1236 3724 terrena
1263 3668 1721 3733 commoratione,

1806 2963 1950 3017 Hinc
1968 2961 2182 3032 liquido
2199 2962 2319 3031 jam
2341 2960 2517 3014 claret
2534 2960 2782 3014 diversas
2811 2960 2868 3014 in
2897 2978 3008 3015 uno
3039 2963 3239 3033 angelo
3267 2981 3397 3035 per-

1806 3067 1975 3105 sonas
2004 3050 2233 3119 alloqui.
2266 3049 2545 3104 Praemisit
2573 3050 2721 3103 enim
2763 3050 2946 3104 divina
2986 3067 3089 3104 vox
3127 3053 3287 3122 quasi
3327 3055 3398 3109 ad

1806 3155 1984 3193 unum
2006 3137 2421 3207 loquenszNihil
2437 3138 2640 3192 horum
2659 3138 2861 3191 timeas
2877 3155 2998 3208 qua:
3020 3156 3287 3210 passurus
3303 3159 3363 3196 es
3385 3161 3398 3195 :

1805 3244 1956 3283 nunc
1965 3243 2098 3288 vero
2111 3226 2643 3297 adjungittanquam
2660 3227 2730 3280 ad
2747 3227 3115 3282 multoszEcce
3127 3229 3403 3285 missurus

1807 3324 1895 3372 est
1913 3317 2170 3372 diabolus
2189 3317 2407 3386 aliquos
2428 3331 2493 3370 ex
2520 3315 2674 3370 vobis
2692 3316 2751 3370 in
2781 3333 3082 3381 carcerem,
3103 3324 3161 3373 et
3179 3325 3400 3377 caetera.

1809 3406 2061 3462 Carceris
2086 3410 2277 3460 autem
2307 3405 2534 3460 nomine
2555 3406 2735 3459 omnis
2751 3406 3040 3461 tribulatio
3069 3407 3407 3480 intelligitur

1808 3496 2158 3567 passionum,
2177 3511 2345 3565 quam
2368 3495 2548 3548 sancti
2567 3500 2700 3548 sunt
2718 3495 2966 3566 perpessi
2992 3512 3026 3549 a
3047 3495 3287 3562 diabolo,
3307 3500 3403 3569 qui

1810 3601 1910 3655 per
1934 3583 2188 3638 membra
2216 3600 2319 3637 sua
2345 3583 2565 3637 diverso
2590 3582 2755 3636 modo
2808 3600 2904 3637 eos
2949 3584 3179 3650 cruciat,
3224 3587 3403 3641 reclu-

1809 3674 1948 3727 dens
1975 3674 2033 3726 in
2056 3671 2392 3735 carceribus,
2422 3676 2477 3724 et
2497 3670 2731 3724 diversis
2752 3687 2817 3724 ac
2842 3672 3008 3724 variis
3028 3672 3404 3729 tribulationi-

114 3767 279 3820 dives
309 3764 479 3818 beata
497 3760 1005 3833 praedestinatione-
1030 3760 1097 3813 Et
1127 3759 1523 3827 btasphemaris
1543 3758 1611 3810 ab
1642 3755 1727 3811 his
1809 3760 1913 3814 bus
1937 3760 2205 3814 afficiens.
2244 3759 2405 3823 Quod
2450 3764 2643 3812 autem
2690 3775 2800 3813 non
2840 3759 2922 3812 ait
2951 3778 2963 3814 :
2996 3760 3270 3816 Missurus
3316 3769 3403 3818 est

115 3860 297 3925 quise
325 3852 888 3915 dicuntesseJuda'os,
907 3854 953 3902 et
981 3864 1091 3902 non
1116 3852 1269 3909 sunt,
1294 3848 1385 3900 sed
1410 3850 1542 3899 sunt
1560 3861 1727 3914 syna-
1808 3847 2064 3902 diabolus
2102 3864 2197 3901 vos
2245 3846 2303 3900 in
2349 3862 2653 3910 carcerem,
2704 3848 2801 3900 sed
2844 3862 2907 3899 ex
2954 3846 3128 3916 vobis,
3174 3866 3285 3904 non
3329 3852 3402 3906 ad

112 3962 258 4015 goga
291 3944 535 3999 Satanan
554 3941 671 3993 Hoc
690 3955 804 3993 non
829 3936 1181 3992 solummodo
1201 3936 1273 3989 ad
1286 3951 1455 3988 unam
1483 3934 1725 4005 pertinet
1808 3953 1979 3990 omne
2003 3952 2205 4007 corpus
2236 3935 2419 4005 angeli
2449 3934 2712 4005 pertinet,
2745 3935 2894 4004 quod
2922 3942 3142 3991 constat
3179 3956 3243 3992 ex
3268 3956 3403 3994 san-

116 4037 548 4105 Smyrnzeorum
574 4028 886 4092 ecclesiam,
906 4026 1005 4081 sed
1028 4024 1371 4096 generaliter
1400 4024 1471 4077 ad
1499 4039 1725 4077 omnem
1808 4026 1914 4079 ctis
1944 4031 2001 4079 et
2025 4024 2297 4096 reprobis,
2325 4024 2421 4078 sed
2452 4024 2576 4077 illos
2602 4023 2719 4076 vult
2744 4023 3002 4093 intelligi,
3028 4026 3123 4096 qui
3144 4043 3210 4080 ex
3230 4027 3401 4083 illatis

118 4121 449 4185 ecclesiam,
479 4136 604 4190 qua:
642 4123 729 4171 est
763 4117 823 4170 in
860 4115 1120 4169 universo
1160 4113 1389 4175 mundo,
1423 4129 1544 4183 quae
1582 4117 1640 4166 et
1666 4112 1723 4164 in
1807 4112 2266 4168 tribulationibus
2297 4112 2530 4166 victores
2577 4111 2853 4165 exsistunt
2883 4130 2894 4166 :
2931 4113 3027 4183 qui
3067 4113 3193 4169 ideo
3231 4116 3405 4174 tribu-

117 4210 371 4281 singulis
397 4208 532 4263 locis
560 4213 619 4262 et
640 4206 697 4260 in
729 4211 847 4259 toto
886 4204 1021 4258 orbe
1058 4202 1482 4273 blasphematur
1518 4200 1588 4254 ab
1625 4200 1727 4253 im-
1808 4204 2000 4257 lantur
2018 4209 2082 4256 ut
2107 4201 2432 4273 probentur,
2464 4199 2590 4253 ideo
2615 4198 2926 4270 probantur
2955 4208 3016 4256 ut
3041 4210 3397 4261 coronentur.

118 4302 255 4372 piis,
289 4299 388 4370 qui
416 4315 475 4352 se
506 4297 701 4351 dicunt
735 4311 857 4349 esse
897 4293 1138 4355 Judaeos,
1167 4297 1225 4345 et
1261 4307 1374 4345 non
1411 4296 1562 4355 sunt,
1595 4289 1729 4360 quia
1808 4291 2042 4347 Dicatur
2066 4291 2258 4361 itaque
2291 4290 2486 4355 :Ecce,
2517 4289 2573 4342 id
2603 4295 2688 4347 est
2715 4288 2772 4343 in
2819 4292 3079 4359 Praesenti
3126 4298 3399 4366 tempore.

117 4391 357 4445 Judaeus
381 4388 789 4457 interpretatur
803 4381 1199 4447 confitens,sed
1219 4385 1351 4434 sunt
1371 4377 1728 4449 congregatio
1745 4421 1796 4481 D
1813 4381 2089 4435 missurus
2113 4388 2201 4433 est
2227 4378 2486 4433 diabolus
2516 4394 2616 4448 per
2660 4378 2913 4434 membra
2951 4397 3074 4444 sua,
3123 4383 3271 4439 sicut
3300 4386 3405 4440 luit

119 4484 371 4538 Satanae.
406 4478 514 4541 Qui
549 4476 700 4531 enim
740 4491 871 4529 vere
911 4474 1212 4528 confitetur
1265 4470 1572 4535 Christum,
1600 4470 1720 4539 ipse
1746 4467 1794 4481 ”
1813 4472 1982 4537 Nero,
2005 4468 2359 4524 Domitianus
2388 4472 2446 4521 et
2466 4467 2654 4522 caeteri
2684 4484 2698 4523 :
2731 4485 2797 4522 ex
2816 4468 2973 4524 vobis
3001 4471 3058 4524 in
3100 4489 3401 4545 carcerem,

119 4577 217 4626 est
242 4569 493 4624 Judaeus.
516 4567 597 4620 De
626 4564 832 4619 talibus
862 4563 1136 4617 Dominus
1166 4561 1300 4615 dicit
1323 4580 1334 4614 :
1362 4562 1469 4627 Qui
1498 4575 1581 4611 me
1606 4575 1729 4613 con-
1812 4560 1867 4614 id
1890 4564 1976 4613 est
2002 4558 2059 4612 in
2082 4558 2330 4612 diversas
2360 4556 2692 4611 afﬂictiones
2724 4575 2735 4609 :
2766 4562 2829 4610 ut
2856 4560 3170 4624 tentemini,
3195 4569 3255 4616 ut
3277 4573 3402 4632 post

117 4664 302 4727 fessus
332 4659 509 4724 fuerit
537 4670 722 4708 coram
748 4651 1381 4717 hominibus,conﬁtcbor
1404 4654 1451 4702 et
1482 4665 1573 4715 ego
1602 4664 1728 4701 eum
1810 4649 2180 4702 tentationem
2200 4647 2439 4701 victores
2459 4646 2639 4700 effecti
2661 4647 3023 4712 coronemini,
3040 4649 3204 4716 juxta
3224 4652 3357 4707 illud
3382 4673 3392 4706 :

115 4764 317 4803 coram
349 4751 517 4800 Patre
546 4759 662 4797 meo
693 4744 883 4813 (Marc.
921 4758 1005 4795 vm
1031 4760 1043 4807 ;
1066 4743 1193 4795 Luc.
1235 4741 1361 4805 xu).
1406 4737 1725 4791 Judaeorum
1810 4737 2003 4789 Beatus
2035 4739 2125 4789 vir
2145 4739 2244 4804 qui
2257 4738 2446 4802 su/I‘ert
2479 4737 2830 4789 tentationem
2867 4735 2999 4801 (Jac.
3031 4743 3070 4801 ι)
3101 4753 3112 4788 :
3147 4743 3203 4791 et
3232 4739 3401 4796 habe-

114 4854 260 4909 ergo
289 4834 540 4889 nominis
565 4832 847 4903 expressio
871 4829 1197 4884 mediatoris
1219 4826 1395 4883 nostri
1406 4832 1492 4881 est
1511 4825 1727 4879 confes-

113 4928 209 4982 sio
238 4945 251 4979 :
282 4942 349 4979 ac
378 4940 480 4995 per
523 4924 629 4976 hoc
664 4921 985 4992 quicunque
1018 4915 1460 4973 Christianitatis
1501 4914 1728 4969 nomine

111 5019 450 5079 censentur,
495 5010 868 5082 spiritualiter
917 5007 1103 5062 Judaei
1156 5006 1526 5077 appellantur.
1564 5003 1725 5068 Quod

109 5121 327 5160 nomen
361 5103 557 5172 utique
589 5099 767 5154 Judaei
792 5104 927 5152 tunc
962 5095 1306 5167 generaliter
1334 5093 1720 5165 perdiderunt,

110 5193 349 5265 quando
378 5190 667 5246 Christum
707 5191 1074 5258 negaverunt,
1116 5184 1364 5238 dicentes
1397 5201 1409 5235 :
1440 5185 1599 5237 Ilunc
1638 5196 1727 5233 ne-

109 5287 330 5337 scimus
386 5281 533 5333 unde
584 5282 655 5331 sit
680 5280 855 5345 (Joan.
892 5280 989 5341 1x).
1023 5274 1241 5344 Quique
1290 5272 1456 5326 modo
1509 5274 1723 5341 aperte,

112 5372 294 5425 modo
323 5369 561 5429 occulte,
597 5381 820 5436 semper
865 5370 1054 5418 autem
1096 5362 1262 5416 corde
1290 5359 1593 5414 Ecclesium
1624 5357 1726 5411 Dei

110 5455 633 5530 blasphemant.Ad
650 5470 887 5525 quorum
911 5452 1234 5507 societatem
1255 5450 1534 5521 pertinent
1555 5448 1725 5501 etiam

115 5549 253 5603 falsi
275 5544 605 5608 Christiani,
624 5543 722 5613 qui
742 5542 1126 5596 Christianum
1155 5555 1357 5595 nomen
1380 5537 1607 5609 quidem
1628 5536 1723 5588 ha-

114 5640 284 5705 bent,
315 5636 415 5691 sed
444 5649 618 5705 Opera
638 5630 1078 5687 Christianitatis
1098 5646 1210 5685 non
1232 5628 1460 5684 habent.
1490 5627 1571 5681 De
1596 5624 1721 5697 qui-

376 5733 644 5795 ΡΑτιιοι..
679 5731 911 5795 CXVII.

1807 4823 1939 4878 bitis
1964 4823 2386 4877 tribulationem
2415 4822 2612 4877 diebus
2657 4821 2867 4875 decem.
2902 4822 3008 4875 Per
3037 4822 3228 4880 decem
3278 4830 3399 4886 dies

1809 4912 2013 4983 quibus
2044 4913 2289 4967 Ecclesia
2317 4911 2641 4976 tribulatur,
2667 4926 2861 4963 omnes
2902 4926 3147 4980 praesens
3176 4921 3401 4990 tempus

1808 5001 2160 5071 intelligitur,
2187 5001 2244 5054 in
2271 5016 2380 5070 quo
2405 4999 2668 5067 Decalogi
2698 4998 2964 5052 mandata
2988 5007 3120 5056 sunt
3145 5021 3401 5065 necessa-

1807 5090 1910 5143 ria.
1944 5089 2121 5169 Sicuti
2145 5089 2292 5143 enim
2326 5087 2495 5154 (verbi
2523 5086 2724 5157 gratia)
2768 5087 2998 5142 mittens
3026 5091 3263 5160 quilibet
3289 5098 3398 5152 im-

1808 5185 2037 5252 perator
2065 5179 2272 5233 milites
2297 5182 2494 5232 contra
2539 5176 2748 5243 hostes,
2777 5176 2928 5230 omni
2962 5194 3171 5247 genere
3217 5201 3401 5242 armo-

1809 5286 1934 5324 rum
1966 5267 2169 5333 munit,
2218 5267 2298 5321 sic
2344 5266 2493 5320 Deus
2523 5263 2878 5334 omnipotens
2919 5266 3147 5323 mittens
3192 5274 3399 5331 electos

1808 5375 1940 5412 suos
1974 5358 2045 5411 ad
2074 5356 2281 5410 bellum
2308 5355 2363 5408 in
2387 5355 2537 5409 hunc
2570 5352 2865 5417 mundum,
2896 5360 3092 5409 contra
3118 5358 3398 5419 daemones

1808 5448 1895 5501 vel
1922 5461 2213 5517 perversos
2236 5442 2489 5497 homines
2542 5442 2804 5511 DecaIOgi
2852 5444 3133 5501 mandatis
3175 5466 3271 5505 eos
3310 5453 3397 5505 in-

1805 5537 1992 5603 struit,
2018 5534 2221 5606 quibus
2246 5531 2449 5587 muniti
2481 5531 2562 5586 eis
2582 5530 2843 5585 resistere
2868 5533 3105 5601 possint.
3140 5536 3205 5590 Et
3224 5555 3395 5608 quan—

1806 5626 1903 5681 diu
1922 5624 2263 5693 Decalogum
2284 5620 2513 5691 habent,
2533 5619 2918 5675 necessarioin
2949 5622 3237 5689 procinctu
3265 5634 3399 5682 sunt

3083 5718 3155 5782 31
