3992 6166
531 243 640 300 975

943 238 1321 295 HAYMONIS
1360 233 1848 291 HALBERSTAT.
1891 232 2117 287 EPISC.
2161 233 2319 287 OPP.
2362 234 2546 288 PARS
2584 235 2629 291 I.
2671 263 2733 274 —
2780 234 3147 289 COMMENT.
3188 235 3369 290 BIBL.

3655 235 3740 295 976

532 380 659 419 cum
681 363 811 429 illis,
843 363 923 417 ita
950 360 1336 432 accipiendum
1367 365 1469 425 est,
1485 365 1752 431 tanquam
1779 358 2005 412 diceret.
2016 360 2183 429 pu-A
2208 358 2409 427 gloria.
2449 359 2608 413 Unde
2628 360 2875 413 Joannes
2905 360 3067 413 dicit:
3093 361 3357 428 Quotquot
3377 366 3547 414 autem
3571 378 3741 430 recepe-

530 453 717 525 gnabo
742 459 947 517 tecum,
991 451 1121 523 quia
1152 451 1412 505 videlicet
1462 451 1580 503 haec
1625 448 1796 503 verba
1850 453 1906 501 et
1934 447 2001 500 ad
2035 463 2130 499 eos

532 543 838 614 pertinent,
870 542 965 613 qui
989 541 1310 613 praedictam
1334 540 1644 593 doctrinam
1668 536 2132 608 sequebantur,et

534 632 607 686 ad
637 648 733 686 eos
761 631 932 685 etiam
962 631 1056 701 qui
1105 647 1200 683 eos
1255 646 1367 683 non
1395 627 1774 697 corrigebant.
1810 625 1940 679 Pari
1978 624 2127 678 enim

534 725 697 775 reatu
727 719 1061 789 astringitur
1087 725 1145 774 et
1172 719 1267 771 ille
1298 718 1393 787 qui
1424 733 1593 788 prava
1626 717 1804 779 docet,
1834 720 1890 767 et
1918 714 2012 767 ille
2032 713 2128 782 qui

532 824 706 879 prava
725 808 911 862 doceri
939 812 1130 861 tacens
1191 805 1485 881 permittit.
1519 804 1746 858 Talibus
1774 802 1965 872 itaque
1993 801 2130 854 dicit

533 897 833 971 Dominus:
874 896 1050 951 Venio
1088 895 1213 960 tibi,
1236 895 1292 948 id
1309 880 1395 948 est
1424 894 1727 947 adventum
1770 892 1866 945 irae
1896 906 2034 944 mea:
2073 896 2130 943 et

532 986 835 1041 vindictam
862 992 919 1041 te
948 986 1160 1040 sentire
1188 985 1411 1049 faciam,
1446 989 1503 1037 et
1525 981 1921 1053 pugnabocum
1938 980 2049 1033 illis
2069 980 2128 1033 in

530 1077 720 1147 gladio
747 1076 859 1131 oris
891 1076 1017 1140 mei,
1045 1075 1102 1129 id
1149 1079 1236 1128 est
1260 1072 1441 1127 acutis
1488 1071 1837 1141 eloquiorum
1870 1084 2125 1122 meorum

531 1165 826 1221 sententiis
853 1162 1289 1219 illosdamnabo.
1314 1160 1546 1215 Gladius
1570 1160 1718 1213 enim
1741 1158 1854 1212 oris
1884 1157 1985 1211 Dei
2013 1174 2125 1211 ser-

531 1271 758 1310 monem
785 1255 935 1309 illius
963 1254 1148 1307 valida
1176 1257 1451 1322 praecepta
1496 1249 1792 1319 signiﬁcat,
1824 1248 2000 1301 Paulo
2037 1252 2125 1299 at-

534 1348 794 1410 testante,
815 1342 1093 1414 quidicit:
1120 1342 1183 1394 Et
1220 1342 1474 1408 gladium
1495 1338 1881 1405 spiritusquod
1894 1340 1967 1389 est
2001 1350 2124 1388 rer-

532 1433 665 1486 bum
694 1435 793 1487 Dei
825 1432 1034 1500 (Ephes.
1066 1447 1161 1490 vn.

567 1559 570 1562 ~
604 1523 711 1588 Qui
731 1522 885 1575 habet
913 1536 1110 1573 aurem
1131 1520 1329 1572 audiat
1349 1517 1486 1585 quid
1518 1517 1767 1584 Spiritus
1796 1513 2126 1567 dicatEccte-

2215 443 2509 512 runteum,
2535 450 2681 501 dedit
2702 454 2775 501 eis
2790 454 3102 517 potestatem
3120 452 3260 514 ﬁlios
3284 450 3377 501 Dei
3392 452 3508 515 ﬁeri
3528 450 3739 516 (locum,

2212 541 2275 588 ut
2294 536 2440 589 sicut
2464 544 2551 590 est
2566 537 2741 591 Filius
2765 538 2859 591 Dei
2880 538 2997 608 ipse
3010 554 3106 608 per
3144 544 3423 602 naturam,
3458 539 3532 591 ita
3552 538 3649 592 sint
3671 540 3743 593 isti

2211 641 2312 694 per
2332 625 2594 694 gratiam.
2626 627 2687 680 In
2711 642 2820 696 qua
2844 627 3101 680 videlicet
3128 626 3441 697 adoptionis
3468 627 3647 696 gratia,
3672 644 3745 681 no-

2210 729 2341 767 men
2369 714 2535 767 etiam
2549 731 2752 768 novum
2779 715 2964 774 datur,
2991 715 3047 768 id
3073 721 3159 767 est
3178 732 3381 768 nomen
3419 715 3743 769 Christianum

2211 803 2368 872 prius
2396 804 2734 857 inauditum.
2768 807 2815 857 A
2845 804 3068 858 Christo
3099 804 3248 857 enim
3278 804 3468 857 ﬁdeles
3489 804 3743 857 Christiani

2210 899 2498 957 vocantur,
2517 893 2663 945 sicut
2689 891 2758 945 ab
2790 893 2963 947 Israel
2980 892 3268 953 Israelitrc,
3285 898 3343 945 et
3369 908 3401 944 a
3430 892 3565 946 Juda
3581 893 3739 946 Judaai.

2210 980 2291 1033 De
2320 981 2425 1034 hoc
2446 981 2673 1034 nomine
2699 998 2798 1051 per
2826 982 3156 1052 prophetam
3180 980 3384 1034 Isaiam
3404 979 3643 1034 Ecclesia:
3657 997 3744 1034 sua:

2210 1068 2331 1139 ipse
2352 1070 2622 1124 Dominus
2652 1077 2783 1124 ante
2808 1070 2976 1123 dixit:
3026 1071 3309 1124 Vocabitur
3332 1071 3432 1122 tibi
3463 1086 3643 1123 novum
3670 1086 3745 1123 no-

2207 1174 2354 1220 men,
2376 1161 2521 1225 quod
2540 1176 2594 1212 os
2608 1159 2833 1212 Domini
2848 1162 3162 1212 nominarit
3177 1161 3309 1225 (Isa.
3328 1163 3477 1221 LXII).
3496 1159 3553 1211 In
3575 1158 3745 1211 calculo

2206 1246 2395 1317 itaque
2424 1246 2593 1301 habet
2613 1249 2717 1302 hoc
2744 1264 2970 1313 nomen,
3005 1248 3137 1318 quia
3191 1247 3263 1301 ab
3310 1248 3432 1318 ipso
3471 1246 3603 1317 cepit
3627 1264 3746 1301 exor-

2206 1335 2383 1399 dium,
2407 1352 2439 1390 a
2470 1353 2580 1407 quo
2620 1354 2815 1391 omnes
2854 1337 3158 1392 Christiani
3187 1338 3558 1391 nominantur.
3593 1338 3644 1390 Et
3667 1339 3745 1390 hoc

2208 1440 2412 1478 nomen
2443 1426 2575 1479 solis
2630 1426 2798 1480 datur
2849 1426 3173 1492 victoribus,
3205 1426 3266 1479 id
3325 1431 3407 1480 est
3435 1424 3664 1478 omnibus
3691 1425 3745 1479 ad

2206 1513 2379 1566 vitam
2429 1518 2696 1567 zeternam
2748 1515 3178 1585 prazdestinatis,
3216 1515 3314 1585 qui
3359 1515 3517 1584 hujus
3551 1514 3745 1567 nominis

530 1614 648 1666 siis.
680 1610 783 1674 Qui
814 1609 1007 1680 utique
1039 1608 1187 1678 quod
1212 1607 1309 1661 uni
1358 1606 1581 1659 illarum
1617 1603 1770 1670 dicit,
1803 1618 1997 1656 omnes
2028 1602 2180 1680 Ec-_
2205 1602 2536 1672 dignitatem
2584 1603 2846 1674 operibus
2876 1609 3166 1658 exornant.
3196 1604 3360 1658 Unde
3392 1602 3742 1673 subjungitur:

529 1697 727 1752 clesias
755 1697 911 1767 cupit
943 1695 1157 1749 audire.

611 1789 857 1841 Vincenti
900 1784 1179 1839 desideria
1211 1783 1441 1855 propria
1489 1788 1545 1834 et
1591 1781 1907 1834 daemonum
1944 1783 2124 1831 tenta—

527 1880 736 1937 menta,
757 1875 895 1928 dabo
918 1874 1193 1927 eimanna
1213 1873 1614 1928 absconditum.
1645 1869 1701 1921 id
1724 1875 1808 1921 est
1846 1866 2122 1936 meipsum

525 1963 766 2019 tribuam
795 1963 878 2017 illi
905 1963 1000 2033 qui
1022 1979 1145 2016 sum
1159 1961 1321 2032 panis
1342 1961 1498 2013 vivus
1510 1959 1578 2012 de
1596 1958 1733 2011 coelo
1755 1956 2116 2021 descendens,

525 2053 869 2124 quiqueideo
884 2052 1062 2106 factus
1094 2067 1216 2104 sum
1244 2050 1432 2111 homo,
1466 2054 1531 2101 ut
1558 2062 1757 2118 panem
1790 2045 2119 2114 angelorum

523 2142 892 2196 manducaret
916 2141 1102 2193 homo.
1137 2140 1299 2192 Hunc
1352 2135 1700 2207 significabat
1753 2150 1956 2204 panem
1986 2133 2118 2187 olim

522 2229 663 2283 illud
688 2245 920 2289 manna,
939 2228 1088 2298 quod
1118 2226 1248 2280 ﬁliis
1275 2226 1449 2280 Israel
1481 2224 1673 2278 datum
1707 2229 1794 2276 est
1821 2223 1878 2275 in
1909 2239 2115 2275 eremo.

525 2318 683 2382 Quod
711 2316 1187 2388 quispiritualiter
1199 2312 1850 2377 manducaverunt,sicut
1877 2312 2115 2381 Moyses,

520 2408 729 2471 Aaron,
763 2411 823 2460 et
848 2405 1040 2473 Iosue,
1070 2408 1124 2459 et
1156 2404 1203 2457 si
1225 2403 1434 2457 mortui
1454 2407 1587 2455 sunt
1606 2416 1857 2470 corpore,
1886 2399 2119 2452 immor-

520 2494 662 2548 tales
687 2493 918 2549 fuerunt
957 2498 1165 2547 mente.
1195 2491 1302 2555 Qui
1334 2496 1525 2544 autem
1553 2488 1695 2542 nihil
1735 2488 1883 2541 aliud
1914 2494 2120 2557 praeter

520 2583 670 2655 quod
700 2582 963 2637 videbant
980 2582 1056 2635 ibi
1088 2580 1497 2650 intelligebant,
1531 2577 1739 2631 monui
1780 2585 1911 2630 sunt
1937 2581 2117 2629 morte

522 2678 751 2726 aeterna.
771 2673 849 2726 De
872 2669 1074 2741 quibus
1100 2668 1371 2722 Dominus
1385 2666 1524 2720 dicit
1558 2665 1794 2719 Iudaeis:
1822 2667 2007 2718 Patres
2036 2680 2118 2717 re-

518 2762 627 2813 stri
646 2759 1125 2813 manducavcrunt
1147 2770 1381 2820 manna,
1405 2760 1454 2806 et
1470 2754 1681 2806 mortui
1692 2753 2111 2817 sunt(Joan.v1).

520 2847 675 2902 Sicut
701 2854 759 2901 et
785 2862 936 2901 nunc
963 2844 1059 2917 qui
1084 2844 1252 2914 digne
1304 2858 1507 2912 corpus
1550 2846 1608 2894 et
1643 2838 1975 2908 sanguinem
2001 2839 2114 2892 Do-

518 2936 655 2989 mini
685 2935 984 3006 accipiunt,
1010 2934 1180 2987 vitam
1212 2931 1289 2985 ibi
1311 2936 1544 2985 sumunt
1578 2948 1590 2983 :
1620 2928 1715 2998 qui
1743 2928 1849 2981 hoc
1886 2927 2114 2995 indigne

2141 1673 2188 1732 Β
2207 1691 2364 1754 Quod
2383 1707 2548 1745 nemo
2569 1673 2692 1756 scit,
2711 1692 3050 1747 subauditur
3077 1693 3268 1763 digne,
3302 1691 3409 1746 nisi
3432 1692 3521 1761 qui
3555 1691 3738 1760 accipit.

2207 1780 2363 1834 Scire
2383 1781 2530 1834 enim
2556 1781 2796 1851 positum
2820 1787 2906 1835 est
2937 1782 3027 1836 hic
3047 1798 3147 1853 pro
3169 1798 3234 1834 eo
3256 1781 3403 1851 quod
3435 1787 3531 1844 est,
3553 1779 3643 1832 nisi
3665 1778 3746 1831 vir-

2184 1875 2382 1923 tutem
2416 1870 2583 1940 hujus
2634 1870 2881 1923 nominis
2930 1877 3189 1941 expertus
3240 1870 3429 1924 fuerit.
3459 1870 3571 1923 Tali
3614 1869 3743 1922 modo

2203 1959 2467 2013 dicuntur
2494 1959 2759 2013 mulieres
2788 1960 3036 2013 nondum
3066 1959 3392 2029 cognovisse
3423 1958 3575 2024 viros,
3602 1957 3650 2010 id
3681 1963 3745 2010 est

2203 2064 2325 2117 qua:
2350 2048 2602 2101 nondum
2634 2048 2862 2101 fuerunt
2906 2054 3146 2119 expertae
3186 2047 3292 2101 Viri
3332 2048 3564 2101 thorum.
3603 2047 3743 2100 Nemo

2203 2152 2335 2206 ergo
2367 2136 2472 2190 scit
2498 2136 2602 2190 hoc
2645 2153 2868 2200 nomen,
2894 2137 3000 2190 nisi
3028 2138 3124 2206 qui
3149 2137 3373 2207 accipit,
3406 2136 3459 2189 id
3488 2142 3566 2189 est
3614 2150 3744 2188 nemo

2199 2227 2463 2279 virtutem
2479 2226 2646 2295 hujus
2657 2226 2901 2280 nominis
2915 2230 2971 2279 et
2984 2226 3318 2296 dignitatem
3344 2223 3578 2279 moribus
3588 2231 3634 2277 et
3654 2222 3743 2276 vita

2200 2315 2467 2380 defendit,
2493 2314 2597 2367 nisi
2641 2314 2734 2385 qui
2767 2320 2897 2368 ante
2939 2314 3113 2368 fuerit
3140 2315 3561 2383 praedestinatus
3581 2329 3610 2365 a
3636 2313 3739 2374 Deo,

2201 2409 2264 2457 ut
2282 2403 2431 2457 ﬁlius
2460 2403 2560 2457 Dei
2590 2420 2703 2457 non
2753 2404 2934 2457 solum
2986 2403 3332 2469 nominetur,
3365 2402 3456 2456 Sed
3485 2401 3633 2455 etiam
3659 2400 3733 2458 sit.

2199 2493 2375 2546 Nosse
2407 2492 2614 2545 etenim
2645 2492 2853 2546 Christi
2876 2496 3109 2559 nomen,
3127 2492 3196 2545 ad
3227 2492 3531 2546 custodiam
3556 2489 3740 2542 manda-

2200 2586 2386 2635 torum
2416 2581 2680 2651 pertinet.
2715 2581 2836 2644 Quo
2856 2588 3051 2635 contra
3079 2582 3325 2635 Joannes
3349 2581 3417 2633 de
3438 2578 3658 2651 quolibet
3681 2593 3743 2630 re

2201 2669 2373 2739 probo
2385 2670 2522 2723 dicit
2543 2685 2554 2717 ε
2580 2671 2687 2737 Qui
2705 2671 2839 2724 dicit
2851 2688 2903 2723 sc
2915 2687 3064 2724 nosse
3075 2671 3273 2733 Deum,
3297 2676 3344 2723 et
3383 2671 3626 2722 mandata
3649 2671 3738 2734 ejus

2200 2775 2310 2813 non
2341 2760 2597 2822 custodit,
2628 2760 2866 2812 mendas:
2912 2764 3004 2824 est,
3047 2763 3095 2812 ct
3123 2762 3330 2812 veritas
3384 2761 3444 2811 in
3485 2775 3536 2809 eo
3566 2772 3658 2809 non
3681 2759 3739 2807 est

2194 2850 2252 2919 (Ι
2273 2846 2532 2917 Joan.n).
2557 2847 2736 2901 Nemo
2767 2848 2956 2918 itaque
2986 2847 3091 2901 scit
3131 2847 3237 2901 hoc
3282 2864 3502 2910 nomen,
3542 2845 3633 2898 nisi
3665 2842 3739 2913 qui

2197 2935 2417 3006 accipit,
2452 2936 2506 2989 id
2534 2942 2620 2990 est
2657 2937 2752 3007 qui
2782 2936 2850 2989 ad
2882 2937 2986 2990 hoc
3014 2936 3446 3006 praedestinatus
3475 2942 3553 2988 est
3578 2949 3608 2986 a
3629 2932 3735 2993 Deo,

516 3021 1151 3092 manducant,judicium
1174 3019 1279 3074 sibi
1294 3020 1636 3073 manducant
1657 3023 1715 3071 et
1728 3016 2107 3070 bibunt.1stud
2126 3022 2169 3081 C
2193 3032 2257 3078 ut,
2282 3026 2409 3094 jure
2455 3025 2809 3078 Christianus
2838 3031 3065 3079 vocetur
3114 3030 3169 3079 et
3205 3025 3303 3078 sit,
3338 3026 3438 3078 Pot
3464 3030 3544 3077 est
3592 3026 3641 3075 et
3661 3034 3738 3090 per

515 3118 707 3167 autem
734 3127 942 3165 manna
962 3110 1111 3181 quod
1139 3109 1230 3163 hic
1249 3108 1601 3179 promittitur
1639 3104 1916 3167 ﬁdelibus,
1948 3104 2113 3158 modo

517 3199 743 3270 quidem
776 3200 833 3253 in
856 3204 1209 3253 sacramento
1229 3198 1510 3268 accipiunt
1531 3212 1631 3266 per
1652 3195 1841 3254 ﬁdem,
1866 3194 2113 3264 quando-

516 3304 626 3358 que
653 3288 760 3342 hoc
780 3288 837 3341 in
868 3287 1098 3341 veritate
1114 3304 1216 3358 per
1228 3285 1576 3357 spiritualem
1594 3289 1863 3337 sumetur:
1887 3287 1942 3335 et
1963 3282 2112 3352 quod

515 3393 665 3431 nunc
684 3375 1291 3439 manetabsconditum,
1306 3380 1440 3428 tunc
1461 3373 1569 3427 erit
1580 3372 1959 3425 manifestum.
2002 3370 2111 3433 Qui

514 3464 705 3536 itaque
724 3465 948 3528 vacarit,
964 3463 1108 3518 dabo
1130 3463 1208 3517 illi
1232 3478 1440 3516 manna
1469 3460 1880 3523 absconditum,
1924 3459 1981 3512 id
2002 3464 2104 3525 est,

514 3570 700 3609 meam
726 3559 852 3625 post
878 3554 1065 3608 ﬁnitos
1095 3552 1263 3621 hujus
1284 3551 1408 3605 vita;
1436 3549 1655 3604 labores
1680 3547 2110 3618 contemplatio-

514 3659 645 3697 nem
671 3643 755 3697 illi
785 3642 1106 3697 concedam.
1136 3641 1298 3695 Unde
1323 3639 1624 3693 Psalmista
1651 3636 1821 3691 dicit:
1856 3637 2113 3692 Satiabor

513 3734 649 3787 dum
680 3732 1130 3798 manifestabitur
1156 3732 1338 3795 gloria
1371 3733 1467 3781 tua
1506 3728 1678 3799 (Psal.
1723 3726 1861 3788 xw).
1908 3725 2116 3779 Manna

515 3820 722 3876 etenim
744 3819 1153 3890 interpretatur
1175 3835 1186 3870 :
1215 3817 1360 3882 Quid
1377 3822 1464 3870 est
1480 3816 1587 3869 hoc
1607 3813 1631 3868 ἶ)
1648 3816 1763 3868 Nos
1791 3819 1981 3867 autem
2012 3830 2112 3867 ne-

514 3925 799 3981 quaquam
829 3907 1106 3962 dicimus:
1142 3905 1289 3970 Quid
1321 3911 1408 3959 est
1439 3905 1559 3969 hoc,
1590 3903 1699 3956 nisi
1736 3903 1807 3957 de
1854 3919 1916 3957 re
1944 3919 2113 3973 quam

513 4004 644 4053 ante
672 4014 783 4053 non
813 3996 1072 4051 vidimus.
1107 3994 1265 4050 Istud
1296 3993 1446 4048 enim
1475 4008 1681 4046 manna
1731 4008 1881 4046 nunc
1921 3996 2112 4045 manet

513 4087 925 4153 absconditum,
935 4086 1098 4155 juxta
1112 4083 1263 4153 quod
1282 4082 1584 4153 Apostolus
1603 4081 1685 4134 ait
1707 4097 1719 4131 :
1755 4081 1904 4146 Quod
1918 4084 2110 4133 oculus

514 4192 626 4230 non
646 4178 806 4243 cidit,
826 4190 921 4228 nec
938 4176 1100 4227 auris
1120 4173 1463 4231 audivitmec
1480 4174 1543 4223 in
1561 4185 1654 4224 cor
1672 4170 1914 4222 hominis
1931 4185 2111 4223 ascen-

511 4265 613 4325 dit,
639 4279 758 4330 quas
772 4264 1111 4329 pra-paravit
1135 4260 1277 4312 Deus
1324 4259 1685 4324 diligentibus
1712 4273 1764 4310 se
1792 4259 1843 4327 (Ι
1870 4256 1990 4310 Cor.
2024 4259 2105 4327 ιι).

2196 3113 2344 3167 hunc
2373 3113 2616 3183 lapidem
2647 3113 2887 3183 ignitum
2907 3113 3151 3167 Charitas
3168 3114 3427 3183 intelligi,
3452 3108 3737 3182 qumcando-

2193 3217 2313 3254 rem
2334 3200 2523 3265 habet,
2554 3218 2656 3272 per
2685 3203 2787 3255 hoc
2816 3202 2960 3272 quod
2986 3201 3149 3256 vestis
3171 3208 3257 3255 est
3310 3201 3557 3272 operiens
3579 3198 3737 3266 nigre-

2193 3287 2379 3341 dinem
2398 3296 2751 3359 peccatorum
2778 3307 2789 3342 :
2816 3307 2917 3361 per
2934 3291 3116 3360 ignem
3140 3296 3357 3356 autem,
3389 3305 3539 3343 amor
3559 3302 3653 3357 quo
3675 3283 3737 3336 di-

2193 3376 2393 3448 ligitur
2418 3378 2565 3431 Deus
2587 3384 2645 3431 et
2667 3378 2854 3432 homo.
2869 3379 3049 3432 Datur
3076 3394 3207 3448 ergo
3221 3377 3563 3433 vincentibus
3588 3374 3735 3428 calcu-

2192 3465 2281 3519 lus
2303 3466 2591 3532 candidus,
2613 3472 2677 3520 ut
2699 3467 2937 3535 diligant
2960 3468 3135 3521 Deum
3167 3473 3224 3521 et
3251 3468 3576 3539 proximum.
3598 3463 3738 3516 Datur

2193 3554 2249 3607 in
2263 3555 2474 3608 calculo
2496 3571 2718 3621 nomen,
2751 3561 2815 3609 ut
2839 3555 3019 3626 ipsam
3062 3556 3420 3611 dilectionem
3445 3553 3737 3623 adimpleant

2194 3643 2251 3696 in
2271 3643 2535 3697 mandato
2555 3660 2721 3702 novo.
2763 3644 3041 3715 Scriptum
3075 3645 3279 3716 quippe
3300 3652 3387 3700 est
3416 3648 3429 3700 ἑ
3465 3643 3735 3698 Mandatum

2197 3733 2478 3785 novume
2498 3730 2663 3796 vobis,
2687 3736 2751 3785 ut
2772 3748 2859 3785 vos
2882 3734 3116 3785 invicem
3144 3734 3403 3800 diligatis
3432 3734 3591 3801 (Joan.
3613 3732 3728 3784 Kllll.

2196 3820 2369 3889 Cujus
2390 3820 2632 3873 nominis
2655 3821 2916 3874 virtutem
2938 3820 3089 3875 solus
3115 3821 3219 3875 scit
3255 3822 3355 3892 qui
3381 3821 3584 3892 accipit,
3604 3818 3647 3871 id
3672 3820 3737 3869 est

2195 3908 2291 3978 qui
2317 3908 2374 3961 in
2405 3925 2547 3963 novo
2569 3910 2835 3963 mandato
2858 3909 2994 3963 illud
3018 3910 3279 3976 custodit,
3307 3911 3455 3982 quod
3492 3904 3734 3978 discipulis

2194 4002 2280 4051 est
2307 3997 2589 4052 collatum.

2263 4087 2330 4140 Et
2348 4088 2541 4153 angelo
2562 4087 2838 4154 Thyatira:
2858 4089 3099 4142 Ecclesia:
3119 4088 3593 4159 scribeThyatira,
3621 4083 3735 4137 sicut

2192 4190 2360 4244 supra
2374 4174 2582 4228 dictum
2601 4181 2703 4241 est,
2718 4175 3038 4230 illuminata
3057 4176 3281 4240 dicitur,
3326 4178 3625 4248 signiﬁcans
3643 4168 3735 4226 uni-

2191 4277 2407 4316 versam
2431 4263 2753 4328 Ecclesiam,
2774 4264 3225 4334 qumilluminata
3238 4273 3328 4320 est
3349 4284 3448 4337 per
3475 4263 3731 4323 Christum,

546 4351 614 4404 Εἰ
633 4351 769 4403 ἀαὺο
793 4351 887 4401 illi
904 4347 1184 4401 calculum
1204 4346 1584 4408 candidum.“
1605 4347 1669 4397 ίη
1687 4346 1896 4399 οαιοιιιθ
1908 4359 2108 4398 nomen
2126 4333 2173 4391 D
2192 4351 2287 4420 qui
2309 4356 2395 4405 est
2409 4352 2501 4406 lux
2523 4368 2653 4405 vera
2668 4333 2994 4407 illuminans
3006 4369 3226 4408 omnem
3253 4333 3533 4408 hominem
3557 4350 3734 4405 venien-

510 4454 716 4492 novum
738 4438 1029 4505 scriptum,
1062 4435 1208 4502 quod
1239 4449 1398 4486 nemo
1451 4435 1554 4486 scit
1608 4435 1721 4486 nisi
1766 4436 1866 4500 qui
1887 4436 2105 4500 accipit.

511 4527 774 4583 Calculus
803 4524 945 4596 lapis
965 4532 1051 4579 est
1072 4522 1370 4595 pretiosus,
1408 4522 1504 4592 qui
1530 4528 1587 4575 et
1605 4521 1978 4576 carbunculus
2007 4539 2107 4592 ap-

509 4616 770 4689 pellatur,
800 4630 866 4668 eo
881 4612 1098 4685 quodin
1115 4610 1363 4666 tenebris
1382 4610 1739 4675 constitutus,
1775 4610 1920 4664 sicut
1939 4609 2107 4664 carbo

507 4720 812 4760 succensus
839 4701 1054 4773 fulgere
1083 4699 1555 4772 perhibetur.Per
1580 4700 1729 4753 hunc
1762 4704 1951 4753 autem
1965 4699 2106 4769 lapi-

507 4795 636 4848 dem
664 4795 785 4865 ipse
811 4790 1147 4860 intelligitur
1165 4789 1441 4854 Christus,
1468 4788 1564 4858 qui
1585 4789 1735 4842 inter
1756 4788 1922 4857 hujus
1936 4804 2105 4841 saecu-

504 4881 826 4936 liteuebras
878 4878 1118 4944 refulsit,
1161 4877 1385 4947 quando
1435 4876 1683 4930 Verbum
1732 4892 1861 4929 caro
1895 4876 2101 4929 factum

505 4974 611 5035 est,
637 4975 693 5023 et
746 4968 1019 5022 habitavit
1046 4966 1105 5020 in
1136 4965 1315 5020 nobis.
1369 4964 1528 5019 Unde
1561 4969 1618 5018 et
1642 4963 1783 5018 bene
1831 4963 2101 5018 candidus

502 5056 731 5119 dicitur,
758 5056 891 5126 quia
915 5056 1036 5110 sine
1056 5055 1171 5109 ulla
1200 5053 1410 5125 peccati
1433 5053 1801 5106 otfuscatione
1854 5053 2100 5106 mundus

501 5144 764 5215 apparuit
781 5144 929 5197 inter
956 5143 1234 5207 homines,
1266 5149 1320 5195 et
1341 5141 1650 5196 divinitatis
1665 5158 1779 5195 suae
1808 5142 1929 5194 luce
1949 5147 2101 5194 tene-

499 5233 630 5287 bras
661 5236 866 5286 nostras
908 5231 1269 5285 mortalitatis
1298 5230 1619 5285 illustravit.
1690 5229 1832 5286 Dicit
1859 5229 2049 5300 itaque
2081 5249 2093 5282 :

496 5322 653 5378 Dabo
700 5321 941 5375 vincenti
1000 5320 1274 5373 calculum
1329 5337 1584 5384 aureum,
1618 5320 1676 5373 id
1731 5326 1817 5373 est
1865 5319 2009 5373 dabo
2037 5320 2089 5373 ei

494 5411 794 5483 meipsum,
818 5409 994 5480 quide
1012 5407 1220 5461 mundo
1232 5414 1401 5478 atque
1423 5415 1653 5463 auctore
1677 5408 1872 5463 mortis
1894 5409 2091 5463 trium-

491 5501 646 5572 phat,
664 5506 726 5554 ut
745 5498 819 5553 sit
839 5497 1051 5552 scilicet
1071 5512 1228 5550 meus
1246 5495 1420 5550 frater
1435 5502 1493 5550 et
1527 5498 1804 5569 particeps
1841 5498 1999 5568 regni
2030 5498 2088 5552 in

2190 4444 2304 4492 tem
2331 4440 2386 4492 in
2415 4441 2563 4494 hunc
2584 4441 2875 4495 mundum.
2911 4442 3153 4513 Ideoque
3169 4444 3315 4513 quod
3348 4444 3443 4497 uni
3469 4438 3733 4514 specialiter

2188 4527 2449 4583 Ecclesiae
2483 4529 2665 4583 dicere
2704 4546 2889 4584 sermo
2918 4530 3137 4585 divinus
3170 4532 3409 4598 videtur,
3439 4525 3732 4602 generaliter

2191 4615 2262 4668 ad
2291 4632 2516 4669 omnem
2544 4615 2846 4670 Ecclesiam
2878 4618 3139 4686 pertinet.

2257 4705 2517 4757 [indicit
2534 4706 2704 4758 Filius
2722 4706 2835 4769 Dei,
2851 4708 2949 4773 qui
2982 4707 3137 4759 habet
3183 4710 3365 4761 oculos
3392 4711 3451 4760 ut
3480 4708 3727 4773 ﬂammam

2186 4795 2354 4860 ignis.
2381 4792 2482 4846 Hic
2497 4793 2614 4863 jam
2630 4799 2821 4862 aperte
2833 4794 3171 4860 ostenditur,
3196 4796 3357 4865 cujus
3387 4801 3573 4866 typum
3596 4802 3732 4857 auge.

2186 4881 2273 4935 lus
2288 4879 2538 4950 gerebat,
2558 4880 2653 4951 qui
2682 4882 2798 4935 lli-BC
2828 4882 3157 4937 ostendebat
3190 4883 3353 4937 beato
3394 4880 3598 4944 Joanni,
3626 4887 3726 4931 cum

2184 4986 2287 5023 sua
2305 4968 2490 5025 verba.
2516 4969 2641 5023 Filii
2667 4970 2768 5024 Dei
2784 4969 2969 5033 verba,
2999 4973 3319 5042 proﬁtetur,
3345 4972 3524 5026 dicens
3559 4986 3570 5021 :
3604 4966 3724 5023 Hinc.

2183 5058 2321 5111 dicit
2349 5057 2522 5111 Filius
2547 5058 2840 5128 Dei,cujus
2868 5059 3013 5113 oculi
3037 5060 3184 5113 velut
3222 5061 3450 5114 flamma
3470 5056 3600 5129 ignis
3618 5049 3727 5107 exsi-

2181 5152 2411 5211 stentes,
2436 5152 2569 5200 sunt
2586 5146 2735 5200 dona
2751 5147 2995 5217 Spiritus
3014 5149 3343 5219 sancti,quaz
3363 5154 3535 5202 totum
3563 5153 3727 5210 corpus

2183 5233 2437 5288 Ecclesiae
2480 5233 2819 5288 illuminant.
2853 5235 2955 5288 Vel
3011 5242 3160 5290 certe
3191 5237 3377 5290 divina
3421 5232 3640 5304 eloquia.
3671 5225 3725 5278 de

2173 5321 2374 5392 quibus
2395 5321 2665 5392 scriptum
2698 5326 2785 5375 est
2812 5338 2823 5373 :
2858 5324 3105 5376 Lucerna
3127 5325 3353 5392 pedibus
3382 5326 3509 5377 meis
3538 5318 3724 5373 verbum

2173 5416 2335 5464 tuum
2359 5411 2538 5475 (Psal.
2573 5411 2797 5477 cxvm);
2835 5418 2891 5464 et
2919 5411 3127 5465 iterum
3153 5431 3164 5465 :
3216 5414 3459 5481 Ignitum
3486 5409 3721 5475 eloquium

2174 5505 2334 5552 tuum
2354 5498 3021 5569 vehementcr(lbid.),Vel
3038 5501 3231 5566 etiam,
3259 5501 3401 5556 oculi
3435 5493 3634 5553 Domini
3652 5491 3722 5545 in-
