  <div class='ocr_page' id='page_1' title='image "/cluster/home/n/w/nwhite01/storage/ocr_20150623/117/hvd.32044054759816/494.png"; bbox 0 0 3992 6166; ppageno 0'>
   <div class='ocr_carea' id='block_1_1' title="bbox 218 259 325 316">
    <p class='ocr_par' dir='ltr' id='par_1_1' title="bbox 218 259 325 316">
     <span class='ocr_line' id='line_1_1' title="bbox 218 259 325 316; baseline 0 0"><span class='ocrx_word' id='word_1_1' title='bbox 218 259 325 316; x_wconf 82' lang='grc'>977</span> 
     </span>
    </p>
   </div>
   <div class='ocr_carea' id='block_1_2' title="bbox 1170 263 2558 322">
    <p class='ocr_par' dir='ltr' id='par_1_2' title="bbox 1170 263 2558 322">
     <span class='ocr_line' id='line_1_2' title="bbox 1170 263 2558 322; baseline -0.004 0"><span class='ocrx_word' id='word_1_2' title='bbox 1170 265 1551 322; x_wconf 83' lang='lat' dir='ltr'>EXPOSITIO</span> <span class='ocrx_word' id='word_1_3' title='bbox 1586 267 1662 321; x_wconf 89' lang='lat' dir='ltr'><strong>IN</strong></span> <span class='ocrx_word' id='word_1_4' title='bbox 1691 263 2218 321; x_wconf 83' lang='lat' dir='ltr'>APOCALYPSIN.</span> <span class='ocrx_word' id='word_1_5' title='bbox 2251 294 2315 306; x_wconf 90' lang='lat'><strong>—</strong></span> <span class='ocrx_word' id='word_1_6' title='bbox 2345 264 2480 319; x_wconf 73' lang='lat' dir='ltr'>LIll.</span> <span class='ocrx_word' id='word_1_7' title='bbox 2515 266 2558 319; x_wconf 91' lang='grc' dir='ltr'>Ι.</span> 
     </span>
    </p>
   </div>
   <div class='ocr_carea' id='block_1_3' title="bbox 3381 269 3485 329">
    <p class='ocr_par' dir='ltr' id='par_1_3' title="bbox 3381 269 3485 329">
     <span class='ocr_line' id='line_1_3' title="bbox 3381 269 3485 329; baseline 0.029 -3"><span class='ocrx_word' id='word_1_8' title='bbox 3381 269 3485 329; x_wconf 83' lang='lat'>978</span> 
     </span>
    </p>
   </div>
   <div class='ocr_carea' id='block_1_4' title="bbox 217 385 3480 461">
    <p class='ocr_par' dir='ltr' id='par_1_4' title="bbox 217 385 3480 461">
     <span class='ocr_line' id='line_1_4' title="bbox 217 385 3480 461; baseline 0.003 -22"><span class='ocrx_word' id='word_1_9' title='bbox 217 385 556 455; x_wconf 86' lang='lat' dir='ltr'>telliguntur</span> <span class='ocrx_word' id='word_1_10' title='bbox 581 387 854 454; x_wconf 89' lang='lat' dir='ltr'>doctores,</span> <span class='ocrx_word' id='word_1_11' title='bbox 882 390 975 461; x_wconf 88' lang='lat' dir='ltr'>qui</span> <span class='ocrx_word' id='word_1_12' title='bbox 1009 406 1109 444; x_wconf 91' lang='lat' dir='ltr'>nos</span> <span class='ocrx_word' id='word_1_13' title='bbox 1131 407 1231 445; x_wconf 88' lang='lat' dir='ltr'>sua</span> <span class='ocrx_word' id='word_1_14' title='bbox 1260 391 1517 445; x_wconf 83' lang='lat' dir='ltr'>doctrina</span> <span class='ocrx_word' id='word_1_15' title='bbox 1546 396 1604 445; x_wconf 88' lang='lat' dir='ltr'>et</span> <span class='ocrx_word' id='word_1_16' title='bbox 1630 407 1814 446; x_wconf 84' lang='lat' dir='ltr'>exem-</span> <span class='ocrx_word' id='word_1_17' title='bbox 1824 396 1876 454; x_wconf 84' lang='grc' dir='ltr'><strong>Α</strong></span> <span class='ocrx_word' id='word_1_18' title='bbox 1894 389 2010 443; x_wconf 82' lang='lat' dir='ltr'>haec</span> <span class='ocrx_word' id='word_1_19' title='bbox 2041 389 2243 443; x_wconf 83' lang='lat' dir='ltr'>mulier</span> <span class='ocrx_word' id='word_1_20' title='bbox 2271 406 2384 445; x_wconf 87' lang='lat' dir='ltr'>non</span> <span class='ocrx_word' id='word_1_21' title='bbox 2416 390 2547 444; x_wconf 80' lang='lat' dir='ltr'>vixit</span> <span class='ocrx_word' id='word_1_22' title='bbox 2577 406 2753 461; x_wconf 89' lang='lat' dir='ltr'>usque</span> <span class='ocrx_word' id='word_1_23' title='bbox 2778 391 2849 446; x_wconf 90' lang='lat' dir='ltr'>ad</span> <span class='ocrx_word' id='word_1_24' title='bbox 2882 392 3185 448; x_wconf 82' lang='lat' dir='ltr'>adventum</span> <span class='ocrx_word' id='word_1_25' title='bbox 3217 395 3435 451; x_wconf 86' lang='lat' dir='ltr'>Domini</span> <span class='ocrx_word' id='word_1_26' title='bbox 3467 416 3480 448; x_wconf 88' lang='lat'>:</span> 
     </span>
    </p>
   </div>
   <div class='ocr_carea' id='block_1_5' title="bbox 216 475 1540 550">
    <p class='ocr_par' dir='ltr' id='par_1_5' title="bbox 216 475 1540 550">
     <span class='ocr_line' id='line_1_5' title="bbox 216 475 1540 550; baseline 0.005 -23"><span class='ocrx_word' id='word_1_27' title='bbox 216 475 307 545; x_wconf 89' lang='lat' dir='ltr'>plo</span> <span class='ocrx_word' id='word_1_28' title='bbox 336 475 678 544; x_wconf 86' lang='lat' dir='ltr'>illuminant,</span> <span class='ocrx_word' id='word_1_29' title='bbox 712 484 768 532; x_wconf 91' lang='lat' dir='ltr'>et</span> <span class='ocrx_word' id='word_1_30' title='bbox 787 479 977 533; x_wconf 86' lang='lat' dir='ltr'>lumen</span> <span class='ocrx_word' id='word_1_31' title='bbox 999 480 1243 534; x_wconf 65' lang='lat' dir='ltr'>scientia:</span> <span class='ocrx_word' id='word_1_32' title='bbox 1272 480 1540 550; x_wconf 77' lang='lat' dir='ltr'>praebent.</span> 
     </span>
    </p>
   </div>
   <div class='ocr_carea' id='block_1_6' title="bbox 284 583 1808 652">
    <p class='ocr_par' dir='ltr' id='par_1_6' title="bbox 284 583 1808 652">
     <span class='ocr_line' id='line_1_6' title="bbox 284 583 1808 652; baseline 0.005 -17"><span class='ocrx_word' id='word_1_33' title='bbox 284 583 356 635; x_wconf 81' lang='lat' dir='ltr'>Et</span> <span class='ocrx_word' id='word_1_34' title='bbox 394 583 555 651; x_wconf 83' lang='lat' dir='ltr'>pedes</span> <span class='ocrx_word' id='word_1_35' title='bbox 592 588 709 652; x_wconf 78' lang='lat' dir='ltr'>ejus</span> <span class='ocrx_word' id='word_1_36' title='bbox 755 589 967 640; x_wconf 87' lang='lat' dir='ltr'>similes</span> <span class='ocrx_word' id='word_1_37' title='bbox 995 589 1329 641; x_wconf 74' lang='lat' dir='ltr'>aurichalco.</span> <span class='ocrx_word' id='word_1_38' title='bbox 1366 588 1544 641; x_wconf 86' lang='lat' dir='ltr'>Pedes</span> <span class='ocrx_word' id='word_1_39' title='bbox 1584 589 1808 642; x_wconf 90' lang='lat' dir='ltr'>Domini</span> 
     </span>
    </p>
   </div>
   <div class='ocr_carea' id='block_1_7' title="bbox 213 672 1810 747">
    <p class='ocr_par' dir='ltr' id='par_1_7' title="bbox 213 672 1810 747">
     <span class='ocr_line' id='line_1_7' title="bbox 213 672 1810 747; baseline 0.004 -24"><span class='ocrx_word' id='word_1_40' title='bbox 213 675 351 724; x_wconf 86' lang='lat' dir='ltr'>sunt</span> <span class='ocrx_word' id='word_1_41' title='bbox 381 672 467 725; x_wconf 89' lang='lat' dir='ltr'>vel</span> <span class='ocrx_word' id='word_1_42' title='bbox 504 674 679 727; x_wconf 83' lang='lat' dir='ltr'>sancti</span> <span class='ocrx_word' id='word_1_43' title='bbox 703 675 1096 744; x_wconf 70' lang='lat' dir='ltr'>praedicatores</span> <span class='ocrx_word' id='word_1_44' title='bbox 1118 693 1217 747; x_wconf 89' lang='lat' dir='ltr'>per</span> <span class='ocrx_word' id='word_1_45' title='bbox 1245 693 1385 747; x_wconf 90' lang='lat' dir='ltr'>quos</span> <span class='ocrx_word' id='word_1_46' title='bbox 1406 678 1678 730; x_wconf 91' lang='lat' dir='ltr'>mundum</span> <span class='ocrx_word' id='word_1_47' title='bbox 1705 677 1810 730; x_wconf 87' lang='lat' dir='ltr'>cir-</span> 
     </span>
    </p>
   </div>
   <div class='ocr_carea' id='block_1_8' title="bbox 213 760 1807 835">
    <p class='ocr_par' dir='ltr' id='par_1_8' title="bbox 213 760 1807 835">
     <span class='ocr_line' id='line_1_8' title="bbox 213 760 1807 835; baseline 0.006 -23"><span class='ocrx_word' id='word_1_48' title='bbox 213 760 351 828; x_wconf 88' lang='lat' dir='ltr'>cuit,</span> <span class='ocrx_word' id='word_1_49' title='bbox 381 761 760 817; x_wconf 78' lang='lat' dir='ltr'>tribulationis</span> <span class='ocrx_word' id='word_1_50' title='bbox 789 764 916 833; x_wconf 86' lang='lat' dir='ltr'>igne</span> <span class='ocrx_word' id='word_1_51' title='bbox 945 765 1186 835; x_wconf 82' lang='lat' dir='ltr'>probati,</span> <span class='ocrx_word' id='word_1_52' title='bbox 1218 766 1304 820; x_wconf 89' lang='lat' dir='ltr'>vel</span> <span class='ocrx_word' id='word_1_53' title='bbox 1332 772 1484 821; x_wconf 83' lang='lat' dir='ltr'>certe</span> <span class='ocrx_word' id='word_1_54' title='bbox 1512 767 1713 820; x_wconf 90' lang='lat' dir='ltr'>ultima</span> <span class='ocrx_word' id='word_1_55' title='bbox 1741 784 1807 821; x_wconf 89' lang='lat' dir='ltr'>ac</span> 
     </span>
    </p>
   </div>
   <div class='ocr_carea' id='block_1_9' title="bbox 211 849 1808 925">
    <p class='ocr_par' dir='ltr' id='par_1_9' title="bbox 211 849 1808 925">
     <span class='ocr_line' id='line_1_9' title="bbox 211 849 1808 925; baseline 0.007 -25"><span class='ocrx_word' id='word_1_56' title='bbox 211 849 517 904; x_wconf 89' lang='lat' dir='ltr'>novissima</span> <span class='ocrx_word' id='word_1_57' title='bbox 548 851 700 905; x_wconf 87' lang='lat' dir='ltr'>illius</span> <span class='ocrx_word' id='word_1_58' title='bbox 730 853 1002 920; x_wconf 87' lang='lat' dir='ltr'>membra,</span> <span class='ocrx_word' id='word_1_59' title='bbox 1035 859 1287 909; x_wconf 85' lang='lat' dir='ltr'>extrema</span> <span class='ocrx_word' id='word_1_60' title='bbox 1315 855 1700 925; x_wconf 83' lang='lat' dir='ltr'>persecutione</span> <span class='ocrx_word' id='word_1_61' title='bbox 1720 874 1808 911; x_wconf 90' lang='lat' dir='ltr'>ca-</span> 
     </span>
    </p>
   </div>
   <div class='ocr_carea' id='block_1_10' title="bbox 211 936 430 993">
    <p class='ocr_par' dir='ltr' id='par_1_10' title="bbox 211 936 430 993">
     <span class='ocr_line' id='line_1_10' title="bbox 211 936 430 993; baseline 0.014 -3"><span class='ocrx_word' id='word_1_62' title='bbox 211 936 430 993; x_wconf 89' lang='lat' dir='ltr'>dentia.</span> 
     </span>
    </p>
   </div>
   <div class='ocr_carea' id='block_1_11' title="bbox 282 1045 1802 1123">
    <p class='ocr_par' dir='ltr' id='par_1_11' title="bbox 282 1045 1802 1123">
     <span class='ocr_line' id='line_1_11' title="bbox 282 1045 1802 1123; baseline 0.005 -25"><span class='ocrx_word' id='word_1_63' title='bbox 282 1045 425 1099; x_wconf 70' lang='lat' dir='ltr'>Novi</span> <span class='ocrx_word' id='word_1_64' title='bbox 444 1062 607 1113; x_wconf 80' lang='lat' dir='ltr'>opera</span> <span class='ocrx_word' id='word_1_65' title='bbox 640 1052 757 1114; x_wconf 83' lang='lat' dir='ltr'>tua,</span> <span class='ocrx_word' id='word_1_66' title='bbox 789 1047 847 1101; x_wconf 88' lang='lat' dir='ltr'>id</span> <span class='ocrx_word' id='word_1_67' title='bbox 895 1052 981 1103; x_wconf 90' lang='lat' dir='ltr'>est</span> <span class='ocrx_word' id='word_1_68' title='bbox 1007 1054 1107 1103; x_wconf 87' lang='lat' dir='ltr'>tua</span> <span class='ocrx_word' id='word_1_69' title='bbox 1151 1047 1294 1104; x_wconf 89' lang='lat' dir='ltr'>bene</span> <span class='ocrx_word' id='word_1_70' title='bbox 1342 1055 1503 1120; x_wconf 84' lang='lat' dir='ltr'>gesta</span> <span class='ocrx_word' id='word_1_71' title='bbox 1534 1051 1802 1123; x_wconf 89' lang='lat' dir='ltr'>approbo,</span> 
     </span>
    </p>
   </div>
   <div class='ocr_carea' id='block_1_12' title="bbox 209 1145 1805 1217">
    <p class='ocr_par' dir='ltr' id='par_1_12' title="bbox 209 1145 1805 1217">
     <span class='ocr_line' id='line_1_12' title="bbox 209 1145 1805 1217; baseline 0.006 -22"><span class='ocrx_word' id='word_1_72' title='bbox 209 1147 277 1195; x_wconf 86' lang='lat' dir='ltr'>ut</span> <span class='ocrx_word' id='word_1_73' title='bbox 304 1148 438 1212; x_wconf 89' lang='lat' dir='ltr'>pote</span> <span class='ocrx_word' id='word_1_74' title='bbox 467 1145 563 1215; x_wconf 86' lang='lat' dir='ltr'>qui</span> <span class='ocrx_word' id='word_1_75' title='bbox 606 1150 671 1198; x_wconf 91' lang='lat' dir='ltr'>ut</span> <span class='ocrx_word' id='word_1_76' title='bbox 709 1146 904 1200; x_wconf 89' lang='lat' dir='ltr'>eadem</span> <span class='ocrx_word' id='word_1_77' title='bbox 943 1163 1141 1216; x_wconf 83' lang='lat' dir='ltr'>ageres</span> <span class='ocrx_word' id='word_1_78' title='bbox 1189 1150 1436 1217; x_wconf 75' lang='lat' dir='ltr'>gratuito</span> <span class='ocrx_word' id='word_1_79' title='bbox 1481 1150 1707 1204; x_wconf 87' lang='lat' dir='ltr'>contuli.</span> <span class='ocrx_word' id='word_1_80' title='bbox 1741 1151 1805 1205; x_wconf 91' lang='lat' dir='ltr'>In</span> 
     </span>
    </p>
   </div>
   <div class='ocr_carea' id='block_1_13' title="bbox 209 1239 1805 1318">
    <p class='ocr_par' dir='ltr' id='par_1_13' title="bbox 209 1239 1805 1318">
     <span class='ocr_line' id='line_1_13' title="bbox 209 1239 1805 1318; baseline 0.007 -26"><span class='ocrx_word' id='word_1_81' title='bbox 209 1239 318 1293; x_wconf 88' lang='lat' dir='ltr'>hoc</span> <span class='ocrx_word' id='word_1_82' title='bbox 348 1247 539 1296; x_wconf 88' lang='lat' dir='ltr'>autem</span> <span class='ocrx_word' id='word_1_83' title='bbox 569 1243 692 1297; x_wconf 92' lang='lat' dir='ltr'>loco</span> <span class='ocrx_word' id='word_1_84' title='bbox 723 1245 1002 1312; x_wconf 79' lang='lat' dir='ltr'>generalis</span> <span class='ocrx_word' id='word_1_85' title='bbox 1018 1245 1272 1301; x_wconf 79' lang='lat' dir='ltr'>Ecclesiae</span> <span class='ocrx_word' id='word_1_86' title='bbox 1295 1264 1536 1318; x_wconf 80' lang='lat' dir='ltr'>persona</span> <span class='ocrx_word' id='word_1_87' title='bbox 1554 1247 1805 1303; x_wconf 87' lang='lat' dir='ltr'>introdu-</span> 
     </span>
    </p>
   </div>
   <div class='ocr_carea' id='block_1_14' title="bbox 208 1328 378 1384">
    <p class='ocr_par' dir='ltr' id='par_1_14' title="bbox 208 1328 378 1384">
     <span class='ocr_line' id='line_1_14' title="bbox 208 1328 378 1384; baseline 0.012 -2"><span class='ocrx_word' id='word_1_88' title='bbox 208 1328 378 1384; x_wconf 88' lang='lat' dir='ltr'>citur.</span> 
     </span>
    </p>
   </div>
   <div class='ocr_carea' id='block_1_15' title="bbox 280 1438 1805 1510">
    <p class='ocr_par' dir='ltr' id='par_1_15' title="bbox 280 1438 1805 1510">
     <span class='ocr_line' id='line_1_15' title="bbox 280 1438 1805 1510; baseline 0.007 -21"><span class='ocrx_word' id='word_1_89' title='bbox 280 1438 349 1490; x_wconf 84' lang='lat' dir='ltr'>Et</span> <span class='ocrx_word' id='word_1_90' title='bbox 399 1438 729 1496; x_wconf 84' lang='lat' dir='ltr'>charitalem</span> <span class='ocrx_word' id='word_1_91' title='bbox 778 1448 932 1496; x_wconf 88' lang='lat' dir='ltr'>luam</span> <span class='ocrx_word' id='word_1_92' title='bbox 981 1448 1030 1497; x_wconf 81' lang='lat' dir='ltr'>et</span> <span class='ocrx_word' id='word_1_93' title='bbox 1057 1445 1239 1510; x_wconf 80' lang='lat' dir='ltr'>ﬁdem.</span> <span class='ocrx_word' id='word_1_94' title='bbox 1271 1443 1538 1498; x_wconf 82' lang='lat' dir='ltr'>subaudis</span> <span class='ocrx_word' id='word_1_95' title='bbox 1573 1445 1699 1500; x_wconf 88' lang='lat' dir='ltr'>novi</span> <span class='ocrx_word' id='word_1_96' title='bbox 1739 1461 1805 1500; x_wconf 93' lang='lat' dir='ltr'>eo</span> 
     </span>
    </p>
   </div>
   <div class='ocr_carea' id='block_1_16' title="bbox 212 1527 1804 1604">
    <p class='ocr_par' dir='ltr' id='par_1_16' title="bbox 212 1527 1804 1604">
     <span class='ocr_line' id='line_1_16' title="bbox 212 1527 1804 1604; baseline 0.007 -27"><span class='ocrx_word' id='word_1_97' title='bbox 212 1527 384 1581; x_wconf 91' lang='lat' dir='ltr'>modo</span> <span class='ocrx_word' id='word_1_98' title='bbox 414 1545 523 1598; x_wconf 91' lang='lat' dir='ltr'>quo</span> <span class='ocrx_word' id='word_1_99' title='bbox 554 1535 611 1583; x_wconf 88' lang='lat' dir='ltr'>et</span> <span class='ocrx_word' id='word_1_100' title='bbox 654 1547 825 1602; x_wconf 86' lang='lat' dir='ltr'>opera</span> <span class='ocrx_word' id='word_1_101' title='bbox 874 1538 991 1585; x_wconf 90' lang='lat' dir='ltr'>tua.</span> <span class='ocrx_word' id='word_1_102' title='bbox 1039 1532 1406 1593; x_wconf 78' lang='lat' dir='ltr'>Charitatem,</span> <span class='ocrx_word' id='word_1_103' title='bbox 1443 1534 1655 1588; x_wconf 88' lang='lat' dir='ltr'>scilicet</span> <span class='ocrx_word' id='word_1_104' title='bbox 1695 1551 1804 1604; x_wconf 86' lang='lat' dir='ltr'>qua</span> 
     </span>
    </p>
   </div>
   <div class='ocr_carea' id='block_1_17' title="bbox 210 1613 1807 1693">
    <p class='ocr_par' dir='ltr' id='par_1_17' title="bbox 210 1613 1807 1693">
     <span class='ocr_line' id='line_1_17' title="bbox 210 1613 1807 1693; baseline 0.006 -25"><span class='ocrx_word' id='word_1_105' title='bbox 210 1613 395 1669; x_wconf 88' lang='lat' dir='ltr'>Deum</span> <span class='ocrx_word' id='word_1_106' title='bbox 445 1634 509 1671; x_wconf 81' lang='lat' dir='ltr'>ex</span> <span class='ocrx_word' id='word_1_107' title='bbox 551 1623 671 1673; x_wconf 86' lang='lat' dir='ltr'>toto</span> <span class='ocrx_word' id='word_1_108' title='bbox 700 1621 865 1674; x_wconf 87' lang='lat' dir='ltr'>corde</span> <span class='ocrx_word' id='word_1_109' title='bbox 897 1627 954 1675; x_wconf 90' lang='lat' dir='ltr'>et</span> <span class='ocrx_word' id='word_1_110' title='bbox 991 1622 1305 1692; x_wconf 76' lang='lat' dir='ltr'>proximum</span> <span class='ocrx_word' id='word_1_111' title='bbox 1337 1622 1525 1693; x_wconf 82' lang='lat' dir='ltr'>diligis</span> <span class='ocrx_word' id='word_1_112' title='bbox 1556 1623 1696 1677; x_wconf 86' lang='lat' dir='ltr'>sicut</span> <span class='ocrx_word' id='word_1_113' title='bbox 1731 1629 1807 1677; x_wconf 87' lang='lat' dir='ltr'>te-</span> 
     </span>
    </p>
   </div>
   <div class='ocr_carea' id='block_1_18' title="bbox 1893 478 3485 561">
    <p class='ocr_par' dir='ltr' id='par_1_18' title="bbox 1893 478 3485 561">
     <span class='ocr_line' id='line_1_18' title="bbox 1893 478 3485 561; baseline 0.006 -21"><span class='ocrx_word' id='word_1_114' title='bbox 1893 503 2024 540; x_wconf 89' lang='lat' dir='ltr'>nam</span> <span class='ocrx_word' id='word_1_115' title='bbox 2051 493 2108 541; x_wconf 83' lang='lat' dir='ltr'>et</span> <span class='ocrx_word' id='word_1_116' title='bbox 2130 488 2186 540; x_wconf 91' lang='lat' dir='ltr'>in</span> <span class='ocrx_word' id='word_1_117' title='bbox 2222 478 2448 557; x_wconf 77' lang='lat' dir='ltr'>ungulis</span> <span class='ocrx_word' id='word_1_118' title='bbox 2465 505 2737 559; x_wconf 86' lang='lat' dir='ltr'>equorum</span> <span class='ocrx_word' id='word_1_119' title='bbox 2759 490 2998 561; x_wconf 86' lang='lat' dir='ltr'>legimus</span> <span class='ocrx_word' id='word_1_120' title='bbox 3024 491 3177 547; x_wconf 87' lang='lat' dir='ltr'>illam</span> <span class='ocrx_word' id='word_1_121' title='bbox 3198 496 3485 550; x_wconf 84' lang='lat' dir='ltr'>conculca-</span> 
     </span>
    </p>
   </div>
   <div class='ocr_carea' id='block_1_19' title="bbox 1892 587 3485 665">
    <p class='ocr_par' dir='ltr' id='par_1_19' title="bbox 1892 587 3485 665">
     <span class='ocr_line' id='line_1_19' title="bbox 1892 587 3485 665; baseline 0.007 -27"><span class='ocrx_word' id='word_1_122' title='bbox 1892 589 2028 639; x_wconf 86' lang='lat' dir='ltr'>tam.</span> <span class='ocrx_word' id='word_1_123' title='bbox 2065 587 2169 640; x_wconf 93' lang='lat' dir='ltr'>Sed</span> <span class='ocrx_word' id='word_1_124' title='bbox 2205 587 2338 658; x_wconf 93' lang='lat' dir='ltr'>quia</span> <span class='ocrx_word' id='word_1_125' title='bbox 2366 593 2529 642; x_wconf 87' lang='lat' dir='ltr'>erant</span> <span class='ocrx_word' id='word_1_126' title='bbox 2558 588 2615 642; x_wconf 91' lang='lat' dir='ltr'>in</span> <span class='ocrx_word' id='word_1_127' title='bbox 2668 590 2866 645; x_wconf 89' lang='lat' dir='ltr'>eadem</span> <span class='ocrx_word' id='word_1_128' title='bbox 2899 592 3141 648; x_wconf 87' lang='lat' dir='ltr'>Ecclesia</span> <span class='ocrx_word' id='word_1_129' title='bbox 3189 594 3285 665; x_wconf 91' lang='lat' dir='ltr'>qui</span> <span class='ocrx_word' id='word_1_130' title='bbox 3313 611 3485 665; x_wconf 83' lang='lat' dir='ltr'>opera</span> 
     </span>
    </p>
   </div>
   <div class='ocr_carea' id='block_1_20' title="bbox 1890 682 3484 762">
    <p class='ocr_par' dir='ltr' id='par_1_20' title="bbox 1890 682 3484 762">
     <span class='ocr_line' id='line_1_20' title="bbox 1890 682 3484 762; baseline 0.008 -27"><span class='ocrx_word' id='word_1_131' title='bbox 1890 682 2042 737; x_wconf 92' lang='lat' dir='ltr'>illius</span> <span class='ocrx_word' id='word_1_132' title='bbox 2072 686 2221 738; x_wconf 88' lang='lat' dir='ltr'>mala</span> <span class='ocrx_word' id='word_1_133' title='bbox 2264 686 2647 751; x_wconf 80' lang='lat' dir='ltr'>imitabantur,</span> <span class='ocrx_word' id='word_1_134' title='bbox 2683 687 2893 743; x_wconf 89' lang='lat' dir='ltr'>idcirco</span> <span class='ocrx_word' id='word_1_135' title='bbox 2922 690 2980 743; x_wconf 91' lang='lat' dir='ltr'>in</span> <span class='ocrx_word' id='word_1_136' title='bbox 3028 692 3109 745; x_wconf 83' lang='lat' dir='ltr'>eis</span> <span class='ocrx_word' id='word_1_137' title='bbox 3151 696 3333 746; x_wconf 86' lang='lat' dir='ltr'>mater</span> <span class='ocrx_word' id='word_1_138' title='bbox 3360 693 3484 762; x_wconf 84' lang='lat' dir='ltr'>ipsa</span> 
     </span>
    </p>
   </div>
   <div class='ocr_carea' id='block_1_21' title="bbox 1889 780 3483 844">
    <p class='ocr_par' dir='ltr' id='par_1_21' title="bbox 1889 780 3483 844">
     <span class='ocr_line' id='line_1_21' title="bbox 1889 780 3483 844; baseline 0.007 -11"><span class='ocrx_word' id='word_1_139' title='bbox 1889 780 2319 836; x_wconf 85' lang='lat' dir='ltr'>fornicationum</span> <span class='ocrx_word' id='word_1_140' title='bbox 2350 783 2576 839; x_wconf 87' lang='lat' dir='ltr'>Jezabel</span> <span class='ocrx_word' id='word_1_141' title='bbox 2606 791 2850 840; x_wconf 89' lang='lat' dir='ltr'>notatur.</span> <span class='ocrx_word' id='word_1_142' title='bbox 2902 787 3059 843; x_wconf 89' lang='lat' dir='ltr'>Sicut</span> <span class='ocrx_word' id='word_1_143' title='bbox 3092 789 3241 843; x_wconf 90' lang='lat' dir='ltr'>enim</span> <span class='ocrx_word' id='word_1_144' title='bbox 3288 805 3483 844; x_wconf 90' lang='lat' dir='ltr'>omnes</span> 
     </span>
    </p>
   </div>
   <div class='ocr_carea' id='block_1_22' title="bbox 1890 864 3482 958">
    <p class='ocr_par' dir='ltr' id='par_1_22' title="bbox 1890 878 3482 958">
     <span class='ocr_line' id='line_1_22' title="bbox 1890 878 3482 958; baseline 0.007 -27"><span class='ocrx_word' id='word_1_145' title='bbox 1890 878 2052 932; x_wconf 88' lang='lat' dir='ltr'>electi</span> <span class='ocrx_word' id='word_1_146' title='bbox 2078 896 2250 933; x_wconf 89' lang='lat' dir='ltr'>unam</span> <span class='ocrx_word' id='word_1_147' title='bbox 2296 881 2463 935; x_wconf 88' lang='lat' dir='ltr'>vitam</span> <span class='ocrx_word' id='word_1_148' title='bbox 2494 882 2780 943; x_wconf 84' lang='lat' dir='ltr'>ducentes,</span> <span class='ocrx_word' id='word_1_149' title='bbox 2817 902 2992 940; x_wconf 89' lang='lat' dir='ltr'>unum</span> <span class='ocrx_word' id='word_1_150' title='bbox 3032 903 3235 958; x_wconf 89' lang='lat' dir='ltr'>corpus</span> <span class='ocrx_word' id='word_1_151' title='bbox 3272 887 3482 942; x_wconf 87' lang='lat' dir='ltr'>Christi</span> 
     </span>
    </p>
   </div>
   <div class='ocr_carea' id='block_1_23' title="bbox 1888 975 3480 1057">
    <p class='ocr_par' dir='ltr' id='par_1_23' title="bbox 1888 975 3480 1057">
     <span class='ocr_line' id='line_1_23' title="bbox 1888 975 3480 1057; baseline 0.007 -28"><span class='ocrx_word' id='word_1_152' title='bbox 1888 975 2207 1045; x_wconf 87' lang='lat' dir='ltr'>faciunt,sic</span> <span class='ocrx_word' id='word_1_153' title='bbox 2228 995 2422 1033; x_wconf 90' lang='lat' dir='ltr'>omnes</span> <span class='ocrx_word' id='word_1_154' title='bbox 2446 980 2668 1051; x_wconf 87' lang='lat' dir='ltr'>reprobi</span> <span class='ocrx_word' id='word_1_155' title='bbox 2685 999 2858 1037; x_wconf 90' lang='lat' dir='ltr'>unum</span> <span class='ocrx_word' id='word_1_156' title='bbox 2887 1000 3087 1057; x_wconf 88' lang='lat' dir='ltr'>corpus</span> <span class='ocrx_word' id='word_1_157' title='bbox 3107 983 3315 1039; x_wconf 88' lang='lat' dir='ltr'>diaboli</span> <span class='ocrx_word' id='word_1_158' title='bbox 3335 986 3404 1040; x_wconf 89' lang='lat' dir='ltr'>de</span> <span class='ocrx_word' id='word_1_159' title='bbox 3420 1002 3480 1040; x_wconf 90' lang='lat' dir='ltr'>se</span> 
     </span>
    </p>
   </div>
   <div class='ocr_carea' id='block_1_24' title="bbox 1889 1073 3480 1155">
    <p class='ocr_par' dir='ltr' id='par_1_24' title="bbox 1889 1073 3480 1155">
     <span class='ocr_line' id='line_1_24' title="bbox 1889 1073 3480 1155; baseline 0.008 -28"><span class='ocrx_word' id='word_1_160' title='bbox 1889 1073 2152 1142; x_wconf 88' lang='lat' dir='ltr'>reddunt,</span> <span class='ocrx_word' id='word_1_161' title='bbox 2172 1076 2362 1148; x_wconf 87' lang='lat' dir='ltr'>sicque</span> <span class='ocrx_word' id='word_1_162' title='bbox 2383 1079 2464 1144; x_wconf 91' lang='lat' dir='ltr'>ﬁt,</span> <span class='ocrx_word' id='word_1_163' title='bbox 2479 1082 2541 1132; x_wconf 87' lang='lat' dir='ltr'>ut</span> <span class='ocrx_word' id='word_1_164' title='bbox 2561 1080 2935 1149; x_wconf 69' lang='lat' dir='ltr'>praecedentia</span> <span class='ocrx_word' id='word_1_165' title='bbox 2954 1082 3210 1138; x_wconf 89' lang='lat' dir='ltr'>membra</span> <span class='ocrx_word' id='word_1_166' title='bbox 3236 1099 3480 1155; x_wconf 89' lang='lat' dir='ltr'>sequen-</span> 
     </span>
    </p>
   </div>
   <div class='ocr_carea' id='block_1_25' title="bbox 1890 1170 3481 1246">
    <p class='ocr_par' dir='ltr' id='par_1_25' title="bbox 1890 1170 3481 1246">
     <span class='ocr_line' id='line_1_25' title="bbox 1890 1170 3481 1246; baseline 0.008 -22"><span class='ocrx_word' id='word_1_167' title='bbox 1890 1170 2058 1232; x_wconf 88' lang='lat' dir='ltr'>tibus,</span> <span class='ocrx_word' id='word_1_168' title='bbox 2090 1179 2148 1226; x_wconf 88' lang='lat' dir='ltr'>et</span> <span class='ocrx_word' id='word_1_169' title='bbox 2171 1175 2465 1244; x_wconf 85' lang='lat' dir='ltr'>sequentia</span> <span class='ocrx_word' id='word_1_170' title='bbox 2493 1176 2936 1246; x_wconf 65' lang='lat' dir='ltr'>praecedentibus</span> <span class='ocrx_word' id='word_1_171' title='bbox 2962 1179 3326 1239; x_wconf 82' lang='lat' dir='ltr'>inveniantur</span> <span class='ocrx_word' id='word_1_172' title='bbox 3351 1197 3481 1235; x_wconf 90' lang='lat' dir='ltr'>con-</span> 
     </span>
    </p>
   </div>
   <div class='ocr_carea' id='block_1_26' title="bbox 1883 1270 3479 1345">
    <p class='ocr_par' dir='ltr' id='par_1_26' title="bbox 1883 1270 3479 1345">
     <span class='ocr_line' id='line_1_26' title="bbox 1883 1270 3479 1345; baseline 0.005 -22"><span class='ocrx_word' id='word_1_173' title='bbox 1883 1270 2097 1339; x_wconf 82' lang='lat' dir='ltr'>juncta.</span> <span class='ocrx_word' id='word_1_174' title='bbox 2133 1271 2293 1326; x_wconf 90' lang='lat' dir='ltr'>Unde</span> <span class='ocrx_word' id='word_1_175' title='bbox 2312 1273 2583 1343; x_wconf 90' lang='lat' dir='ltr'>scriptum</span> <span class='ocrx_word' id='word_1_176' title='bbox 2614 1279 2730 1328; x_wconf 90' lang='lat' dir='ltr'>est:</span> <span class='ocrx_word' id='word_1_177' title='bbox 2766 1277 2842 1328; x_wconf 61' lang='lat' dir='ltr'>Va:</span> <span class='ocrx_word' id='word_1_178' title='bbox 2870 1278 2987 1330; x_wconf 89' lang='lat' dir='ltr'>illis</span> <span class='ocrx_word' id='word_1_179' title='bbox 3016 1282 3114 1345; x_wconf 87' lang='lat' dir='ltr'>qui</span> <span class='ocrx_word' id='word_1_180' title='bbox 3144 1281 3206 1331; x_wconf 86' lang='lat' dir='ltr'>in</span> <span class='ocrx_word' id='word_1_181' title='bbox 3234 1282 3326 1333; x_wconf 76' lang='lat' dir='ltr'>via</span> <span class='ocrx_word' id='word_1_182' title='bbox 3340 1278 3479 1333; x_wconf 76' lang='lat' dir='ltr'>Cain</span> 
     </span>
    </p>
   </div>
   <div class='ocr_carea' id='block_1_27' title="bbox 1888 1359 3480 1428">
    <p class='ocr_par' dir='ltr' id='par_1_27' title="bbox 1888 1359 3480 1428">
     <span class='ocr_line' id='line_1_27' title="bbox 1888 1359 3480 1428; baseline 0.006 -17"><span class='ocrx_word' id='word_1_183' title='bbox 1888 1359 2149 1413; x_wconf 80' lang='lat' dir='ltr'>abierunt</span> <span class='ocrx_word' id='word_1_184' title='bbox 2184 1363 2331 1427; x_wconf 85' lang='lat' dir='ltr'>(Jud.</span> <span class='ocrx_word' id='word_1_185' title='bbox 2349 1376 2410 1428; x_wconf 75' lang='lat'>1);</span> <span class='ocrx_word' id='word_1_186' title='bbox 2432 1367 2489 1415; x_wconf 90' lang='lat' dir='ltr'>et</span> <span class='ocrx_word' id='word_1_187' title='bbox 2510 1361 2760 1416; x_wconf 85' lang='lat' dir='ltr'>Joannes</span> <span class='ocrx_word' id='word_1_188' title='bbox 2780 1363 2914 1417; x_wconf 89' lang='lat' dir='ltr'>dicit</span> <span class='ocrx_word' id='word_1_189' title='bbox 2946 1382 2957 1416; x_wconf 94' lang='lat'><strong>:</strong></span> <span class='ocrx_word' id='word_1_190' title='bbox 2984 1366 3146 1419; x_wconf 83' lang='lat' dir='ltr'>Nunc</span> <span class='ocrx_word' id='word_1_191' title='bbox 3159 1368 3480 1421; x_wconf 69' lang='lat' dir='ltr'>antichristi</span> 
     </span>
    </p>
   </div>
   <div class='ocr_carea' id='block_1_28' title="bbox 1892 1451 3482 1517">
    <p class='ocr_par' dir='ltr' id='par_1_28' title="bbox 1892 1451 3482 1517">
     <span class='ocr_line' id='line_1_28' title="bbox 1892 1451 3482 1517; baseline 0.006 -18"><span class='ocrx_word' id='word_1_192' title='bbox 1892 1452 2060 1501; x_wconf 86' lang='lat' dir='ltr'>mulli</span> <span class='ocrx_word' id='word_1_193' title='bbox 2086 1451 2225 1515; x_wconf 81' lang='lat' dir='ltr'>facti</span> <span class='ocrx_word' id='word_1_194' title='bbox 2248 1456 2382 1503; x_wconf 82' lang='lat' dir='ltr'>sunt</span> <span class='ocrx_word' id='word_1_195' title='bbox 2411 1452 2460 1505; x_wconf 72' lang='lat' dir='ltr'>t1</span> <span class='ocrx_word' id='word_1_196' title='bbox 2483 1453 2648 1505; x_wconf 87' lang='lat' dir='ltr'>Joan.</span> <span class='ocrx_word' id='word_1_197' title='bbox 2680 1460 2758 1517; x_wconf 83' lang='grc' dir='ltr'><strong>ιι).</strong></span> <span class='ocrx_word' id='word_1_198' title='bbox 2813 1452 3009 1506; x_wconf 86' lang='lat' dir='ltr'>Potest</span> <span class='ocrx_word' id='word_1_199' title='bbox 3053 1454 3223 1508; x_wconf 89' lang='lat' dir='ltr'>etiam</span> <span class='ocrx_word' id='word_1_200' title='bbox 3267 1456 3389 1510; x_wconf 89' lang='lat' dir='ltr'>ﬁeri</span> <span class='ocrx_word' id='word_1_201' title='bbox 3417 1461 3482 1510; x_wconf 92' lang='lat' dir='ltr'>ut</span> 
     </span>
    </p>
   </div>
   <div class='ocr_carea' id='block_1_29' title="bbox 1890 1547 3481 1619">
    <p class='ocr_par' dir='ltr' id='par_1_29' title="bbox 1890 1547 3481 1619">
     <span class='ocr_line' id='line_1_29' title="bbox 1890 1547 3481 1619; baseline 0.006 -21"><span class='ocrx_word' id='word_1_202' title='bbox 1890 1550 2026 1599; x_wconf 92' lang='lat' dir='ltr'>tunc</span> <span class='ocrx_word' id='word_1_203' title='bbox 2047 1552 2158 1600; x_wconf 90' lang='lat' dir='ltr'>tem</span> <span class='ocrx_word' id='word_1_204' title='bbox 2168 1547 2317 1617; x_wconf 90' lang='lat' dir='ltr'>poris</span> <span class='ocrx_word' id='word_1_205' title='bbox 2333 1547 2478 1602; x_wconf 91' lang='lat' dir='ltr'>sicut</span> <span class='ocrx_word' id='word_1_206' title='bbox 2488 1554 2543 1602; x_wconf 91' lang='lat' dir='ltr'>et</span> <span class='ocrx_word' id='word_1_207' title='bbox 2555 1548 2780 1619; x_wconf 87' lang='lat' dir='ltr'>quidam</span> <span class='ocrx_word' id='word_1_208' title='bbox 2792 1550 3095 1617; x_wconf 87' lang='lat' dir='ltr'>afﬁrmant,</span> <span class='ocrx_word' id='word_1_209' title='bbox 3104 1557 3160 1606; x_wconf 88' lang='lat' dir='ltr'>et</span> <span class='ocrx_word' id='word_1_210' title='bbox 3175 1552 3284 1606; x_wconf 89' lang='lat' dir='ltr'>alia</span> <span class='ocrx_word' id='word_1_211' title='bbox 3296 1558 3481 1608; x_wconf 87' lang='lat' dir='ltr'>trans-</span> 
     </span>
    </p>
   </div>
   <div class='ocr_carea' id='block_1_30' title="bbox 1890 1634 3481 1695">
    <p class='ocr_par' dir='ltr' id='par_1_30' title="bbox 1890 1634 3481 1695">
     <span class='ocr_line' id='line_1_30' title="bbox 1890 1634 3481 1695; baseline 0.006 -9"><span class='ocrx_word' id='word_1_212' title='bbox 1890 1634 2024 1687; x_wconf 84' lang='lat' dir='ltr'>latio</span> <span class='ocrx_word' id='word_1_213' title='bbox 2058 1635 2421 1690; x_wconf 83' lang='lat' dir='ltr'>demonstrat.</span> <span class='ocrx_word' id='word_1_214' title='bbox 2452 1637 2583 1691; x_wconf 88' lang='lat' dir='ltr'>Fuit</span> <span class='ocrx_word' id='word_1_215' title='bbox 2605 1638 2719 1691; x_wconf 73' lang='lat' dir='ltr'>hzec</span> <span class='ocrx_word' id='word_1_216' title='bbox 2749 1639 2954 1693; x_wconf 89' lang='lat' dir='ltr'>mulier</span> <span class='ocrx_word' id='word_1_217' title='bbox 2980 1640 3037 1693; x_wconf 89' lang='lat' dir='ltr'>in</span> <span class='ocrx_word' id='word_1_218' title='bbox 3065 1641 3261 1694; x_wconf 86' lang='lat' dir='ltr'>eadem</span> <span class='ocrx_word' id='word_1_219' title='bbox 3293 1642 3481 1695; x_wconf 89' lang='lat' dir='ltr'>Eccle-</span> 
     </span>
    </p>
   </div>
   <div class='ocr_carea' id='block_1_31' title="bbox 208 1686 3479 1797">
    <p class='ocr_par' dir='ltr' id='par_1_31' title="bbox 208 1686 3479 1797">
     <span class='ocr_line' id='line_1_31' title="bbox 208 1686 3479 1797; baseline 0.002 -21"><span class='ocrx_word' id='word_1_220' title='bbox 208 1703 429 1776; x_wconf 70' lang='lat' dir='ltr'>iPSum;</span> <span class='ocrx_word' id='word_1_221' title='bbox 464 1713 521 1762; x_wconf 68' lang='lat' dir='ltr'>et</span> <span class='ocrx_word' id='word_1_222' title='bbox 540 1709 844 1780; x_wconf 55' lang='lat' dir='ltr'>ﬁdemque</span> <span class='ocrx_word' id='word_1_223' title='bbox 875 1711 1055 1764; x_wconf 59' lang='lat' dir='ltr'>credis</span> <span class='ocrx_word' id='word_1_224' title='bbox 1085 1712 1260 1765; x_wconf 66' lang='lat' dir='ltr'>Deum</span> <span class='ocrx_word' id='word_1_225' title='bbox 1294 1712 1505 1766; x_wconf 55' lang='lat' dir='ltr'>trinum</span> <span class='ocrx_word' id='word_1_226' title='bbox 1533 1712 1590 1765; x_wconf 73' lang='lat' dir='ltr'>in</span> <span class='ocrx_word' id='word_1_227' title='bbox 1619 1686 1990 1788; x_wconf 67' lang='lat' dir='ltr'>PerSO-Bsia,</span> <span class='ocrx_word' id='word_1_228' title='bbox 2026 1741 2165 1777; x_wconf 86' lang='lat' dir='ltr'>uxor</span> <span class='ocrx_word' id='word_1_229' title='bbox 2214 1725 2427 1779; x_wconf 87' lang='lat' dir='ltr'>scilicet</span> <span class='ocrx_word' id='word_1_230' title='bbox 2476 1726 2656 1796; x_wconf 87' lang='lat' dir='ltr'>ipsius</span> <span class='ocrx_word' id='word_1_231' title='bbox 2685 1727 2895 1797; x_wconf 86' lang='lat' dir='ltr'>angeli,</span> <span class='ocrx_word' id='word_1_232' title='bbox 2929 1746 3051 1797; x_wconf 77' lang='lat' dir='ltr'>quae</span> <span class='ocrx_word' id='word_1_233' title='bbox 3099 1729 3335 1783; x_wconf 87' lang='lat' dir='ltr'>docebat</span> <span class='ocrx_word' id='word_1_234' title='bbox 3376 1731 3479 1785; x_wconf 86' lang='lat' dir='ltr'>Dei</span> 
     </span>
    </p>
   </div>
   <div class='ocr_carea' id='block_1_32' title="bbox 211 1796 1805 1872">
    <p class='ocr_par' dir='ltr' id='par_1_32' title="bbox 211 1796 1805 1872">
     <span class='ocr_line' id='line_1_32' title="bbox 211 1796 1805 1872; baseline 0.004 -23"><span class='ocrx_word' id='word_1_235' title='bbox 211 1796 320 1862; x_wconf 90' lang='lat' dir='ltr'>nis,</span> <span class='ocrx_word' id='word_1_236' title='bbox 354 1814 531 1851; x_wconf 90' lang='lat' dir='ltr'>unum</span> <span class='ocrx_word' id='word_1_237' title='bbox 562 1799 618 1851; x_wconf 92' lang='lat' dir='ltr'>in</span> <span class='ocrx_word' id='word_1_238' title='bbox 653 1800 968 1869; x_wconf 84' lang='lat' dir='ltr'>majestate.</span> <span class='ocrx_word' id='word_1_239' title='bbox 991 1800 1087 1853; x_wconf 89' lang='lat' dir='ltr'>Est</span> <span class='ocrx_word' id='word_1_240' title='bbox 1111 1806 1300 1854; x_wconf 88' lang='lat' dir='ltr'>autem</span> <span class='ocrx_word' id='word_1_241' title='bbox 1324 1801 1413 1854; x_wconf 89' lang='lat' dir='ltr'>hic</span> <span class='ocrx_word' id='word_1_242' title='bbox 1431 1806 1805 1872; x_wconf 77' lang='lat' dir='ltr'>praeposterus</span> 
     </span>
    </p>
   </div>
   <div class='ocr_carea' id='block_1_33' title="bbox 211 1886 1803 1960">
    <p class='ocr_par' dir='ltr' id='par_1_33' title="bbox 211 1886 1803 1960">
     <span class='ocr_line' id='line_1_33' title="bbox 211 1886 1803 1960; baseline 0.003 -22"><span class='ocrx_word' id='word_1_243' title='bbox 211 1886 350 1939; x_wconf 90' lang='lat' dir='ltr'>ordo</span> <span class='ocrx_word' id='word_1_244' title='bbox 385 1905 397 1938; x_wconf 87' lang='lat'><strong>:</strong></span> <span class='ocrx_word' id='word_1_245' title='bbox 429 1887 562 1940; x_wconf 92' lang='lat' dir='ltr'>dum</span> <span class='ocrx_word' id='word_1_246' title='bbox 593 1887 748 1958; x_wconf 89' lang='lat' dir='ltr'>prius</span> <span class='ocrx_word' id='word_1_247' title='bbox 777 1900 1066 1958; x_wconf 90' lang='lat' dir='ltr'>ponuntur</span> <span class='ocrx_word' id='word_1_248' title='bbox 1095 1906 1283 1960; x_wconf 81' lang='lat' dir='ltr'>opera,</span> <span class='ocrx_word' id='word_1_249' title='bbox 1314 1898 1507 1960; x_wconf 85' lang='lat' dir='ltr'>postea</span> <span class='ocrx_word' id='word_1_250' title='bbox 1537 1890 1803 1955; x_wconf 82' lang='lat' dir='ltr'>charitas,</span> 
     </span>
    </p>
   </div>
   <div class='ocr_carea' id='block_1_34' title="bbox 209 1974 1805 2049">
    <p class='ocr_par' dir='ltr' id='par_1_34' title="bbox 209 1974 1805 2049">
     <span class='ocr_line' id='line_1_34' title="bbox 209 1974 1805 2049; baseline 0.004 -22"><span class='ocrx_word' id='word_1_251' title='bbox 209 1974 417 2028; x_wconf 89' lang='lat' dir='ltr'>dehinc</span> <span class='ocrx_word' id='word_1_252' title='bbox 446 1975 603 2040; x_wconf 81' lang='lat' dir='ltr'>fides,</span> <span class='ocrx_word' id='word_1_253' title='bbox 636 1992 762 2030; x_wconf 91' lang='lat' dir='ltr'>cum</span> <span class='ocrx_word' id='word_1_254' title='bbox 806 1978 962 2047; x_wconf 91' lang='lat' dir='ltr'>prius</span> <span class='ocrx_word' id='word_1_255' title='bbox 989 1978 1065 2032; x_wconf 88' lang='lat' dir='ltr'>sit</span> <span class='ocrx_word' id='word_1_256' title='bbox 1092 1978 1289 2049; x_wconf 85' lang='lat' dir='ltr'>utique</span> <span class='ocrx_word' id='word_1_257' title='bbox 1321 1978 1567 2043; x_wconf 85' lang='lat' dir='ltr'>credere,</span> <span class='ocrx_word' id='word_1_258' title='bbox 1602 1978 1805 2034; x_wconf 89' lang='lat' dir='ltr'>deinde</span> 
     </span>
    </p>
   </div>
   <div class='ocr_carea' id='block_1_35' title="bbox 210 2064 1807 2139">
    <p class='ocr_par' dir='ltr' id='par_1_35' title="bbox 210 2064 1807 2139">
     <span class='ocr_line' id='line_1_35' title="bbox 210 2064 1807 2139; baseline 0.004 -22"><span class='ocrx_word' id='word_1_259' title='bbox 210 2064 362 2134; x_wconf 90' lang='lat' dir='ltr'>quod</span> <span class='ocrx_word' id='word_1_260' title='bbox 394 2065 628 2136; x_wconf 89' lang='lat' dir='ltr'>quisque</span> <span class='ocrx_word' id='word_1_261' title='bbox 654 2067 829 2120; x_wconf 91' lang='lat' dir='ltr'>credit</span> <span class='ocrx_word' id='word_1_262' title='bbox 861 2083 1070 2131; x_wconf 89' lang='lat' dir='ltr'>amare,</span> <span class='ocrx_word' id='word_1_263' title='bbox 1096 2067 1226 2121; x_wconf 89' lang='lat' dir='ltr'>inde</span> <span class='ocrx_word' id='word_1_264' title='bbox 1249 2068 1418 2121; x_wconf 86' lang='lat' dir='ltr'>etiam</span> <span class='ocrx_word' id='word_1_265' title='bbox 1441 2069 1587 2139; x_wconf 89' lang='lat' dir='ltr'>quod</span> <span class='ocrx_word' id='word_1_266' title='bbox 1613 2069 1807 2123; x_wconf 89' lang='lat' dir='ltr'>credu-</span> 
     </span>
    </p>
   </div>
   <div class='ocr_carea' id='block_1_36' title="bbox 208 2153 1803 2227">
    <p class='ocr_par' dir='ltr' id='par_1_36' title="bbox 208 2153 1803 2227">
     <span class='ocr_line' id='line_1_36' title="bbox 208 2153 1803 2227; baseline 0.004 -20"><span class='ocrx_word' id='word_1_267' title='bbox 208 2153 342 2208; x_wconf 90' lang='lat' dir='ltr'>litas</span> <span class='ocrx_word' id='word_1_268' title='bbox 375 2160 431 2208; x_wconf 89' lang='lat' dir='ltr'>et</span> <span class='ocrx_word' id='word_1_269' title='bbox 456 2171 614 2208; x_wconf 87' lang='lat' dir='ltr'>amor</span> <span class='ocrx_word' id='word_1_270' title='bbox 643 2155 916 2219; x_wconf 89' lang='lat' dir='ltr'>docuerit,</span> <span class='ocrx_word' id='word_1_271' title='bbox 940 2156 1186 2227; x_wconf 87' lang='lat' dir='ltr'>operari.</span> <span class='ocrx_word' id='word_1_272' title='bbox 1222 2157 1595 2226; x_wconf 85' lang='lat' dir='ltr'>Subjungitur</span> <span class='ocrx_word' id='word_1_273' title='bbox 1611 2164 1803 2214; x_wconf 89' lang='lat' dir='ltr'>autem</span> 
     </span>
    </p>
   </div>
   <div class='ocr_carea' id='block_1_37' title="bbox 207 2243 1805 2301">
    <p class='ocr_par' dir='ltr' id='par_1_37' title="bbox 207 2243 1805 2301">
     <span class='ocr_line' id='line_1_37' title="bbox 207 2243 1805 2301; baseline 0.003 -4"><span class='ocrx_word' id='word_1_274' title='bbox 207 2243 278 2297; x_wconf 92' lang='lat' dir='ltr'>ad</span> <span class='ocrx_word' id='word_1_275' title='bbox 311 2245 431 2298; x_wconf 67' lang='lat' dir='ltr'>haec</span> <span class='ocrx_word' id='word_1_276' title='bbox 458 2244 513 2297; x_wconf 92' lang='lat' dir='ltr'>in</span> <span class='ocrx_word' id='word_1_277' title='bbox 538 2244 795 2299; x_wconf 88' lang='lat' dir='ltr'>laudibus</span> <span class='ocrx_word' id='word_1_278' title='bbox 825 2245 1079 2299; x_wconf 71' lang='lat' dir='ltr'>Ecclesia:</span> <span class='ocrx_word' id='word_1_279' title='bbox 1099 2250 1156 2299; x_wconf 90' lang='lat' dir='ltr'>et</span> <span class='ocrx_word' id='word_1_280' title='bbox 1184 2245 1391 2300; x_wconf 89' lang='lat' dir='ltr'>dicitur</span> <span class='ocrx_word' id='word_1_281' title='bbox 1417 2264 1429 2298; x_wconf 89' lang='lat'><strong>:</strong></span> <span class='ocrx_word' id='word_1_282' title='bbox 1463 2247 1529 2299; x_wconf 86' lang='lat' dir='ltr'>Et</span> <span class='ocrx_word' id='word_1_283' title='bbox 1559 2250 1805 2301; x_wconf 84' lang='lat' dir='ltr'>ministe-</span> 
     </span>
    </p>
   </div>
   <div class='ocr_carea' id='block_1_38' title="bbox 207 2334 1804 2402">
    <p class='ocr_par' dir='ltr' id='par_1_38' title="bbox 207 2334 1804 2402">
     <span class='ocr_line' id='line_1_38' title="bbox 207 2334 1804 2402; baseline 0.001 -15"><span class='ocrx_word' id='word_1_284' title='bbox 207 2338 365 2401; x_wconf 70' lang='lat' dir='ltr'>rium</span> <span class='ocrx_word' id='word_1_285' title='bbox 398 2340 445 2387; x_wconf 86' lang='lat' dir='ltr'>et</span> <span class='ocrx_word' id='word_1_286' title='bbox 466 2337 800 2402; x_wconf 69' lang='lat' dir='ltr'>patientiam</span> <span class='ocrx_word' id='word_1_287' title='bbox 825 2340 1000 2389; x_wconf 86' lang='lat' dir='ltr'>tuam.</span> <span class='ocrx_word' id='word_1_288' title='bbox 1022 2334 1402 2388; x_wconf 86' lang='lat' dir='ltr'>Ministerium</span> <span class='ocrx_word' id='word_1_289' title='bbox 1431 2335 1566 2387; x_wconf 91' lang='lat' dir='ltr'>illud</span> <span class='ocrx_word' id='word_1_290' title='bbox 1591 2334 1804 2388; x_wconf 89' lang='lat' dir='ltr'>intelli-</span> 
     </span>
    </p>
   </div>
   <div class='ocr_carea' id='block_1_39' title="bbox 202 2423 1802 2495">
    <p class='ocr_par' dir='ltr' id='par_1_39' title="bbox 202 2423 1802 2495">
     <span class='ocr_line' id='line_1_39' title="bbox 202 2423 1802 2495; baseline -0.001 -18"><span class='ocrx_word' id='word_1_291' title='bbox 202 2424 363 2494; x_wconf 86' lang='lat' dir='ltr'>gitur</span> <span class='ocrx_word' id='word_1_292' title='bbox 384 2440 495 2494; x_wconf 92' lang='lat' dir='ltr'>quo</span> <span class='ocrx_word' id='word_1_293' title='bbox 525 2423 924 2477; x_wconf 87' lang='lat' dir='ltr'>ministrabant</span> <span class='ocrx_word' id='word_1_294' title='bbox 968 2424 1227 2478; x_wconf 66' lang='lat' dir='ltr'>Ecclesiae</span> <span class='ocrx_word' id='word_1_295' title='bbox 1260 2424 1369 2477; x_wconf 90' lang='lat' dir='ltr'>illis</span> <span class='ocrx_word' id='word_1_296' title='bbox 1409 2424 1504 2495; x_wconf 91' lang='lat' dir='ltr'>qui</span> <span class='ocrx_word' id='word_1_297' title='bbox 1543 2428 1703 2477; x_wconf 86' lang='lat' dir='ltr'>erant</span> <span class='ocrx_word' id='word_1_298' title='bbox 1747 2423 1802 2476; x_wconf 89' lang='lat' dir='ltr'>in</span> 
     </span>
    </p>
   </div>
   <div class='ocr_carea' id='block_1_40' title="bbox 203 2512 1804 2578">
    <p class='ocr_par' dir='ltr' id='par_1_40' title="bbox 203 2512 1804 2578">
     <span class='ocr_line' id='line_1_40' title="bbox 203 2512 1804 2578; baseline -0.001 -12"><span class='ocrx_word' id='word_1_299' title='bbox 203 2512 564 2567; x_wconf 86' lang='lat' dir='ltr'>Hierusalem</span> <span class='ocrx_word' id='word_1_300' title='bbox 583 2513 724 2566; x_wconf 89' lang='lat' dir='ltr'>nihil</span> <span class='ocrx_word' id='word_1_301' title='bbox 744 2512 1080 2567; x_wconf 45' lang='lat' dir='ltr'>habentibus</span> <span class='ocrx_word' id='word_1_302' title='bbox 1100 2514 1168 2567; x_wconf 93' lang='lat' dir='ltr'>de</span> <span class='ocrx_word' id='word_1_303' title='bbox 1189 2513 1305 2566; x_wconf 87' lang='lat' dir='ltr'>suis</span> <span class='ocrx_word' id='word_1_304' title='bbox 1318 2513 1804 2578; x_wconf 82' lang='lat' dir='ltr'>facultatibus,mi-</span> 
     </span>
    </p>
   </div>
   <div class='ocr_carea' id='block_1_41' title="bbox 204 2602 1802 2674">
    <p class='ocr_par' dir='ltr' id='par_1_41' title="bbox 204 2602 1802 2674">
     <span class='ocr_line' id='line_1_41' title="bbox 204 2602 1802 2674; baseline 0 -18"><span class='ocrx_word' id='word_1_305' title='bbox 204 2602 525 2657; x_wconf 75' lang='lat' dir='ltr'>sericordize</span> <span class='ocrx_word' id='word_1_306' title='bbox 552 2619 721 2674; x_wconf 87' lang='lat' dir='ltr'>opera</span> <span class='ocrx_word' id='word_1_307' title='bbox 741 2602 854 2656; x_wconf 91' lang='lat' dir='ltr'>illis</span> <span class='ocrx_word' id='word_1_308' title='bbox 876 2602 1219 2656; x_wconf 79' lang='lat' dir='ltr'>exhibentes.</span> <span class='ocrx_word' id='word_1_309' title='bbox 1243 2603 1507 2673; x_wconf 82' lang='lat' dir='ltr'>Apostolo</span> <span class='ocrx_word' id='word_1_310' title='bbox 1536 2608 1802 2656; x_wconf 84' lang='lat' dir='ltr'>monente</span> 
     </span>
    </p>
   </div>
   <div class='ocr_carea' id='block_1_42' title="bbox 206 2687 1802 2754">
    <p class='ocr_par' dir='ltr' id='par_1_42' title="bbox 206 2687 1802 2754">
     <span class='ocr_line' id='line_1_42' title="bbox 206 2687 1802 2754; baseline -0.003 -9"><span class='ocrx_word' id='word_1_311' title='bbox 206 2689 351 2753; x_wconf 81' lang='lat' dir='ltr'>(Gal.</span> <span class='ocrx_word' id='word_1_312' title='bbox 406 2690 492 2754; x_wconf 86' lang='grc' dir='ltr'><strong>ιι),</strong></span> <span class='ocrx_word' id='word_1_313' title='bbox 549 2693 613 2741; x_wconf 92' lang='lat' dir='ltr'>ut</span> <span class='ocrx_word' id='word_1_314' title='bbox 665 2693 853 2741; x_wconf 90' lang='lat' dir='ltr'>essent</span> <span class='ocrx_word' id='word_1_315' title='bbox 891 2704 1168 2741; x_wconf 89' lang='lat' dir='ltr'>memores</span> <span class='ocrx_word' id='word_1_316' title='bbox 1206 2688 1465 2741; x_wconf 85' lang='lat' dir='ltr'>fratrum.</span> <span class='ocrx_word' id='word_1_317' title='bbox 1521 2687 1802 2741; x_wconf 84' lang='lat' dir='ltr'>Patientia</span> 
     </span>
    </p>
   </div>
   <div class='ocr_carea' id='block_1_43' title="bbox 200 2776 1799 2847">
    <p class='ocr_par' dir='ltr' id='par_1_43' title="bbox 200 2776 1799 2847">
     <span class='ocr_line' id='line_1_43' title="bbox 200 2776 1799 2847; baseline 0 -18"><span class='ocrx_word' id='word_1_318' title='bbox 200 2794 334 2831; x_wconf 90' lang='lat' dir='ltr'>vero</span> <span class='ocrx_word' id='word_1_319' title='bbox 360 2777 419 2830; x_wconf 89' lang='lat' dir='ltr'>in</span> <span class='ocrx_word' id='word_1_320' title='bbox 450 2777 557 2830; x_wconf 88' lang='lat' dir='ltr'>hoc</span> <span class='ocrx_word' id='word_1_321' title='bbox 590 2776 1081 2847; x_wconf 86' lang='lat' dir='ltr'>intelligitur,quia</span> <span class='ocrx_word' id='word_1_322' title='bbox 1102 2777 1288 2830; x_wconf 87' lang='lat' dir='ltr'>omnia</span> <span class='ocrx_word' id='word_1_323' title='bbox 1306 2777 1474 2846; x_wconf 88' lang='lat' dir='ltr'>hujus</span> <span class='ocrx_word' id='word_1_324' title='bbox 1495 2776 1682 2831; x_wconf 64' lang='lat' dir='ltr'>saeculi</span> <span class='ocrx_word' id='word_1_325' title='bbox 1698 2777 1799 2830; x_wconf 89' lang='lat' dir='ltr'>ad-</span> 
     </span>
    </p>
   </div>
   <div class='ocr_carea' id='block_1_44' title="bbox 204 2864 1800 2937">
    <p class='ocr_par' dir='ltr' id='par_1_44' title="bbox 204 2864 1800 2937">
     <span class='ocr_line' id='line_1_44' title="bbox 204 2864 1800 2937; baseline -0.001 -18"><span class='ocrx_word' id='word_1_326' title='bbox 204 2882 366 2920; x_wconf 69' lang='lat' dir='ltr'>versa</span> <span class='ocrx_word' id='word_1_327' title='bbox 389 2864 634 2921; x_wconf 82' lang='lat' dir='ltr'>libenter</span> <span class='ocrx_word' id='word_1_328' title='bbox 662 2883 762 2937; x_wconf 90' lang='lat' dir='ltr'>pro</span> <span class='ocrx_word' id='word_1_329' title='bbox 792 2864 1015 2920; x_wconf 89' lang='lat' dir='ltr'>Christo</span> <span class='ocrx_word' id='word_1_330' title='bbox 1045 2865 1419 2933; x_wconf 86' lang='lat' dir='ltr'>sustinebant,</span> <span class='ocrx_word' id='word_1_331' title='bbox 1448 2873 1513 2919; x_wconf 88' lang='lat' dir='ltr'>ut</span> <span class='ocrx_word' id='word_1_332' title='bbox 1540 2881 1800 2936; x_wconf 89' lang='lat' dir='ltr'>perseve-</span> 
     </span>
    </p>
   </div>
   <div class='ocr_carea' id='block_1_45' title="bbox 200 2955 1800 3026">
    <p class='ocr_par' dir='ltr' id='par_1_45' title="bbox 200 2955 1800 3026">
     <span class='ocr_line' id='line_1_45' title="bbox 200 2955 1800 3026; baseline -0.001 -16"><span class='ocrx_word' id='word_1_333' title='bbox 200 2960 397 3013; x_wconf 88' lang='lat' dir='ltr'>rantes</span> <span class='ocrx_word' id='word_1_334' title='bbox 422 2972 599 3026; x_wconf 92' lang='lat' dir='ltr'>usque</span> <span class='ocrx_word' id='word_1_335' title='bbox 618 2956 677 3008; x_wconf 88' lang='lat' dir='ltr'>in</span> <span class='ocrx_word' id='word_1_336' title='bbox 709 2956 874 3008; x_wconf 89' lang='lat' dir='ltr'>ﬁnem</span> <span class='ocrx_word' id='word_1_337' title='bbox 909 2955 1046 3008; x_wconf 87' lang='lat' dir='ltr'>salvi</span> <span class='ocrx_word' id='word_1_338' title='bbox 1077 2956 1364 3008; x_wconf 83' lang='lat' dir='ltr'>essent.El</span> <span class='ocrx_word' id='word_1_339' title='bbox 1386 2970 1547 3022; x_wconf 76' lang='lat' dir='ltr'>opera</span> <span class='ocrx_word' id='word_1_340' title='bbox 1581 2960 1677 3007; x_wconf 86' lang='lat' dir='ltr'>tua</span> <span class='ocrx_word' id='word_1_341' title='bbox 1707 2971 1800 3008; x_wconf 81' lang='lat' dir='ltr'>no-</span> 
     </span>
    </p>
   </div>
   <div class='ocr_carea' id='block_1_46' title="bbox 201 3043 1801 3112">
    <p class='ocr_par' dir='ltr' id='par_1_46' title="bbox 201 3043 1801 3112">
     <span class='ocr_line' id='line_1_46' title="bbox 201 3043 1801 3112; baseline -0.001 -15"><span class='ocrx_word' id='word_1_342' title='bbox 201 3048 431 3097; x_wconf 74' lang='lat' dir='ltr'>vissima</span> <span class='ocrx_word' id='word_1_343' title='bbox 474 3047 647 3112; x_wconf 75' lang='lat' dir='ltr'>plura</span> <span class='ocrx_word' id='word_1_344' title='bbox 687 3046 991 3112; x_wconf 77' lang='lat' dir='ltr'>prioribus.</span> <span class='ocrx_word' id='word_1_345' title='bbox 1025 3044 1309 3108; x_wconf 87' lang='lat' dir='ltr'>Quantum</span> <span class='ocrx_word' id='word_1_346' title='bbox 1340 3044 1409 3097; x_wconf 92' lang='lat' dir='ltr'>ad</span> <span class='ocrx_word' id='word_1_347' title='bbox 1440 3043 1695 3097; x_wconf 65' lang='lat' dir='ltr'>Ecclesiae</span> <span class='ocrx_word' id='word_1_348' title='bbox 1721 3044 1801 3097; x_wconf 87' lang='lat' dir='ltr'>fa-</span> 
     </span>
    </p>
   </div>
   <div class='ocr_carea' id='block_1_47' title="bbox 1888 1814 3478 1889">
    <p class='ocr_par' dir='ltr' id='par_1_47' title="bbox 1888 1814 3478 1889">
     <span class='ocr_line' id='line_1_47' title="bbox 1888 1814 3478 1889; baseline 0.006 -26"><span class='ocrx_word' id='word_1_349' title='bbox 1888 1827 2076 1866; x_wconf 80' lang='lat' dir='ltr'>servos</span> <span class='ocrx_word' id='word_1_350' title='bbox 2122 1814 2287 1868; x_wconf 88' lang='lat' dir='ltr'>edere</span> <span class='ocrx_word' id='word_1_351' title='bbox 2337 1814 2406 1867; x_wconf 91' lang='lat' dir='ltr'>de</span> <span class='ocrx_word' id='word_1_352' title='bbox 2450 1814 2778 1886; x_wconf 79' lang='lat' dir='ltr'>idolothytis</span> <span class='ocrx_word' id='word_1_353' title='bbox 2817 1822 2873 1869; x_wconf 88' lang='lat' dir='ltr'>et</span> <span class='ocrx_word' id='word_1_354' title='bbox 2899 1816 3180 1871; x_wconf 87' lang='lat' dir='ltr'>fornicari.</span> <span class='ocrx_word' id='word_1_355' title='bbox 3212 1818 3287 1871; x_wconf 84' lang='lat' dir='ltr'>Ex</span> <span class='ocrx_word' id='word_1_356' title='bbox 3317 1820 3478 1889; x_wconf 85' lang='lat' dir='ltr'>cujus</span> 
     </span>
    </p>
   </div>
   <div class='ocr_carea' id='block_1_48' title="bbox 1887 1902 3479 1973">
    <p class='ocr_par' dir='ltr' id='par_1_48' title="bbox 1887 1902 3479 1973">
     <span class='ocr_line' id='line_1_48' title="bbox 1887 1902 3479 1973; baseline 0.004 -19"><span class='ocrx_word' id='word_1_357' title='bbox 1887 1902 2071 1971; x_wconf 87' lang='lat' dir='ltr'>specie</span> <span class='ocrx_word' id='word_1_358' title='bbox 2121 1903 2350 1973; x_wconf 90' lang='lat' dir='ltr'>speciali</span> <span class='ocrx_word' id='word_1_359' title='bbox 2395 1903 2466 1957; x_wconf 90' lang='lat' dir='ltr'>ad</span> <span class='ocrx_word' id='word_1_360' title='bbox 2512 1905 2831 1972; x_wconf 83' lang='lat' dir='ltr'>generalem</span> <span class='ocrx_word' id='word_1_361' title='bbox 2866 1906 3041 1960; x_wconf 89' lang='lat' dir='ltr'>totius</span> <span class='ocrx_word' id='word_1_362' title='bbox 3071 1905 3222 1960; x_wconf 89' lang='lat' dir='ltr'>orbis</span> <span class='ocrx_word' id='word_1_363' title='bbox 3257 1906 3479 1961; x_wconf 76' lang='lat' dir='ltr'>Iezabel</span> 
     </span>
    </p>
   </div>
   <div class='ocr_carea' id='block_1_49' title="bbox 1888 1991 3476 2061">
    <p class='ocr_par' dir='ltr' id='par_1_49' title="bbox 1888 1991 3476 2061">
     <span class='ocr_line' id='line_1_49' title="bbox 1888 1991 3476 2061; baseline 0.004 -18"><span class='ocrx_word' id='word_1_364' title='bbox 1888 2006 2075 2044; x_wconf 90' lang='lat' dir='ltr'>sermo</span> <span class='ocrx_word' id='word_1_365' title='bbox 2107 1992 2345 2061; x_wconf 88' lang='lat' dir='ltr'>ﬁgurate</span> <span class='ocrx_word' id='word_1_366' title='bbox 2390 1991 2749 2047; x_wconf 81' lang='lat' dir='ltr'>transfertur.</span> <span class='ocrx_word' id='word_1_367' title='bbox 2803 1994 3120 2048; x_wconf 89' lang='lat' dir='ltr'>Fornicatio</span> <span class='ocrx_word' id='word_1_368' title='bbox 3152 2012 3279 2049; x_wconf 90' lang='lat' dir='ltr'>vero</span> <span class='ocrx_word' id='word_1_369' title='bbox 3312 1995 3476 2050; x_wconf 88' lang='lat' dir='ltr'>istius</span> 
     </span>
    </p>
   </div>
   <div class='ocr_carea' id='block_1_50' title="bbox 1887 2078 3478 2153">
    <p class='ocr_par' dir='ltr' id='par_1_50' title="bbox 1887 2078 3478 2153">
     <span class='ocr_line' id='line_1_50' title="bbox 1887 2078 3478 2153; baseline 0.004 -22"><span class='ocrx_word' id='word_1_370' title='bbox 1887 2079 1913 2132; x_wconf 91' lang='lat' dir='ltr'><strong>J</strong></span> <span class='ocrx_word' id='word_1_371' title='bbox 1920 2078 2157 2132; x_wconf 87' lang='lat' dir='ltr'>ezabelis</span> <span class='ocrx_word' id='word_1_372' title='bbox 2168 2080 2311 2150; x_wconf 90' lang='lat' dir='ltr'>quad</span> <span class='ocrx_word' id='word_1_373' title='bbox 2322 2080 2564 2134; x_wconf 81' lang='lat' dir='ltr'>riformis</span> <span class='ocrx_word' id='word_1_374' title='bbox 2581 2080 2915 2151; x_wconf 85' lang='lat' dir='ltr'>intelligitur</span> <span class='ocrx_word' id='word_1_375' title='bbox 2931 2100 2941 2134; x_wconf 93' lang='lat'><strong>:</strong></span> <span class='ocrx_word' id='word_1_376' title='bbox 2966 2083 3208 2153; x_wconf 89' lang='lat' dir='ltr'>primum</span> <span class='ocrx_word' id='word_1_377' title='bbox 3222 2084 3478 2138; x_wconf 82' lang='lat' dir='ltr'>videlicet</span> 
     </span>
    </p>
   </div>
   <div class='ocr_carea' id='block_1_51' title="bbox 1884 2167 3476 2241">
    <p class='ocr_par' dir='ltr' id='par_1_51' title="bbox 1884 2167 3476 2241">
     <span class='ocr_line' id='line_1_51' title="bbox 1884 2167 3476 2241; baseline 0.004 -21"><span class='ocrx_word' id='word_1_378' title='bbox 1884 2168 1943 2220; x_wconf 89' lang='lat' dir='ltr'>in</span> <span class='ocrx_word' id='word_1_379' title='bbox 1965 2167 2173 2233; x_wconf 89' lang='lat' dir='ltr'>animo,</span> <span class='ocrx_word' id='word_1_380' title='bbox 2208 2169 2277 2222; x_wconf 92' lang='lat' dir='ltr'>de</span> <span class='ocrx_word' id='word_1_381' title='bbox 2304 2186 2413 2239; x_wconf 88' lang='lat' dir='ltr'>qua</span> <span class='ocrx_word' id='word_1_382' title='bbox 2435 2170 2708 2241; x_wconf 90' lang='lat' dir='ltr'>scriptum</span> <span class='ocrx_word' id='word_1_383' title='bbox 2739 2175 2826 2223; x_wconf 87' lang='lat' dir='ltr'>est</span> <span class='ocrx_word' id='word_1_384' title='bbox 2856 2190 2866 2223; x_wconf 90' lang='lat'><strong>:</strong></span> <span class='ocrx_word' id='word_1_385' title='bbox 2908 2172 3017 2237; x_wconf 78' lang='lat' dir='ltr'>Qui</span> <span class='ocrx_word' id='word_1_386' title='bbox 3043 2173 3243 2226; x_wconf 83' lang='lat' dir='ltr'>viderit</span> <span class='ocrx_word' id='word_1_387' title='bbox 3272 2176 3476 2226; x_wconf 82' lang='lat' dir='ltr'>mulie-</span> 
     </span>
    </p>
   </div>
   <div class='ocr_carea' id='block_1_52' title="bbox 1886 2258 3477 2326">
    <p class='ocr_par' dir='ltr' id='par_1_52' title="bbox 1886 2258 3477 2326">
     <span class='ocr_line' id='line_1_52' title="bbox 1886 2258 3477 2326; baseline 0.004 -18"><span class='ocrx_word' id='word_1_388' title='bbox 1886 2271 2001 2310; x_wconf 83' lang='lat' dir='ltr'>rem</span> <span class='ocrx_word' id='word_1_389' title='bbox 2020 2258 2094 2311; x_wconf 87' lang='lat' dir='ltr'>ad</span> <span class='ocrx_word' id='word_1_390' title='bbox 2123 2260 2616 2325; x_wconf 79' lang='lat' dir='ltr'>concupiscendum</span> <span class='ocrx_word' id='word_1_391' title='bbox 2646 2275 2787 2323; x_wconf 86' lang='lat' dir='ltr'>eam,</span> <span class='ocrx_word' id='word_1_392' title='bbox 2801 2262 2927 2326; x_wconf 87' lang='lat' dir='ltr'>jam</span> <span class='ocrx_word' id='word_1_393' title='bbox 2950 2261 3243 2314; x_wconf 81' lang='lat' dir='ltr'>mwchatus</span> <span class='ocrx_word' id='word_1_394' title='bbox 3263 2265 3339 2314; x_wconf 83' lang='lat' dir='ltr'>est</span> <span class='ocrx_word' id='word_1_395' title='bbox 3354 2277 3477 2314; x_wconf 89' lang='lat' dir='ltr'>eam</span> 
     </span>
    </p>
   </div>
   <div class='ocr_carea' id='block_1_53' title="bbox 1886 2347 3478 2414">
    <p class='ocr_par' dir='ltr' id='par_1_53' title="bbox 1886 2347 3478 2414">
     <span class='ocr_line' id='line_1_53' title="bbox 1886 2347 3478 2414; baseline 0.003 -16"><span class='ocrx_word' id='word_1_396' title='bbox 1886 2349 1948 2398; x_wconf 86' lang='lat' dir='ltr'>in</span> <span class='ocrx_word' id='word_1_397' title='bbox 1976 2348 2132 2399; x_wconf 84' lang='lat' dir='ltr'>corde</span> <span class='ocrx_word' id='word_1_398' title='bbox 2173 2363 2271 2400; x_wconf 86' lang='lat' dir='ltr'>suo</span> <span class='ocrx_word' id='word_1_399' title='bbox 2321 2349 2533 2410; x_wconf 73' lang='lat' dir='ltr'>(Matth.</span> <span class='ocrx_word' id='word_1_400' title='bbox 2567 2350 2639 2414; x_wconf 88' lang='lat' dir='ltr'>v);</span> <span class='ocrx_word' id='word_1_401' title='bbox 2672 2347 2874 2401; x_wconf 90' lang='lat' dir='ltr'>deinde</span> <span class='ocrx_word' id='word_1_402' title='bbox 2916 2348 3087 2402; x_wconf 89' lang='lat' dir='ltr'>etiam</span> <span class='ocrx_word' id='word_1_403' title='bbox 3138 2365 3265 2403; x_wconf 90' lang='lat' dir='ltr'>cum</span> <span class='ocrx_word' id='word_1_404' title='bbox 3303 2349 3478 2403; x_wconf 89' lang='lat' dir='ltr'>animi</span> 
     </span>
    </p>
   </div>
   <div class='ocr_carea' id='block_1_54' title="bbox 1884 2435 3473 2507">
    <p class='ocr_par' dir='ltr' id='par_1_54' title="bbox 1884 2435 3473 2507">
     <span class='ocr_line' id='line_1_54' title="bbox 1884 2435 3473 2507; baseline 0.004 -21"><span class='ocrx_word' id='word_1_405' title='bbox 1884 2435 2139 2488; x_wconf 85' lang='lat' dir='ltr'>voluntas</span> <span class='ocrx_word' id='word_1_406' title='bbox 2159 2435 2229 2489; x_wconf 88' lang='lat' dir='ltr'>ad</span> <span class='ocrx_word' id='word_1_407' title='bbox 2252 2436 2509 2491; x_wconf 70' lang='lat' dir='ltr'>effectum</span> <span class='ocrx_word' id='word_1_408' title='bbox 2532 2436 2890 2507; x_wconf 83' lang='lat' dir='ltr'>perducitur;</span> <span class='ocrx_word' id='word_1_409' title='bbox 2923 2436 3053 2490; x_wconf 87' lang='lat' dir='ltr'>hinc</span> <span class='ocrx_word' id='word_1_410' title='bbox 3074 2437 3284 2492; x_wconf 89' lang='lat' dir='ltr'>Paulus</span> <span class='ocrx_word' id='word_1_411' title='bbox 3305 2437 3473 2493; x_wconf 86' lang='lat' dir='ltr'>dicit:</span> 
     </span>
    </p>
   </div>
   <div class='ocr_carea' id='block_1_55' title="bbox 1886 2525 3480 2593">
    <p class='ocr_par' dir='ltr' id='par_1_55' title="bbox 1886 2525 3480 2593">
     <span class='ocr_line' id='line_1_55' title="bbox 1886 2525 3480 2593; baseline 0.004 -18"><span class='ocrx_word' id='word_1_412' title='bbox 1886 2525 2075 2589; x_wconf 83' lang='lat' dir='ltr'>Fugite</span> <span class='ocrx_word' id='word_1_413' title='bbox 2088 2527 2531 2590; x_wconf 78' lang='lat' dir='ltr'>fornicationem.</span> <span class='ocrx_word' id='word_1_414' title='bbox 2552 2526 2722 2579; x_wconf 85' lang='lat' dir='ltr'>Omne</span> <span class='ocrx_word' id='word_1_415' title='bbox 2741 2528 2891 2581; x_wconf 68' lang='lat' dir='ltr'>enim.</span> <span class='ocrx_word' id='word_1_416' title='bbox 2902 2530 3188 2593; x_wconf 84' lang='lat' dir='ltr'>peccatum</span> <span class='ocrx_word' id='word_1_417' title='bbox 3200 2528 3480 2593; x_wconf 85' lang='lat' dir='ltr'>quodcun-</span> 
     </span>
    </p>
   </div>
   <div class='ocr_carea' id='block_1_56' title="bbox 1887 2613 3477 2682">
    <p class='ocr_par' dir='ltr' id='par_1_56' title="bbox 1887 2613 3477 2682">
     <span class='ocr_line' id='line_1_56' title="bbox 1887 2613 3477 2682; baseline 0.003 -19"><span class='ocrx_word' id='word_1_418' title='bbox 1887 2628 1988 2680; x_wconf 85' lang='lat' dir='ltr'>que</span> <span class='ocrx_word' id='word_1_419' title='bbox 2000 2614 2189 2679; x_wconf 83' lang='lat' dir='ltr'>/&#39;ecerit</span> <span class='ocrx_word' id='word_1_420' title='bbox 2212 2613 2550 2677; x_wconf 69' lang='lat' dir='ltr'>Izomo,exlra</span> <span class='ocrx_word' id='word_1_421' title='bbox 2573 2629 2769 2682; x_wconf 85' lang='lat' dir='ltr'>corpus</span> <span class='ocrx_word' id='word_1_422' title='bbox 2790 2620 2885 2676; x_wconf 84' lang='lat' dir='ltr'>est;</span> <span class='ocrx_word' id='word_1_423' title='bbox 2908 2617 3008 2681; x_wconf 86' lang='lat' dir='ltr'>qui</span> <span class='ocrx_word' id='word_1_424' title='bbox 3025 2620 3213 2667; x_wconf 86' lang='lat' dir='ltr'>autem</span> <span class='ocrx_word' id='word_1_425' title='bbox 3233 2616 3477 2682; x_wconf 79' lang='lat' dir='ltr'>fornica-</span> 
     </span>
    </p>
   </div>
   <div class='ocr_carea' id='block_1_57' title="bbox 1886 2703 3476 2773">
    <p class='ocr_par' dir='ltr' id='par_1_57' title="bbox 1886 2703 3476 2773">
     <span class='ocr_line' id='line_1_57' title="bbox 1886 2703 3476 2773; baseline 0.003 -20"><span class='ocrx_word' id='word_1_426' title='bbox 1886 2706 1999 2767; x_wconf 86' lang='lat' dir='ltr'>tur,</span> <span class='ocrx_word' id='word_1_427' title='bbox 2028 2704 2089 2754; x_wconf 86' lang='lat' dir='ltr'>in</span> <span class='ocrx_word' id='word_1_428' title='bbox 2113 2718 2308 2768; x_wconf 80' lang='lat' dir='ltr'>corpus</span> <span class='ocrx_word' id='word_1_429' title='bbox 2326 2718 2489 2755; x_wconf 85' lang='lat' dir='ltr'>suum</span> <span class='ocrx_word' id='word_1_430' title='bbox 2510 2704 2758 2773; x_wconf 85' lang='lat' dir='ltr'>peccat(1</span> <span class='ocrx_word' id='word_1_431' title='bbox 2776 2704 2897 2757; x_wconf 77' lang='lat' dir='ltr'>Cor.</span> <span class='ocrx_word' id='word_1_432' title='bbox 2918 2704 3019 2770; x_wconf 79' lang='lat' dir='ltr'>v1);</span> <span class='ocrx_word' id='word_1_433' title='bbox 3046 2703 3275 2757; x_wconf 88' lang='lat' dir='ltr'>tertium</span> <span class='ocrx_word' id='word_1_434' title='bbox 3295 2719 3476 2773; x_wconf 90' lang='lat' dir='ltr'>genus</span> 
     </span>
    </p>
   </div>
   <div class='ocr_carea' id='block_1_58' title="bbox 1880 2789 3469 2862">
    <p class='ocr_par' dir='ltr' id='par_1_58' title="bbox 1880 2789 3469 2862">
     <span class='ocr_line' id='line_1_58' title="bbox 1880 2789 3469 2862; baseline 0.003 -19"><span class='ocrx_word' id='word_1_435' title='bbox 1880 2789 2265 2844; x_wconf 87' lang='lat' dir='ltr'>fornicationis</span> <span class='ocrx_word' id='word_1_436' title='bbox 2288 2792 2623 2861; x_wconf 86' lang='lat' dir='ltr'>est,quando</span> <span class='ocrx_word' id='word_1_437' title='bbox 2644 2790 2946 2845; x_wconf 88' lang='lat' dir='ltr'>simulacra</span> <span class='ocrx_word' id='word_1_438' title='bbox 2960 2808 3060 2862; x_wconf 91' lang='lat' dir='ltr'>pro</span> <span class='ocrx_word' id='word_1_439' title='bbox 3081 2792 3199 2846; x_wconf 90' lang='lat' dir='ltr'>Dco</span> <span class='ocrx_word' id='word_1_440' title='bbox 3219 2792 3469 2849; x_wconf 89' lang='lat' dir='ltr'>colimus.</span> 
     </span>
    </p>
   </div>
   <div class='ocr_carea' id='block_1_59' title="bbox 1883 2880 3472 2951">
    <p class='ocr_par' dir='ltr' id='par_1_59' title="bbox 1883 2880 3472 2951">
     <span class='ocr_line' id='line_1_59' title="bbox 1883 2880 3472 2951; baseline 0.001 -17"><span class='ocrx_word' id='word_1_441' title='bbox 1883 2880 1964 2934; x_wconf 89' lang='lat' dir='ltr'>De</span> <span class='ocrx_word' id='word_1_442' title='bbox 1994 2896 2108 2948; x_wconf 90' lang='lat' dir='ltr'>qua</span> <span class='ocrx_word' id='word_1_443' title='bbox 2132 2880 2403 2934; x_wconf 89' lang='lat' dir='ltr'>Dominus</span> <span class='ocrx_word' id='word_1_444' title='bbox 2430 2896 2529 2951; x_wconf 90' lang='lat' dir='ltr'>per</span> <span class='ocrx_word' id='word_1_445' title='bbox 2560 2880 2900 2951; x_wconf 89' lang='lat' dir='ltr'>Pr0phetam</span> <span class='ocrx_word' id='word_1_446' title='bbox 2939 2886 3136 2934; x_wconf 87' lang='lat' dir='ltr'>contra</span> <span class='ocrx_word' id='word_1_447' title='bbox 3156 2881 3472 2936; x_wconf 87' lang='lat' dir='ltr'>Jerusalem</span> 
     </span>
    </p>
   </div>
   <div class='ocr_carea' id='block_1_60' title="bbox 1882 2968 3475 3039">
    <p class='ocr_par' dir='ltr' id='par_1_60' title="bbox 1882 2968 3475 3039">
     <span class='ocr_line' id='line_1_60' title="bbox 1882 2968 3475 3039; baseline 0.002 -18"><span class='ocrx_word' id='word_1_448' title='bbox 1882 2969 2149 3038; x_wconf 87' lang='lat' dir='ltr'>loquitur,</span> <span class='ocrx_word' id='word_1_449' title='bbox 2201 2968 2392 3022; x_wconf 89' lang='lat' dir='ltr'>dicens</span> <span class='ocrx_word' id='word_1_450' title='bbox 2433 2983 2445 3016; x_wconf 74' lang='grc' dir='ltr'><strong>ε</strong></span> <span class='ocrx_word' id='word_1_451' title='bbox 2478 2970 2737 3022; x_wconf 72' lang='grc' dir='ltr'><em>Μωσὴαια</em></span> <span class='ocrx_word' id='word_1_452' title='bbox 2770 2974 2844 3023; x_wconf 84' lang='lat' dir='ltr'>est</span> <span class='ocrx_word' id='word_1_453' title='bbox 2874 2985 3000 3022; x_wconf 88' lang='lat' dir='ltr'>cum</span> <span class='ocrx_word' id='word_1_454' title='bbox 3041 2972 3190 3037; x_wconf 76' lang='lat' dir='ltr'>ligno</span> <span class='ocrx_word' id='word_1_455' title='bbox 3217 2975 3267 3023; x_wconf 83' lang='lat' dir='ltr'>et</span> <span class='ocrx_word' id='word_1_456' title='bbox 3297 2971 3475 3039; x_wconf 83' lang='lat' dir='ltr'>lapide</span> 
     </span>
    </p>
   </div>
   <div class='ocr_carea' id='block_1_61' title="bbox 1885 3057 3475 3129">
    <p class='ocr_par' dir='ltr' id='par_1_61' title="bbox 1885 3057 3475 3129">
     <span class='ocr_line' id='line_1_61' title="bbox 1885 3057 3475 3129; baseline 0.003 -20"><span class='ocrx_word' id='word_1_457' title='bbox 1885 3059 2098 3122; x_wconf 82' lang='lat' dir='ltr'>(Jerem.</span> <span class='ocrx_word' id='word_1_458' title='bbox 2135 3062 2240 3123; x_wconf 88' lang='grc' dir='ltr'><strong>ιιι).</strong></span> <span class='ocrx_word' id='word_1_459' title='bbox 2274 3057 2549 3120; x_wconf 86' lang='lat' dir='ltr'>Quartum</span> <span class='ocrx_word' id='word_1_460' title='bbox 2579 3073 2709 3111; x_wconf 83' lang='lat' dir='ltr'>vero</span> <span class='ocrx_word' id='word_1_461' title='bbox 2753 3074 2933 3128; x_wconf 91' lang='lat' dir='ltr'>genus</span> <span class='ocrx_word' id='word_1_462' title='bbox 2961 3063 3064 3119; x_wconf 88' lang='lat' dir='ltr'>est,</span> <span class='ocrx_word' id='word_1_463' title='bbox 3106 3059 3330 3129; x_wconf 89' lang='lat' dir='ltr'>quando</span> <span class='ocrx_word' id='word_1_464' title='bbox 3357 3063 3475 3113; x_wconf 89' lang='lat' dir='ltr'>ter-</span> 
     </span>
    </p>
   </div>
   <div class='ocr_carea' id='block_1_62' title="bbox 200 3131 1802 3218">
    <p class='ocr_par' dir='ltr' id='par_1_62' title="bbox 200 3131 1800 3205">
     <span class='ocr_line' id='line_1_62' title="bbox 200 3131 1800 3205; baseline -0.001 -18"><span class='ocrx_word' id='word_1_465' title='bbox 200 3134 343 3188; x_wconf 89' lang='lat' dir='ltr'>ciem</span> <span class='ocrx_word' id='word_1_466' title='bbox 367 3133 784 3205; x_wconf 89' lang='lat' dir='ltr'>pertinet,bene</span> <span class='ocrx_word' id='word_1_467' title='bbox 805 3150 977 3203; x_wconf 89' lang='lat' dir='ltr'>opera</span> <span class='ocrx_word' id='word_1_468' title='bbox 999 3134 1148 3187; x_wconf 90' lang='lat' dir='ltr'>illius</span> <span class='ocrx_word' id='word_1_469' title='bbox 1171 3134 1331 3204; x_wconf 86' lang='lat' dir='ltr'>plura</span> <span class='ocrx_word' id='word_1_470' title='bbox 1353 3131 1635 3203; x_wconf 89' lang='lat' dir='ltr'>prioribus</span> <span class='ocrx_word' id='word_1_471' title='bbox 1653 3149 1800 3188; x_wconf 88' lang='lat' dir='ltr'>com-</span> 
     </span>
    </p>
   </div>
   <div class='ocr_carea' id='block_1_63' title="bbox 1886 3131 3477 3218">
    <p class='ocr_par' dir='ltr' id='par_1_63' title="bbox 1886 3145 3477 3218">
     <span class='ocr_line' id='line_1_63' title="bbox 1886 3145 3477 3218; baseline 0.002 -20"><span class='ocrx_word' id='word_1_472' title='bbox 1886 3161 2033 3198; x_wconf 73' lang='lat' dir='ltr'>renae</span> <span class='ocrx_word' id='word_1_473' title='bbox 2063 3145 2270 3199; x_wconf 78' lang='lat' dir='ltr'>divitiae</span> <span class='ocrx_word' id='word_1_474' title='bbox 2296 3146 2669 3200; x_wconf 88' lang='lat' dir='ltr'>immoderate</span> <span class='ocrx_word' id='word_1_475' title='bbox 2710 3146 3198 3218; x_wconf 89' lang='lat' dir='ltr'>concupiscuntur,</span> <span class='ocrx_word' id='word_1_476' title='bbox 3229 3152 3288 3201; x_wconf 90' lang='lat' dir='ltr'>et</span> <span class='ocrx_word' id='word_1_477' title='bbox 3315 3164 3477 3202; x_wconf 89' lang='lat' dir='ltr'>crea-</span> 
     </span>
    </p>
   </div>
   <div class='ocr_carea' id='block_1_64' title="bbox 201 3221 1800 3293">
    <p class='ocr_par' dir='ltr' id='par_1_64' title="bbox 201 3221 1800 3293">
     <span class='ocr_line' id='line_1_64' title="bbox 201 3221 1800 3293; baseline -0.001 -17"><span class='ocrx_word' id='word_1_478' title='bbox 201 3228 611 3287; x_wconf 88' lang='lat' dir='ltr'>memorantur,</span> <span class='ocrx_word' id='word_1_479' title='bbox 637 3222 768 3293; x_wconf 90' lang='lat' dir='ltr'>quia</span> <span class='ocrx_word' id='word_1_480' title='bbox 796 3221 1052 3275; x_wconf 89' lang='lat' dir='ltr'>videlicet</span> <span class='ocrx_word' id='word_1_481' title='bbox 1080 3222 1320 3275; x_wconf 86' lang='lat' dir='ltr'>Ecclesia</span> <span class='ocrx_word' id='word_1_482' title='bbox 1353 3221 1508 3292; x_wconf 91' lang='lat' dir='ltr'>prius</span> <span class='ocrx_word' id='word_1_483' title='bbox 1533 3221 1800 3275; x_wconf 81' lang='lat' dir='ltr'>faciliori-</span> 
     </span>
    </p>
   </div>
   <div class='ocr_carea' id='block_1_65' title="bbox 198 3310 1799 3382">
    <p class='ocr_par' dir='ltr' id='par_1_65' title="bbox 198 3310 1799 3382">
     <span class='ocr_line' id='line_1_65' title="bbox 198 3310 1799 3382; baseline -0.001 -17"><span class='ocrx_word' id='word_1_484' title='bbox 198 3311 305 3367; x_wconf 88' lang='lat' dir='ltr'>bus</span> <span class='ocrx_word' id='word_1_485' title='bbox 335 3318 395 3366; x_wconf 86' lang='lat' dir='ltr'>et</span> <span class='ocrx_word' id='word_1_486' title='bbox 423 3310 723 3365; x_wconf 72' lang='lat' dir='ltr'>levioribus</span> <span class='ocrx_word' id='word_1_487' title='bbox 752 3312 1044 3382; x_wconf 78' lang='lat' dir='ltr'>praeceptis</span> <span class='ocrx_word' id='word_1_488' title='bbox 1090 3310 1329 3364; x_wconf 89' lang='lat' dir='ltr'>solidata</span> <span class='ocrx_word' id='word_1_489' title='bbox 1376 3315 1477 3365; x_wconf 84' lang='lat' dir='ltr'>est.</span> <span class='ocrx_word' id='word_1_490' title='bbox 1544 3310 1700 3365; x_wconf 88' lang='lat' dir='ltr'>Unde</span> <span class='ocrx_word' id='word_1_491' title='bbox 1742 3316 1799 3364; x_wconf 90' lang='lat' dir='ltr'>et</span> 
     </span>
    </p>
   </div>
   <div class='ocr_carea' id='block_1_66' title="bbox 199 3398 1798 3475">
    <p class='ocr_par' dir='ltr' id='par_1_66' title="bbox 199 3398 1798 3475">
     <span class='ocr_line' id='line_1_66' title="bbox 199 3398 1798 3475; baseline -0.003 -20"><span class='ocrx_word' id='word_1_492' title='bbox 199 3401 443 3475; x_wconf 89' lang='lat' dir='ltr'>apostoli</span> <span class='ocrx_word' id='word_1_493' title='bbox 464 3401 604 3474; x_wconf 79' lang='lat' dir='ltr'>(Act.</span> <span class='ocrx_word' id='word_1_494' title='bbox 633 3404 725 3471; x_wconf 87' lang='lat' dir='ltr'>xv)</span> <span class='ocrx_word' id='word_1_495' title='bbox 751 3406 975 3454; x_wconf 90' lang='lat' dir='ltr'>tantum</span> <span class='ocrx_word' id='word_1_496' title='bbox 1007 3404 1251 3469; x_wconf 87' lang='lat' dir='ltr'>quatuor</span> <span class='ocrx_word' id='word_1_497' title='bbox 1289 3400 1537 3470; x_wconf 86' lang='lat' dir='ltr'>capitula</span> <span class='ocrx_word' id='word_1_498' title='bbox 1561 3398 1672 3452; x_wconf 91' lang='lat' dir='ltr'>illis</span> <span class='ocrx_word' id='word_1_499' title='bbox 1702 3398 1798 3469; x_wconf 91' lang='lat' dir='ltr'>qui</span> 
     </span>
    </p>
   </div>
   <div class='ocr_carea' id='block_1_67' title="bbox 201 3488 1796 3561">
    <p class='ocr_par' dir='ltr' id='par_1_67' title="bbox 201 3488 1796 3561">
     <span class='ocr_line' id='line_1_67' title="bbox 201 3488 1796 3561; baseline -0.004 -14"><span class='ocrx_word' id='word_1_500' title='bbox 201 3491 509 3548; x_wconf 86' lang='lat' dir='ltr'>credebant</span> <span class='ocrx_word' id='word_1_501' title='bbox 531 3490 943 3561; x_wconf 90' lang='lat' dir='ltr'>imposuerunt,</span> <span class='ocrx_word' id='word_1_502' title='bbox 974 3489 1235 3543; x_wconf 83' lang='lat' dir='ltr'>videlicet</span> <span class='ocrx_word' id='word_1_503' title='bbox 1272 3494 1337 3542; x_wconf 91' lang='lat' dir='ltr'>ut</span> <span class='ocrx_word' id='word_1_504' title='bbox 1364 3488 1712 3543; x_wconf 88' lang='lat' dir='ltr'>abstinerent</span> <span class='ocrx_word' id='word_1_505' title='bbox 1738 3504 1796 3542; x_wconf 91' lang='lat' dir='ltr'>se</span> 
     </span>
    </p>
   </div>
   <div class='ocr_carea' id='block_1_68' title="bbox 200 3576 1799 3649">
    <p class='ocr_par' dir='ltr' id='par_1_68' title="bbox 200 3576 1799 3649">
     <span class='ocr_line' id='line_1_68' title="bbox 200 3576 1799 3649; baseline -0.003 -14"><span class='ocrx_word' id='word_1_506' title='bbox 200 3581 271 3636; x_wconf 88' lang='lat' dir='ltr'>ab</span> <span class='ocrx_word' id='word_1_507' title='bbox 288 3580 605 3641; x_wconf 86' lang='lat' dir='ltr'>immolato,</span> <span class='ocrx_word' id='word_1_508' title='bbox 628 3584 686 3633; x_wconf 88' lang='lat' dir='ltr'>et</span> <span class='ocrx_word' id='word_1_509' title='bbox 709 3579 1003 3649; x_wconf 87' lang='lat' dir='ltr'>sanguine,</span> <span class='ocrx_word' id='word_1_510' title='bbox 1028 3584 1085 3632; x_wconf 91' lang='lat' dir='ltr'>et</span> <span class='ocrx_word' id='word_1_511' title='bbox 1103 3578 1453 3642; x_wconf 71' lang='lat' dir='ltr'>sull‘ocato,et</span> <span class='ocrx_word' id='word_1_512' title='bbox 1482 3576 1799 3632; x_wconf 83' lang='lat' dir='ltr'>fornicatio-</span> 
     </span>
    </p>
   </div>
   <div class='ocr_carea' id='block_1_69' title="bbox 198 3666 1792 3731">
    <p class='ocr_par' dir='ltr' id='par_1_69' title="bbox 198 3666 1792 3731">
     <span class='ocr_line' id='line_1_69' title="bbox 198 3666 1792 3731; baseline -0.003 -7"><span class='ocrx_word' id='word_1_513' title='bbox 198 3686 292 3724; x_wconf 87' lang='lat' dir='ltr'>ne.</span> <span class='ocrx_word' id='word_1_514' title='bbox 330 3669 537 3724; x_wconf 88' lang='lat' dir='ltr'>Deinde</span> <span class='ocrx_word' id='word_1_515' title='bbox 566 3684 695 3722; x_wconf 82' lang='lat' dir='ltr'>vero</span> <span class='ocrx_word' id='word_1_516' title='bbox 724 3686 851 3723; x_wconf 90' lang='lat' dir='ltr'>cum</span> <span class='ocrx_word' id='word_1_517' title='bbox 890 3668 1192 3723; x_wconf 88' lang='lat' dir='ltr'>multitudo</span> <span class='ocrx_word' id='word_1_518' title='bbox 1223 3667 1481 3721; x_wconf 76' lang='lat' dir='ltr'>Ecclesiae</span> <span class='ocrx_word' id='word_1_519' title='bbox 1509 3666 1792 3731; x_wconf 85' lang='lat' dir='ltr'>crevisset,</span> 
     </span>
    </p>
   </div>
   <div class='ocr_carea' id='block_1_70' title="bbox 197 3756 1798 3830">
    <p class='ocr_par' dir='ltr' id='par_1_70' title="bbox 197 3756 1798 3830">
     <span class='ocr_line' id='line_1_70' title="bbox 197 3756 1798 3830; baseline -0.003 -17"><span class='ocrx_word' id='word_1_520' title='bbox 197 3760 272 3815; x_wconf 87' lang='lat' dir='ltr'>ad</span> <span class='ocrx_word' id='word_1_521' title='bbox 301 3758 409 3812; x_wconf 86' lang='lat' dir='ltr'>hoc</span> <span class='ocrx_word' id='word_1_522' title='bbox 437 3774 614 3830; x_wconf 89' lang='lat' dir='ltr'>usque</span> <span class='ocrx_word' id='word_1_523' title='bbox 636 3762 960 3828; x_wconf 87' lang='lat' dir='ltr'>perventum</span> <span class='ocrx_word' id='word_1_524' title='bbox 991 3762 1076 3810; x_wconf 84' lang='lat' dir='ltr'>est</span> <span class='ocrx_word' id='word_1_525' title='bbox 1105 3762 1167 3809; x_wconf 95' lang='lat' dir='ltr'>ut</span> <span class='ocrx_word' id='word_1_526' title='bbox 1197 3756 1389 3809; x_wconf 88' lang='lat' dir='ltr'>omnia</span> <span class='ocrx_word' id='word_1_527' title='bbox 1416 3756 1798 3825; x_wconf 89' lang='lat' dir='ltr'>relinquerent</span> 
     </span>
    </p>
   </div>
   <div class='ocr_carea' id='block_1_71' title="bbox 196 3843 1792 3923">
    <p class='ocr_par' dir='ltr' id='par_1_71' title="bbox 196 3843 1792 3923">
     <span class='ocr_line' id='line_1_71' title="bbox 196 3843 1792 3923; baseline -0.006 -18"><span class='ocrx_word' id='word_1_528' title='bbox 196 3866 304 3923; x_wconf 89' lang='lat' dir='ltr'>pro</span> <span class='ocrx_word' id='word_1_529' title='bbox 337 3848 581 3913; x_wconf 76' lang='lat' dir='ltr'>Christo,</span> <span class='ocrx_word' id='word_1_530' title='bbox 615 3853 673 3902; x_wconf 89' lang='lat' dir='ltr'>et</span> <span class='ocrx_word' id='word_1_531' title='bbox 719 3847 786 3900; x_wconf 90' lang='lat' dir='ltr'>ad</span> <span class='ocrx_word' id='word_1_532' title='bbox 831 3848 1055 3900; x_wconf 85' lang='lat' dir='ltr'>culmen</span> <span class='ocrx_word' id='word_1_533' title='bbox 1087 3843 1444 3915; x_wconf 82' lang='lat' dir='ltr'>perfectionis</span> <span class='ocrx_word' id='word_1_534' title='bbox 1476 3844 1792 3909; x_wconf 90' lang='lat' dir='ltr'>tenderent,</span> 
     </span>
    </p>
   </div>
   <div class='ocr_carea' id='block_1_72' title="bbox 196 3935 1796 4009">
    <p class='ocr_par' dir='ltr' id='par_1_72' title="bbox 196 3935 1796 4009">
     <span class='ocr_line' id='line_1_72' title="bbox 196 3935 1796 4009; baseline -0.005 -16"><span class='ocrx_word' id='word_1_535' title='bbox 196 3938 395 3994; x_wconf 84' lang='lat' dir='ltr'>habita</span> <span class='ocrx_word' id='word_1_536' title='bbox 417 3937 757 4009; x_wconf 87' lang='lat' dir='ltr'>pauperibus</span> <span class='ocrx_word' id='word_1_537' title='bbox 774 3936 1104 3999; x_wconf 86' lang='lat' dir='ltr'>tribuerent,</span> <span class='ocrx_word' id='word_1_538' title='bbox 1114 3935 1588 3999; x_wconf 81' lang='lat' dir='ltr'>fratres,sorores,</span> <span class='ocrx_word' id='word_1_539' title='bbox 1608 3938 1796 4003; x_wconf 87' lang='lat' dir='ltr'>patres</span> 
     </span>
    </p>
   </div>
   <div class='ocr_carea' id='block_1_73' title="bbox 198 4022 1794 4096">
    <p class='ocr_par' dir='ltr' id='par_1_73' title="bbox 198 4022 1794 4096">
     <span class='ocr_line' id='line_1_73' title="bbox 198 4022 1794 4096; baseline -0.006 -13"><span class='ocrx_word' id='word_1_540' title='bbox 198 4036 258 4084; x_wconf 83' lang='lat' dir='ltr'>et</span> <span class='ocrx_word' id='word_1_541' title='bbox 316 4034 529 4081; x_wconf 86' lang='lat' dir='ltr'>matres</span> <span class='ocrx_word' id='word_1_542' title='bbox 561 4042 874 4096; x_wconf 86' lang='lat' dir='ltr'>uxoresque</span> <span class='ocrx_word' id='word_1_543' title='bbox 922 4024 1327 4095; x_wconf 77' lang='lat' dir='ltr'>relinquerent“.</span> <span class='ocrx_word' id='word_1_544' title='bbox 1365 4023 1579 4078; x_wconf 83' lang='lat' dir='ltr'>Abhinc</span> <span class='ocrx_word' id='word_1_545' title='bbox 1625 4022 1794 4075; x_wconf 87' lang='lat' dir='ltr'>etiam</span> 
     </span>
    </p>
   </div>
   <div class='ocr_carea' id='block_1_74' title="bbox 199 4111 1797 4185">
    <p class='ocr_par' dir='ltr' id='par_1_74' title="bbox 199 4111 1797 4185">
     <span class='ocr_line' id='line_1_74' title="bbox 199 4111 1797 4185; baseline -0.007 -12"><span class='ocrx_word' id='word_1_546' title='bbox 199 4117 504 4173; x_wconf 85' lang='lat' dir='ltr'>exordium</span> <span class='ocrx_word' id='word_1_547' title='bbox 542 4115 784 4185; x_wconf 88' lang='lat' dir='ltr'>sumpsit</span> <span class='ocrx_word' id='word_1_548' title='bbox 830 4114 1024 4184; x_wconf 87' lang='lat' dir='ltr'>religio</span> <span class='ocrx_word' id='word_1_549' title='bbox 1054 4113 1479 4167; x_wconf 89' lang='lat' dir='ltr'>monachorum.</span> <span class='ocrx_word' id='word_1_550' title='bbox 1512 4111 1615 4165; x_wconf 73' lang='lat' dir='ltr'>Vel</span> <span class='ocrx_word' id='word_1_551' title='bbox 1647 4115 1797 4163; x_wconf 87' lang='lat' dir='ltr'>certe</span> 
     </span>
    </p>
   </div>
   <div class='ocr_carea' id='block_1_75' title="bbox 1878 3234 3475 3307">
    <p class='ocr_par' dir='ltr' id='par_1_75' title="bbox 1878 3234 3475 3307">
     <span class='ocr_line' id='line_1_75' title="bbox 1878 3234 3475 3307; baseline 0.002 -20"><span class='ocrx_word' id='word_1_552' title='bbox 1878 3239 2010 3289; x_wconf 91' lang='lat' dir='ltr'>tura</span> <span class='ocrx_word' id='word_1_553' title='bbox 2024 3236 2149 3305; x_wconf 90' lang='lat' dir='ltr'>plus</span> <span class='ocrx_word' id='word_1_554' title='bbox 2173 3251 2341 3305; x_wconf 89' lang='lat' dir='ltr'>quam</span> <span class='ocrx_word' id='word_1_555' title='bbox 2365 3236 2599 3289; x_wconf 88' lang='lat' dir='ltr'>Creator</span> <span class='ocrx_word' id='word_1_556' title='bbox 2620 3234 2876 3305; x_wconf 86' lang='lat' dir='ltr'>diligitur</span> <span class='ocrx_word' id='word_1_557' title='bbox 2901 3236 2981 3290; x_wconf 90' lang='lat' dir='ltr'>De</span> <span class='ocrx_word' id='word_1_558' title='bbox 3003 3252 3115 3307; x_wconf 90' lang='lat' dir='ltr'>qua</span> <span class='ocrx_word' id='word_1_559' title='bbox 3135 3236 3302 3291; x_wconf 88' lang='lat' dir='ltr'>etiam</span> <span class='ocrx_word' id='word_1_560' title='bbox 3326 3237 3475 3291; x_wconf 89' lang='lat' dir='ltr'>Pau-</span> 
     </span>
    </p>
   </div>
   <div class='ocr_carea' id='block_1_76' title="bbox 1878 3323 3475 3395">
    <p class='ocr_par' dir='ltr' id='par_1_76' title="bbox 1878 3323 3475 3395">
     <span class='ocr_line' id='line_1_76' title="bbox 1878 3323 3475 3395; baseline 0.001 -19"><span class='ocrx_word' id='word_1_561' title='bbox 1878 3324 1968 3377; x_wconf 90' lang='lat' dir='ltr'>lus</span> <span class='ocrx_word' id='word_1_562' title='bbox 1996 3323 2133 3376; x_wconf 87' lang='lat' dir='ltr'>dicit</span> <span class='ocrx_word' id='word_1_563' title='bbox 2160 3324 2365 3392; x_wconf 83' lang='lat' dir='ltr'>(Ephes.</span> <span class='ocrx_word' id='word_1_564' title='bbox 2400 3325 2445 3390; x_wconf 88' lang='lat' dir='ltr'>v)</span> <span class='ocrx_word' id='word_1_565' title='bbox 2485 3338 2496 3373; x_wconf 90' lang='lat'>:</span> <span class='ocrx_word' id='word_1_566' title='bbox 2529 3323 2605 3377; x_wconf 87' lang='lat' dir='ltr'>Et</span> <span class='ocrx_word' id='word_1_567' title='bbox 2631 3323 2867 3378; x_wconf 88' lang='lat' dir='ltr'>avaritia</span> <span class='ocrx_word' id='word_1_568' title='bbox 2898 3341 3021 3395; x_wconf 71' lang='lat' dir='ltr'>quae</span> <span class='ocrx_word' id='word_1_569' title='bbox 3075 3330 3154 3378; x_wconf 83' lang='lat' dir='ltr'>est</span> <span class='ocrx_word' id='word_1_570' title='bbox 3194 3326 3475 3379; x_wconf 72' lang='lat' dir='ltr'>idolorum</span> 
     </span>
    </p>
   </div>
   <div class='ocr_carea' id='block_1_77' title="bbox 1880 3410 3469 3483">
    <p class='ocr_par' dir='ltr' id='par_1_77' title="bbox 1880 3410 3469 3483">
     <span class='ocr_line' id='line_1_77' title="bbox 1880 3410 3469 3483; baseline 0.005 -19"><span class='ocrx_word' id='word_1_571' title='bbox 1880 3416 2132 3469; x_wconf 83' lang='lat' dir='ltr'>servitus.</span> <span class='ocrx_word' id='word_1_572' title='bbox 2162 3412 2337 3481; x_wconf 86' lang='lat' dir='ltr'>Hujus</span> <span class='ocrx_word' id='word_1_573' title='bbox 2360 3410 2744 3466; x_wconf 86' lang='lat' dir='ltr'>fornicationis</span> <span class='ocrx_word' id='word_1_574' title='bbox 2766 3413 2877 3466; x_wconf 89' lang='lat' dir='ltr'>tria</span> <span class='ocrx_word' id='word_1_575' title='bbox 2894 3429 3104 3483; x_wconf 87' lang='lat' dir='ltr'>genera</span> <span class='ocrx_word' id='word_1_576' title='bbox 3124 3430 3273 3468; x_wconf 91' lang='lat' dir='ltr'>nunc</span> <span class='ocrx_word' id='word_1_577' title='bbox 3294 3413 3352 3466; x_wconf 92' lang='lat' dir='ltr'>in</span> <span class='ocrx_word' id='word_1_578' title='bbox 3371 3414 3469 3472; x_wconf 85' lang='lat' dir='ltr'>Ec-</span> 
     </span>
    </p>
   </div>
   <div class='ocr_carea' id='block_1_78' title="bbox 1879 3500 3475 3571">
    <p class='ocr_par' dir='ltr' id='par_1_78' title="bbox 1879 3500 3475 3571">
     <span class='ocr_line' id='line_1_78' title="bbox 1879 3500 3475 3571; baseline 0 -16"><span class='ocrx_word' id='word_1_579' title='bbox 1879 3501 2044 3555; x_wconf 81' lang='lat' dir='ltr'>clesia</span> <span class='ocrx_word' id='word_1_580' title='bbox 2067 3502 2235 3571; x_wconf 86' lang='lat' dir='ltr'>hujus</span> <span class='ocrx_word' id='word_1_581' title='bbox 2256 3501 2449 3556; x_wconf 88' lang='lat' dir='ltr'>mundi</span> <span class='ocrx_word' id='word_1_582' title='bbox 2470 3501 2660 3571; x_wconf 87' lang='lat' dir='ltr'>vigent</span> <span class='ocrx_word' id='word_1_583' title='bbox 2684 3517 2695 3553; x_wconf 89' lang='lat'><strong>:</strong></span> <span class='ocrx_word' id='word_1_584' title='bbox 2720 3500 2778 3554; x_wconf 93' lang='lat' dir='ltr'>id</span> <span class='ocrx_word' id='word_1_585' title='bbox 2797 3501 2951 3555; x_wconf 89' lang='lat' dir='ltr'>estin</span> <span class='ocrx_word' id='word_1_586' title='bbox 2967 3502 3220 3571; x_wconf 90' lang='lat' dir='ltr'>appetitu</span> <span class='ocrx_word' id='word_1_587' title='bbox 3240 3502 3475 3555; x_wconf 79' lang='lat' dir='ltr'>luxuriae</span> 
     </span>
    </p>
   </div>
   <div class='ocr_carea' id='block_1_79' title="bbox 1878 3588 3473 3660">
    <p class='ocr_par' dir='ltr' id='par_1_79' title="bbox 1878 3588 3473 3660">
     <span class='ocr_line' id='line_1_79' title="bbox 1878 3588 3473 3660; baseline -0.001 -16"><span class='ocrx_word' id='word_1_588' title='bbox 1878 3592 2204 3660; x_wconf 88' lang='lat' dir='ltr'>corporalis.</span> <span class='ocrx_word' id='word_1_589' title='bbox 2239 3596 2296 3643; x_wconf 90' lang='lat' dir='ltr'>et</span> <span class='ocrx_word' id='word_1_590' title='bbox 2322 3590 2378 3642; x_wconf 90' lang='lat' dir='ltr'>in</span> <span class='ocrx_word' id='word_1_591' title='bbox 2400 3590 2599 3643; x_wconf 72' lang='lat' dir='ltr'>effectu</span> <span class='ocrx_word' id='word_1_592' title='bbox 2621 3589 2797 3659; x_wconf 90' lang='lat' dir='ltr'>ipsius</span> <span class='ocrx_word' id='word_1_593' title='bbox 2822 3588 3093 3643; x_wconf 66' lang='lat' dir='ltr'>obscaena:</span> <span class='ocrx_word' id='word_1_594' title='bbox 3119 3590 3473 3643; x_wconf 86' lang='lat' dir='ltr'>commixtio-</span> 
     </span>
    </p>
   </div>
   <div class='ocr_carea' id='block_1_80' title="bbox 1880 3676 3473 3749">
    <p class='ocr_par' dir='ltr' id='par_1_80' title="bbox 1880 3676 3473 3749">
     <span class='ocr_line' id='line_1_80' title="bbox 1880 3676 3473 3749; baseline -0.001 -17"><span class='ocrx_word' id='word_1_595' title='bbox 1880 3679 1986 3743; x_wconf 88' lang='lat' dir='ltr'>nis,</span> <span class='ocrx_word' id='word_1_596' title='bbox 2020 3678 2275 3749; x_wconf 89' lang='lat' dir='ltr'>atquein</span> <span class='ocrx_word' id='word_1_597' title='bbox 2305 3677 2540 3731; x_wconf 87' lang='lat' dir='ltr'>avaritia</span> <span class='ocrx_word' id='word_1_598' title='bbox 2592 3683 2829 3731; x_wconf 68' lang='lat' dir='ltr'>terrenae</span> <span class='ocrx_word' id='word_1_599' title='bbox 2885 3676 3187 3733; x_wconf 84' lang='lat' dir='ltr'>felicitatis.</span> <span class='ocrx_word' id='word_1_600' title='bbox 3218 3677 3328 3731; x_wconf 89' lang='lat' dir='ltr'>Sed</span> <span class='ocrx_word' id='word_1_601' title='bbox 3369 3693 3473 3731; x_wconf 91' lang='lat' dir='ltr'>nec</span> 
     </span>
    </p>
   </div>
   <div class='ocr_carea' id='block_1_81' title="bbox 1881 3764 3473 3837">
    <p class='ocr_par' dir='ltr' id='par_1_81' title="bbox 1881 3764 3473 3837">
     <span class='ocr_line' id='line_1_81' title="bbox 1881 3764 3473 3837; baseline 0.001 -17"><span class='ocrx_word' id='word_1_602' title='bbox 1881 3772 2144 3837; x_wconf 87' lang='lat' dir='ltr'>quartum</span> <span class='ocrx_word' id='word_1_603' title='bbox 2165 3782 2344 3836; x_wconf 88' lang='lat' dir='ltr'>genus</span> <span class='ocrx_word' id='word_1_604' title='bbox 2364 3767 2432 3819; x_wconf 90' lang='lat' dir='ltr'>ad</span> <span class='ocrx_word' id='word_1_605' title='bbox 2456 3766 2681 3836; x_wconf 88' lang='lat' dir='ltr'>plenum</span> <span class='ocrx_word' id='word_1_606' title='bbox 2702 3764 3038 3819; x_wconf 85' lang='lat' dir='ltr'>exstinctum</span> <span class='ocrx_word' id='word_1_607' title='bbox 3061 3766 3320 3835; x_wconf 86' lang='lat' dir='ltr'>est,quod</span> <span class='ocrx_word' id='word_1_608' title='bbox 3337 3782 3473 3821; x_wconf 89' lang='lat' dir='ltr'>con-</span> 
     </span>
    </p>
   </div>
   <div class='ocr_carea' id='block_1_82' title="bbox 1880 3854 3475 3925">
    <p class='ocr_par' dir='ltr' id='par_1_82' title="bbox 1880 3854 3475 3925">
     <span class='ocr_line' id='line_1_82' title="bbox 1880 3854 3475 3925; baseline 0.001 -17"><span class='ocrx_word' id='word_1_609' title='bbox 1880 3861 1992 3908; x_wconf 88' lang='lat' dir='ltr'>stat</span> <span class='ocrx_word' id='word_1_610' title='bbox 2022 3855 2079 3908; x_wconf 90' lang='lat' dir='ltr'>in</span> <span class='ocrx_word' id='word_1_611' title='bbox 2106 3854 2533 3908; x_wconf 89' lang='lat' dir='ltr'>simulacrorum</span> <span class='ocrx_word' id='word_1_612' title='bbox 2556 3854 2811 3909; x_wconf 86' lang='lat' dir='ltr'>culturis.</span> <span class='ocrx_word' id='word_1_613' title='bbox 2830 3854 3151 3908; x_wconf 86' lang='lat' dir='ltr'>Notandum</span> <span class='ocrx_word' id='word_1_614' title='bbox 3175 3870 3302 3907; x_wconf 89' lang='lat' dir='ltr'>vero</span> <span class='ocrx_word' id='word_1_615' title='bbox 3324 3855 3475 3925; x_wconf 89' lang='lat' dir='ltr'>quod</span> 
     </span>
    </p>
   </div>
   <div class='ocr_carea' id='block_1_83' title="bbox 1879 3942 3473 4014">
    <p class='ocr_par' dir='ltr' id='par_1_83' title="bbox 1879 3942 3473 4014">
     <span class='ocr_line' id='line_1_83' title="bbox 1879 3942 3473 4014; baseline 0 -16"><span class='ocrx_word' id='word_1_616' title='bbox 1879 3944 2096 3998; x_wconf 86' lang='lat' dir='ltr'>Jezabel</span> <span class='ocrx_word' id='word_1_617' title='bbox 2155 3944 2483 4014; x_wconf 89' lang='lat' dir='ltr'>prophetam</span> <span class='ocrx_word' id='word_1_618' title='bbox 2532 3960 2591 3996; x_wconf 90' lang='lat' dir='ltr'>se</span> <span class='ocrx_word' id='word_1_619' title='bbox 2638 3943 2793 4003; x_wconf 88' lang='lat' dir='ltr'>dicit,</span> <span class='ocrx_word' id='word_1_620' title='bbox 2820 3947 2877 3996; x_wconf 91' lang='lat' dir='ltr'>et</span> <span class='ocrx_word' id='word_1_621' title='bbox 2913 3942 3119 3996; x_wconf 91' lang='lat' dir='ltr'>idcirco</span> <span class='ocrx_word' id='word_1_622' title='bbox 3156 3958 3345 3996; x_wconf 90' lang='lat' dir='ltr'>servos</span> <span class='ocrx_word' id='word_1_623' title='bbox 3371 3942 3473 3998; x_wconf 89' lang='lat' dir='ltr'>Dei</span> 
     </span>
    </p>
   </div>
   <div class='ocr_carea' id='block_1_84' title="bbox 1883 4030 3474 4103">
    <p class='ocr_par' dir='ltr' id='par_1_84' title="bbox 1883 4030 3474 4103">
     <span class='ocr_line' id='line_1_84' title="bbox 1883 4030 3474 4103; baseline -0.002 -16"><span class='ocrx_word' id='word_1_624' title='bbox 1883 4034 2114 4087; x_wconf 89' lang='lat' dir='ltr'>seducit.</span> <span class='ocrx_word' id='word_1_625' title='bbox 2146 4034 2262 4087; x_wconf 84' lang='lat' dir='ltr'>lloc</span> <span class='ocrx_word' id='word_1_626' title='bbox 2284 4032 2490 4103; x_wconf 89' lang='lat' dir='ltr'>quippe</span> <span class='ocrx_word' id='word_1_627' title='bbox 2523 4031 2733 4086; x_wconf 84' lang='lat' dir='ltr'>factum</span> <span class='ocrx_word' id='word_1_628' title='bbox 2767 4031 2929 4085; x_wconf 91' lang='lat' dir='ltr'>multi</span> <span class='ocrx_word' id='word_1_629' title='bbox 2949 4030 3247 4084; x_wconf 86' lang='lat' dir='ltr'>imitantur</span> <span class='ocrx_word' id='word_1_630' title='bbox 3267 4031 3363 4100; x_wconf 91' lang='lat' dir='ltr'>qui</span> <span class='ocrx_word' id='word_1_631' title='bbox 3387 4031 3474 4084; x_wconf 91' lang='lat' dir='ltr'>di-</span> 
     </span>
    </p>
   </div>
   <div class='ocr_carea' id='block_1_85' title="bbox 1879 4119 3478 4185">
    <p class='ocr_par' dir='ltr' id='par_1_85' title="bbox 1879 4119 3478 4185">
     <span class='ocr_line' id='line_1_85' title="bbox 1879 4119 3478 4185; baseline -0.001 -10"><span class='ocrx_word' id='word_1_632' title='bbox 1879 4124 2031 4177; x_wconf 80' lang='lat' dir='ltr'>vitiis</span> <span class='ocrx_word' id='word_1_633' title='bbox 2056 4122 2451 4185; x_wconf 87' lang='lat' dir='ltr'>deservientes,</span> <span class='ocrx_word' id='word_1_634' title='bbox 2492 4138 2561 4175; x_wconf 91' lang='lat' dir='ltr'>ne</span> <span class='ocrx_word' id='word_1_635' title='bbox 2590 4122 2695 4175; x_wconf 90' lang='lat' dir='ltr'>soli</span> <span class='ocrx_word' id='word_1_636' title='bbox 2723 4121 2854 4185; x_wconf 91' lang='lat' dir='ltr'>sint,</span> <span class='ocrx_word' id='word_1_637' title='bbox 2896 4120 3197 4174; x_wconf 89' lang='lat' dir='ltr'>hortantur</span> <span class='ocrx_word' id='word_1_638' title='bbox 3234 4119 3375 4173; x_wconf 88' lang='lat' dir='ltr'>alios</span> <span class='ocrx_word' id='word_1_639' title='bbox 3412 4124 3478 4174; x_wconf 92' lang='lat' dir='ltr'>ut</span> 
     </span>
    </p>
   </div>
   <div class='ocr_carea' id='block_1_86' title="bbox 200 4198 3475 4283">
    <p class='ocr_par' dir='ltr' id='par_1_86' title="bbox 200 4198 3475 4283">
     <span class='ocr_line' id='line_1_86' title="bbox 200 4198 3475 4283; baseline -0.004 -11"><span class='ocrx_word' id='word_1_640' title='bbox 200 4213 395 4280; x_wconf 68' lang='lat' dir='ltr'>Potest</span> <span class='ocrx_word' id='word_1_641' title='bbox 415 4207 519 4259; x_wconf 72' lang='lat' dir='ltr'>hoc</span> <span class='ocrx_word' id='word_1_642' title='bbox 543 4204 737 4260; x_wconf 65' lang='grc' dir='ltr'>ιόῖθΓΓί</span> <span class='ocrx_word' id='word_1_643' title='bbox 764 4204 831 4256; x_wconf 65' lang='grc' dir='ltr'>δά</span> <span class='ocrx_word' id='word_1_644' title='bbox 857 4200 1474 4272; x_wconf 59' lang='grc' dir='ltr'>δίθιὶἶὶυάίοίίθίίυαηάο</span> <span class='ocrx_word' id='word_1_645' title='bbox 1506 4198 1800 4253; x_wconf 66' lang='lat' dir='ltr'>immanis&quot;</span> <span class='ocrx_word' id='word_1_646' title='bbox 1882 4211 2088 4283; x_wconf 85' lang='lat' dir='ltr'>cupitis</span> <span class='ocrx_word' id='word_1_647' title='bbox 2139 4210 2399 4264; x_wconf 79' lang='lat' dir='ltr'>fruantur</span> <span class='ocrx_word' id='word_1_648' title='bbox 2441 4207 2924 4272; x_wconf 84' lang='lat' dir='ltr'>delectationibus,</span> <span class='ocrx_word' id='word_1_649' title='bbox 2958 4207 3208 4262; x_wconf 88' lang='lat' dir='ltr'>dicentes</span> <span class='ocrx_word' id='word_1_650' title='bbox 3260 4208 3394 4277; x_wconf 87' lang='lat' dir='ltr'>quia</span> <span class='ocrx_word' id='word_1_651' title='bbox 3427 4207 3475 4261; x_wconf 90' lang='lat' dir='ltr'>si</span> 
     </span>
    </p>
   </div>
   <div class='ocr_carea' id='block_1_87' title="bbox 199 4290 3478 4361">
    <p class='ocr_par' dir='ltr' id='par_1_87' title="bbox 199 4290 3478 4361">
     <span class='ocr_line' id='line_1_87' title="bbox 199 4290 3478 4361; baseline -0.003 -10"><span class='ocrx_word' id='word_1_652' title='bbox 199 4299 349 4351; x_wconf 89' lang='lat' dir='ltr'>sima</span> <span class='ocrx_word' id='word_1_653' title='bbox 377 4295 763 4349; x_wconf 89' lang='lat' dir='ltr'>crebrescente</span> <span class='ocrx_word' id='word_1_654' title='bbox 792 4291 1140 4361; x_wconf 89' lang='lat' dir='ltr'>temporibus</span> <span class='ocrx_word' id='word_1_655' title='bbox 1170 4290 1500 4345; x_wconf 86' lang='lat' dir='ltr'>Antichristi</span> <span class='ocrx_word' id='word_1_656' title='bbox 1535 4306 1798 4360; x_wconf 88' lang='lat' dir='ltr'>persecu-</span> <span class='ocrx_word' id='word_1_657' title='bbox 1882 4302 1988 4355; x_wconf 65' lang='lat' dir='ltr'>hoc</span> <span class='ocrx_word' id='word_1_658' title='bbox 2016 4301 2138 4354; x_wconf 68' lang='lat' dir='ltr'>ﬁeri</span> <span class='ocrx_word' id='word_1_659' title='bbox 2158 4301 2306 4354; x_wconf 64' lang='lat' dir='ltr'>Deus</span> <span class='ocrx_word' id='word_1_660' title='bbox 2338 4298 2620 4359; x_wconf 66' lang='lat' dir='ltr'>voluisset,</span> <span class='ocrx_word' id='word_1_661' title='bbox 2649 4296 2961 4351; x_wconf 73' lang='lat' dir='ltr'>masculum</span> <span class='ocrx_word' id='word_1_662' title='bbox 2989 4302 3046 4350; x_wconf 76' lang='lat' dir='ltr'>et</span> <span class='ocrx_word' id='word_1_663' title='bbox 3064 4295 3332 4350; x_wconf 77' lang='lat' dir='ltr'>feminam</span> <span class='ocrx_word' id='word_1_664' title='bbox 3362 4311 3478 4349; x_wconf 79' lang='lat' dir='ltr'>non</span> 
     </span>
    </p>
   </div>
   <div class='ocr_carea' id='block_1_88' title="bbox 198 4378 3479 4459">
    <p class='ocr_par' dir='ltr' id='par_1_88' title="bbox 198 4378 3479 4459">
     <span class='ocr_line' id='line_1_88' title="bbox 198 4378 3479 4459; baseline -0.005 -19"><span class='ocrx_word' id='word_1_665' title='bbox 198 4382 696 4454; x_wconf 87' lang='lat' dir='ltr'>tione,ampliorin</span> <span class='ocrx_word' id='word_1_666' title='bbox 728 4398 790 4435; x_wconf 83' lang='lat' dir='ltr'>ea</span> <span class='ocrx_word' id='word_1_667' title='bbox 814 4382 990 4434; x_wconf 89' lang='lat' dir='ltr'>virtus</span> <span class='ocrx_word' id='word_1_668' title='bbox 1019 4378 1255 4433; x_wconf 89' lang='lat' dir='ltr'>enitebit</span> <span class='ocrx_word' id='word_1_669' title='bbox 1279 4379 1638 4449; x_wconf 80' lang='lat' dir='ltr'>Operationis,</span> <span class='ocrx_word' id='word_1_670' title='bbox 1663 4380 1796 4433; x_wconf 90' lang='lat' dir='ltr'>dum</span> <span class='ocrx_word' id='word_1_671' title='bbox 1818 4420 1868 4459; x_wconf 68' lang='grc' dir='ltr'>η</span> <span class='ocrx_word' id='word_1_672' title='bbox 1884 4390 2123 4449; x_wconf 68' lang='lat' dir='ltr'>fecisset,</span> <span class='ocrx_word' id='word_1_673' title='bbox 2143 4405 2247 4443; x_wconf 71' lang='lat' dir='ltr'>nec</span> <span class='ocrx_word' id='word_1_674' title='bbox 2266 4386 2515 4459; x_wconf 64' lang='lat' dir='ltr'>corporis</span> <span class='ocrx_word' id='word_1_675' title='bbox 2548 4385 2801 4439; x_wconf 65' lang='lat' dir='ltr'>membra</span> <span class='ocrx_word' id='word_1_676' title='bbox 2824 4385 3066 4440; x_wconf 64' lang='lat' dir='ltr'>mliusui</span> <span class='ocrx_word' id='word_1_677' title='bbox 3083 4389 3217 4456; x_wconf 68' lang='lat' dir='ltr'>apta</span> <span class='ocrx_word' id='word_1_678' title='bbox 3246 4385 3479 4439; x_wconf 70' lang='lat' dir='ltr'>formas-</span> 
     </span>
    </p>
   </div>
   <div class='ocr_carea' id='block_1_89' title="bbox 201 4468 1802 4546">
    <p class='ocr_par' dir='ltr' id='par_1_89' title="bbox 201 4468 1802 4542">
     <span class='ocr_line' id='line_1_89' title="bbox 201 4468 1802 4542; baseline -0.006 -12"><span class='ocrx_word' id='word_1_679' title='bbox 201 4474 384 4530; x_wconf 64' lang='lat' dir='ltr'>Judaei</span> <span class='ocrx_word' id='word_1_680' title='bbox 412 4480 471 4527; x_wconf 88' lang='lat' dir='ltr'>et</span> <span class='ocrx_word' id='word_1_681' title='bbox 492 4472 731 4542; x_wconf 89' lang='lat' dir='ltr'>gentiles</span> <span class='ocrx_word' id='word_1_682' title='bbox 762 4470 973 4541; x_wconf 87' lang='lat' dir='ltr'>pariter</span> <span class='ocrx_word' id='word_1_683' title='bbox 1002 4470 1059 4523; x_wconf 90' lang='lat' dir='ltr'>in</span> <span class='ocrx_word' id='word_1_684' title='bbox 1086 4469 1195 4522; x_wconf 89' lang='lat' dir='ltr'>ﬁde</span> <span class='ocrx_word' id='word_1_685' title='bbox 1220 4468 1429 4523; x_wconf 86' lang='lat' dir='ltr'>Christi</span> <span class='ocrx_word' id='word_1_686' title='bbox 1450 4468 1802 4528; x_wconf 77' lang='lat' dir='ltr'>iundati,du-</span> 
     </span>
    </p>
   </div>
   <div class='ocr_carea' id='block_1_90' title="bbox 1886 4468 3480 4546">
    <p class='ocr_par' dir='ltr' id='par_1_90' title="bbox 1886 4473 3480 4546">
     <span class='ocr_line' id='line_1_90' title="bbox 1886 4473 3480 4546; baseline -0.004 -12"><span class='ocrx_word' id='word_1_687' title='bbox 1886 4492 1990 4534; x_wconf 82' lang='lat' dir='ltr'>set.</span> <span class='ocrx_word' id='word_1_688' title='bbox 2025 4479 2271 4533; x_wconf 89' lang='lat' dir='ltr'>Stultum</span> <span class='ocrx_word' id='word_1_689' title='bbox 2304 4483 2388 4531; x_wconf 88' lang='lat' dir='ltr'>est</span> <span class='ocrx_word' id='word_1_690' title='bbox 2417 4492 2549 4546; x_wconf 91' lang='lat' dir='ltr'>ergo</span> <span class='ocrx_word' id='word_1_691' title='bbox 2578 4474 2859 4529; x_wconf 90' lang='lat' dir='ltr'>abstinere</span> <span class='ocrx_word' id='word_1_692' title='bbox 2874 4474 2944 4528; x_wconf 88' lang='lat' dir='ltr'>ab</span> <span class='ocrx_word' id='word_1_693' title='bbox 2963 4473 3283 4545; x_wconf 83' lang='lat' dir='ltr'>hujusmodi</span> <span class='ocrx_word' id='word_1_694' title='bbox 3325 4474 3480 4528; x_wconf 90' lang='lat' dir='ltr'>dele-</span> 
     </span>
    </p>
   </div>
   <div class='ocr_carea' id='block_1_91' title="bbox 203 4559 1066 4638">
    <p class='ocr_par' dir='ltr' id='par_1_91' title="bbox 203 4559 1066 4638">
     <span class='ocr_line' id='line_1_91' title="bbox 203 4559 1066 4638; baseline -0.007 -20"><span class='ocrx_word' id='word_1_695' title='bbox 203 4566 299 4638; x_wconf 85' lang='lat' dir='ltr'>plo</span> <span class='ocrx_word' id='word_1_696' title='bbox 330 4579 502 4635; x_wconf 88' lang='lat' dir='ltr'>quam</span> <span class='ocrx_word' id='word_1_697' title='bbox 538 4577 683 4614; x_wconf 89' lang='lat' dir='ltr'>nunc</span> <span class='ocrx_word' id='word_1_698' title='bbox 714 4559 1066 4614; x_wconf 90' lang='lat' dir='ltr'>laborabunt.</span> 
     </span>
    </p>
   </div>
   <div class='ocr_carea' id='block_1_92' title="bbox 273 4669 1807 4737">
    <p class='ocr_par' dir='ltr' id='par_1_92' title="bbox 273 4669 1807 4737">
     <span class='ocr_line' id='line_1_92' title="bbox 273 4669 1807 4737; baseline -0.004 -10"><span class='ocrx_word' id='word_1_699' title='bbox 273 4673 381 4728; x_wconf 87' lang='lat' dir='ltr'>Sed</span> <span class='ocrx_word' id='word_1_700' title='bbox 398 4671 564 4724; x_wconf 83' lang='lat' dir='ltr'>habeo</span> <span class='ocrx_word' id='word_1_701' title='bbox 593 4671 853 4722; x_wconf 82' lang='lat' dir='ltr'>adversus</span> <span class='ocrx_word' id='word_1_702' title='bbox 876 4672 922 4721; x_wconf 85' lang='lat' dir='ltr'>te</span> <span class='ocrx_word' id='word_1_703' title='bbox 948 4669 1289 4737; x_wconf 79' lang='lat' dir='ltr'>pauca,quia</span> <span class='ocrx_word' id='word_1_704' title='bbox 1314 4669 1592 4735; x_wconf 81' lang='lat' dir='ltr'>permittis</span> <span class='ocrx_word' id='word_1_705' title='bbox 1612 4671 1807 4721; x_wconf 84' lang='lat' dir='ltr'>mulie-</span> 
     </span>
    </p>
   </div>
   <div class='ocr_carea' id='block_1_93' title="bbox 202 4758 1804 4825">
    <p class='ocr_par' dir='ltr' id='par_1_93' title="bbox 202 4758 1804 4825">
     <span class='ocr_line' id='line_1_93' title="bbox 202 4758 1804 4825; baseline -0.004 -9"><span class='ocrx_word' id='word_1_706' title='bbox 202 4778 325 4816; x_wconf 84' lang='lat' dir='ltr'>rem</span> <span class='ocrx_word' id='word_1_707' title='bbox 353 4762 569 4815; x_wconf 82' lang='lat' dir='ltr'>Jezabel</span> <span class='ocrx_word' id='word_1_708' title='bbox 597 4774 715 4825; x_wconf 72' lang='lat' dir='ltr'>qua:</span> <span class='ocrx_word' id='word_1_709' title='bbox 739 4774 791 4811; x_wconf 88' lang='lat' dir='ltr'>se</span> <span class='ocrx_word' id='word_1_710' title='bbox 815 4759 949 4810; x_wconf 86' lang='lat' dir='ltr'>dicit</span> <span class='ocrx_word' id='word_1_711' title='bbox 972 4758 1264 4825; x_wconf 84' lang='lat' dir='ltr'>prophetas</span> <span class='ocrx_word' id='word_1_712' title='bbox 1284 4758 1487 4820; x_wconf 89' lang='lat' dir='ltr'>docere,</span> <span class='ocrx_word' id='word_1_713' title='bbox 1520 4762 1571 4811; x_wconf 87' lang='lat' dir='ltr'>et</span> <span class='ocrx_word' id='word_1_714' title='bbox 1596 4758 1804 4811; x_wconf 85' lang='lat' dir='ltr'>seducit</span> 
     </span>
    </p>
   </div>
   <div class='ocr_carea' id='block_1_94' title="bbox 200 4846 1805 4914">
    <p class='ocr_par' dir='ltr' id='par_1_94' title="bbox 200 4846 1805 4914">
     <span class='ocr_line' id='line_1_94' title="bbox 200 4846 1805 4914; baseline -0.003 -10"><span class='ocrx_word' id='word_1_715' title='bbox 200 4866 385 4904; x_wconf 77' lang='lat' dir='ltr'>servos</span> <span class='ocrx_word' id='word_1_716' title='bbox 406 4864 570 4912; x_wconf 81' lang='lat' dir='ltr'>meos,</span> <span class='ocrx_word' id='word_1_717' title='bbox 592 4853 640 4899; x_wconf 84' lang='lat' dir='ltr'>et</span> <span class='ocrx_word' id='word_1_718' title='bbox 662 4848 807 4899; x_wconf 83' lang='lat' dir='ltr'>docet</span> <span class='ocrx_word' id='word_1_719' title='bbox 828 4847 1125 4914; x_wconf 80' lang='lat' dir='ltr'>fornicari,</span> <span class='ocrx_word' id='word_1_720' title='bbox 1159 4849 1207 4897; x_wconf 84' lang='lat' dir='ltr'>et</span> <span class='ocrx_word' id='word_1_721' title='bbox 1229 4846 1570 4899; x_wconf 80' lang='lat' dir='ltr'>manducare</span> <span class='ocrx_word' id='word_1_722' title='bbox 1590 4848 1653 4899; x_wconf 79' lang='lat' dir='ltr'>de</span> <span class='ocrx_word' id='word_1_723' title='bbox 1684 4848 1805 4900; x_wconf 83' lang='lat' dir='ltr'>ido-</span> 
     </span>
    </p>
   </div>
   <div class='ocr_carea' id='block_1_95' title="bbox 204 4933 1803 5005">
    <p class='ocr_par' dir='ltr' id='par_1_95' title="bbox 204 4933 1803 5005">
     <span class='ocr_line' id='line_1_95' title="bbox 204 4933 1803 5005; baseline -0.003 -13"><span class='ocrx_word' id='word_1_724' title='bbox 204 4940 454 5005; x_wconf 82' lang='lat' dir='ltr'>lothytis.</span> <span class='ocrx_word' id='word_1_725' title='bbox 488 4936 657 4990; x_wconf 88' lang='lat' dir='ltr'>Nulla</span> <span class='ocrx_word' id='word_1_726' title='bbox 682 4934 825 4989; x_wconf 88' lang='lat' dir='ltr'>ratio</span> <span class='ocrx_word' id='word_1_727' title='bbox 856 4934 1136 5005; x_wconf 90' lang='lat' dir='ltr'>permittit</span> <span class='ocrx_word' id='word_1_728' title='bbox 1181 4938 1245 4987; x_wconf 91' lang='lat' dir='ltr'>ut</span> <span class='ocrx_word' id='word_1_729' title='bbox 1275 4934 1390 4988; x_wconf 65' lang='lat' dir='ltr'>haec</span> <span class='ocrx_word' id='word_1_730' title='bbox 1418 4933 1583 4988; x_wconf 87' lang='lat' dir='ltr'>verba</span> <span class='ocrx_word' id='word_1_731' title='bbox 1613 4935 1682 4988; x_wconf 88' lang='lat' dir='ltr'>ad</span> <span class='ocrx_word' id='word_1_732' title='bbox 1709 4951 1803 4989; x_wconf 91' lang='lat' dir='ltr'>eos</span> 
     </span>
    </p>
   </div>
   <div class='ocr_carea' id='block_1_96' title="bbox 202 5023 1805 5099">
    <p class='ocr_par' dir='ltr' id='par_1_96' title="bbox 202 5023 1805 5099">
     <span class='ocr_line' id='line_1_96' title="bbox 202 5023 1805 5099; baseline -0.003 -17"><span class='ocrx_word' id='word_1_733' title='bbox 202 5027 528 5099; x_wconf 86' lang='lat' dir='ltr'>pertineant</span> <span class='ocrx_word' id='word_1_734' title='bbox 553 5042 692 5096; x_wconf 88' lang='lat' dir='ltr'>quos</span> <span class='ocrx_word' id='word_1_735' title='bbox 716 5024 974 5095; x_wconf 89' lang='lat' dir='ltr'>superius</span> <span class='ocrx_word' id='word_1_736' title='bbox 1001 5028 1160 5077; x_wconf 88' lang='lat' dir='ltr'>tanta</span> <span class='ocrx_word' id='word_1_737' title='bbox 1207 5023 1373 5077; x_wconf 87' lang='lat' dir='ltr'>laude</span> <span class='ocrx_word' id='word_1_738' title='bbox 1403 5023 1587 5077; x_wconf 84' lang='lat' dir='ltr'>fuerat</span> <span class='ocrx_word' id='word_1_739' title='bbox 1617 5040 1805 5093; x_wconf 88' lang='lat' dir='ltr'>prose-</span> 
     </span>
    </p>
   </div>
   <div class='ocr_carea' id='block_1_97' title="bbox 203 5112 1806 5183">
    <p class='ocr_par' dir='ltr' id='par_1_97' title="bbox 203 5112 1806 5183">
     <span class='ocr_line' id='line_1_97' title="bbox 203 5112 1806 5183; baseline -0.004 -12"><span class='ocrx_word' id='word_1_740' title='bbox 203 5122 393 5178; x_wconf 87' lang='lat' dir='ltr'>cutus,</span> <span class='ocrx_word' id='word_1_741' title='bbox 426 5114 525 5168; x_wconf 90' lang='lat' dir='ltr'>sed</span> <span class='ocrx_word' id='word_1_742' title='bbox 558 5132 592 5167; x_wconf 93' lang='lat' dir='ltr'>a</span> <span class='ocrx_word' id='word_1_743' title='bbox 619 5113 869 5183; x_wconf 86' lang='lat' dir='ltr'>generali</span> <span class='ocrx_word' id='word_1_744' title='bbox 901 5128 1133 5182; x_wconf 89' lang='lat' dir='ltr'>corpore</span> <span class='ocrx_word' id='word_1_745' title='bbox 1165 5112 1469 5166; x_wconf 87' lang='lat' dir='ltr'>electorum</span> <span class='ocrx_word' id='word_1_746' title='bbox 1501 5112 1666 5165; x_wconf 89' lang='lat' dir='ltr'>vertit</span> <span class='ocrx_word' id='word_1_747' title='bbox 1692 5128 1806 5165; x_wconf 31' lang='lat' dir='ltr'>sere</span> 
     </span>
    </p>
   </div>
   <div class='ocr_carea' id='block_1_98' title="bbox 201 5200 1805 5273">
    <p class='ocr_par' dir='ltr' id='par_1_98' title="bbox 201 5200 1805 5273">
     <span class='ocr_line' id='line_1_98' title="bbox 201 5200 1805 5273; baseline -0.003 -14"><span class='ocrx_word' id='word_1_748' title='bbox 201 5221 430 5260; x_wconf 89' lang='lat' dir='ltr'>monem</span> <span class='ocrx_word' id='word_1_749' title='bbox 463 5204 533 5256; x_wconf 88' lang='lat' dir='ltr'>ad</span> <span class='ocrx_word' id='word_1_750' title='bbox 563 5208 780 5273; x_wconf 88' lang='lat' dir='ltr'>partem</span> <span class='ocrx_word' id='word_1_751' title='bbox 813 5201 1331 5272; x_wconf 67' lang='lat' dir='ltr'>rcproborum,quee</span> <span class='ocrx_word' id='word_1_752' title='bbox 1378 5200 1437 5253; x_wconf 90' lang='lat' dir='ltr'>in</span> <span class='ocrx_word' id='word_1_753' title='bbox 1486 5200 1805 5254; x_wconf 79' lang='lat' dir='ltr'>doctoribus</span> 
     </span>
    </p>
   </div>
   <div class='ocr_carea' id='block_1_99' title="bbox 201 5289 1807 5363">
    <p class='ocr_par' dir='ltr' id='par_1_99' title="bbox 201 5289 1807 5363">
     <span class='ocr_line' id='line_1_99' title="bbox 201 5289 1807 5363; baseline -0.006 -12"><span class='ocrx_word' id='word_1_754' title='bbox 201 5291 667 5363; x_wconf 88' lang='lat' dir='ltr'>intelligitur,qui</span> <span class='ocrx_word' id='word_1_755' title='bbox 686 5307 787 5345; x_wconf 88' lang='lat' dir='ltr'>sua</span> <span class='ocrx_word' id='word_1_756' title='bbox 810 5289 1151 5359; x_wconf 81' lang='lat' dir='ltr'>negligentia</span> <span class='ocrx_word' id='word_1_757' title='bbox 1166 5289 1591 5343; x_wconf 82' lang='lat' dir='ltr'>fornicationem</span> <span class='ocrx_word' id='word_1_758' title='bbox 1616 5296 1673 5342; x_wconf 91' lang='lat' dir='ltr'>et</span> <span class='ocrx_word' id='word_1_759' title='bbox 1690 5289 1807 5342; x_wconf 90' lang='lat' dir='ltr'>ido-</span> 
     </span>
    </p>
   </div>
   <div class='ocr_carea' id='block_1_100' title="bbox 202 5376 1807 5440">
    <p class='ocr_par' dir='ltr' id='par_1_100' title="bbox 202 5376 1807 5440">
     <span class='ocr_line' id='line_1_100' title="bbox 202 5376 1807 5440; baseline -0.007 0"><span class='ocrx_word' id='word_1_760' title='bbox 202 5384 495 5440; x_wconf 88' lang='lat' dir='ltr'>lolatriam</span> <span class='ocrx_word' id='word_1_761' title='bbox 525 5381 583 5435; x_wconf 92' lang='lat' dir='ltr'>in</span> <span class='ocrx_word' id='word_1_762' title='bbox 617 5380 859 5434; x_wconf 88' lang='lat' dir='ltr'>Ecclesia</span> <span class='ocrx_word' id='word_1_763' title='bbox 887 5395 1010 5433; x_wconf 90' lang='lat' dir='ltr'>esse.</span> <span class='ocrx_word' id='word_1_764' title='bbox 1034 5379 1229 5431; x_wconf 89' lang='lat' dir='ltr'>sinunt</span> <span class='ocrx_word' id='word_1_765' title='bbox 1253 5378 1357 5430; x_wconf 89' lang='lat' dir='ltr'>sub</span> <span class='ocrx_word' id='word_1_766' title='bbox 1398 5376 1625 5430; x_wconf 87' lang='lat' dir='ltr'>nomine</span> <span class='ocrx_word' id='word_1_767' title='bbox 1651 5377 1807 5429; x_wconf 84' lang='lat' dir='ltr'>Chri-</span> 
     </span>
    </p>
   </div>
   <div class='ocr_carea' id='block_1_101' title="bbox 204 5464 1808 5539">
    <p class='ocr_par' dir='ltr' id='par_1_101' title="bbox 204 5464 1808 5539">
     <span class='ocr_line' id='line_1_101' title="bbox 204 5464 1808 5539; baseline -0.007 -10"><span class='ocrx_word' id='word_1_768' title='bbox 204 5475 416 5529; x_wconf 86' lang='lat' dir='ltr'>stiano.</span> <span class='ocrx_word' id='word_1_769' title='bbox 447 5470 557 5525; x_wconf 90' lang='lat' dir='ltr'>Sed</span> <span class='ocrx_word' id='word_1_770' title='bbox 578 5470 696 5539; x_wconf 86' lang='lat' dir='ltr'>jam</span> <span class='ocrx_word' id='word_1_771' title='bbox 729 5485 880 5522; x_wconf 89' lang='lat' dir='ltr'>nunc</span> <span class='ocrx_word' id='word_1_772' title='bbox 910 5468 1203 5521; x_wconf 86' lang='lat' dir='ltr'>videamus</span> <span class='ocrx_word' id='word_1_773' title='bbox 1228 5482 1456 5519; x_wconf 84' lang='lat' dir='ltr'>sensum</span> <span class='ocrx_word' id='word_1_774' title='bbox 1486 5464 1628 5517; x_wconf 83' lang='lat' dir='ltr'>:fuit</span> <span class='ocrx_word' id='word_1_775' title='bbox 1648 5466 1808 5518; x_wconf 86' lang='lat' dir='ltr'>.leza-</span> 
     </span>
    </p>
   </div>
   <div class='ocr_carea' id='block_1_102' title="bbox 204 5552 1812 5628">
    <p class='ocr_par' dir='ltr' id='par_1_102' title="bbox 204 5552 1812 5628">
     <span class='ocr_line' id='line_1_102' title="bbox 204 5552 1812 5628; baseline -0.009 -9"><span class='ocrx_word' id='word_1_776' title='bbox 204 5564 296 5619; x_wconf 92' lang='lat' dir='ltr'>bel</span> <span class='ocrx_word' id='word_1_777' title='bbox 327 5576 472 5616; x_wconf 85' lang='lat' dir='ltr'>uxor</span> <span class='ocrx_word' id='word_1_778' title='bbox 496 5557 686 5613; x_wconf 85' lang='lat' dir='ltr'>Achab</span> <span class='ocrx_word' id='word_1_779' title='bbox 712 5558 861 5628; x_wconf 81' lang='lat' dir='ltr'>regis</span> <span class='ocrx_word' id='word_1_780' title='bbox 891 5557 1086 5620; x_wconf 85' lang='lat' dir='ltr'>Israel,</span> <span class='ocrx_word' id='word_1_781' title='bbox 1108 5554 1407 5611; x_wconf 84' lang='lat' dir='ltr'>idololatra</span> <span class='ocrx_word' id='word_1_782' title='bbox 1430 5553 1600 5606; x_wconf 90' lang='lat' dir='ltr'>simul</span> <span class='ocrx_word' id='word_1_783' title='bbox 1623 5558 1680 5606; x_wconf 90' lang='lat' dir='ltr'>et</span> <span class='ocrx_word' id='word_1_784' title='bbox 1706 5552 1812 5606; x_wconf 81' lang='lat' dir='ltr'>for—</span> 
     </span>
    </p>
   </div>
   <div class='ocr_carea' id='block_1_103' title="bbox 1890 4563 3482 4638">
    <p class='ocr_par' dir='ltr' id='par_1_103' title="bbox 1890 4563 3482 4638">
     <span class='ocr_line' id='line_1_103' title="bbox 1890 4563 3482 4638; baseline -0.005 -15"><span class='ocrx_word' id='word_1_785' title='bbox 1890 4568 2151 4630; x_wconf 88' lang='lat' dir='ltr'>ctatione,</span> <span class='ocrx_word' id='word_1_786' title='bbox 2183 4584 2294 4638; x_wconf 88' lang='lat' dir='ltr'>qua</span> <span class='ocrx_word' id='word_1_787' title='bbox 2319 4567 2586 4620; x_wconf 85' lang='lat' dir='ltr'>fruuntur</span> <span class='ocrx_word' id='word_1_788' title='bbox 2602 4580 2715 4619; x_wconf 89' lang='lat' dir='ltr'>non</span> <span class='ocrx_word' id='word_1_789' title='bbox 2741 4565 2922 4618; x_wconf 91' lang='lat' dir='ltr'>solum</span> <span class='ocrx_word' id='word_1_790' title='bbox 2951 4563 3072 4616; x_wconf 59' lang='lat' dir='ltr'>alia;</span> <span class='ocrx_word' id='word_1_791' title='bbox 3100 4563 3343 4633; x_wconf 88' lang='lat' dir='ltr'>pecudes</span> <span class='ocrx_word' id='word_1_792' title='bbox 3381 4567 3482 4616; x_wconf 89' lang='lat' dir='ltr'>aut</span> 
     </span>
    </p>
   </div>
   <div class='ocr_carea' id='block_1_104' title="bbox 1895 4650 3481 4721">
    <p class='ocr_par' dir='ltr' id='par_1_104' title="bbox 1895 4650 3481 4721">
     <span class='ocr_line' id='line_1_104' title="bbox 1895 4650 3481 4721; baseline -0.006 -10"><span class='ocrx_word' id='word_1_793' title='bbox 1895 4660 2162 4721; x_wconf 88' lang='lat' dir='ltr'>volucres,</span> <span class='ocrx_word' id='word_1_794' title='bbox 2188 4655 2287 4710; x_wconf 83' lang='lat' dir='ltr'>sed</span> <span class='ocrx_word' id='word_1_795' title='bbox 2308 4655 2476 4709; x_wconf 88' lang='lat' dir='ltr'>etiam</span> <span class='ocrx_word' id='word_1_796' title='bbox 2508 4669 2729 4707; x_wconf 66' lang='lat' dir='ltr'>muscae.</span> <span class='ocrx_word' id='word_1_797' title='bbox 2748 4653 3008 4720; x_wconf 90' lang='lat' dir='ltr'>Dumque</span> <span class='ocrx_word' id='word_1_798' title='bbox 3036 4651 3142 4703; x_wconf 88' lang='lat' dir='ltr'>hoc</span> <span class='ocrx_word' id='word_1_799' title='bbox 3168 4650 3382 4713; x_wconf 86' lang='lat' dir='ltr'>dicunt,</span> <span class='ocrx_word' id='word_1_800' title='bbox 3416 4650 3481 4702; x_wconf 88' lang='lat' dir='ltr'>ﬁt</span> 
     </span>
    </p>
   </div>
   <div class='ocr_carea' id='block_1_105' title="bbox 1889 4736 3481 4819">
    <p class='ocr_par' dir='ltr' id='par_1_105' title="bbox 1889 4736 3481 4819">
     <span class='ocr_line' id='line_1_105' title="bbox 1889 4736 3481 4819; baseline -0.01 -15"><span class='ocrx_word' id='word_1_801' title='bbox 1889 4747 2191 4819; x_wconf 89' lang='lat' dir='ltr'>aliquando</span> <span class='ocrx_word' id='word_1_802' title='bbox 2213 4751 2278 4800; x_wconf 92' lang='lat' dir='ltr'>ut</span> <span class='ocrx_word' id='word_1_803' title='bbox 2297 4760 2520 4798; x_wconf 87' lang='lat' dir='ltr'>carnem</span> <span class='ocrx_word' id='word_1_804' title='bbox 2544 4740 2810 4795; x_wconf 86' lang='lat' dir='ltr'>delectari</span> <span class='ocrx_word' id='word_1_805' title='bbox 2830 4738 3251 4808; x_wconf 90' lang='lat' dir='ltr'>compellant.et</span> <span class='ocrx_word' id='word_1_806' title='bbox 3268 4736 3340 4789; x_wconf 92' lang='lat' dir='ltr'>ad</span> <span class='ocrx_word' id='word_1_807' title='bbox 3352 4752 3481 4790; x_wconf 89' lang='lat' dir='ltr'>con-</span> 
     </span>
    </p>
   </div>
   <div class='ocr_carea' id='block_1_106' title="bbox 1888 4823 3480 4903">
    <p class='ocr_par' dir='ltr' id='par_1_106' title="bbox 1888 4823 3480 4903">
     <span class='ocr_line' id='line_1_106' title="bbox 1888 4823 3480 4903; baseline -0.009 -11"><span class='ocrx_word' id='word_1_808' title='bbox 1888 4854 2115 4892; x_wconf 86' lang='lat' dir='ltr'>sensum</span> <span class='ocrx_word' id='word_1_809' title='bbox 2161 4833 2406 4888; x_wconf 81' lang='lat' dir='ltr'>libidinis</span> <span class='ocrx_word' id='word_1_810' title='bbox 2436 4829 2787 4903; x_wconf 86' lang='lat' dir='ltr'>pertrahant,</span> <span class='ocrx_word' id='word_1_811' title='bbox 2824 4826 3014 4896; x_wconf 89' lang='lat' dir='ltr'>sicque</span> <span class='ocrx_word' id='word_1_812' title='bbox 3042 4824 3369 4896; x_wconf 88' lang='lat' dir='ltr'>perveniant</span> <span class='ocrx_word' id='word_1_813' title='bbox 3405 4823 3480 4879; x_wconf 88' lang='lat' dir='ltr'>ad</span> 
     </span>
    </p>
   </div>
   <div class='ocr_carea' id='block_1_107' title="bbox 1888 4912 3482 4999">
    <p class='ocr_par' dir='ltr' id='par_1_107' title="bbox 1888 4912 3482 4999">
     <span class='ocr_line' id='line_1_107' title="bbox 1888 4912 3482 4999; baseline -0.01 -16"><span class='ocrx_word' id='word_1_814' title='bbox 1888 4944 2028 4999; x_wconf 91' lang='lat' dir='ltr'>opus</span> <span class='ocrx_word' id='word_1_815' title='bbox 2054 4926 2286 4988; x_wconf 89' lang='lat' dir='ltr'>malum,</span> <span class='ocrx_word' id='word_1_816' title='bbox 2313 4923 2595 4975; x_wconf 89' lang='lat' dir='ltr'>intantum</span> <span class='ocrx_word' id='word_1_817' title='bbox 2617 4923 2682 4971; x_wconf 91' lang='lat' dir='ltr'>ut</span> <span class='ocrx_word' id='word_1_818' title='bbox 2700 4917 2758 4970; x_wconf 91' lang='lat' dir='ltr'>in</span> <span class='ocrx_word' id='word_1_819' title='bbox 2778 4930 3041 4986; x_wconf 88' lang='lat' dir='ltr'>processu</span> <span class='ocrx_word' id='word_1_820' title='bbox 3065 4912 3335 4984; x_wconf 88' lang='lat' dir='ltr'>temporis</span> <span class='ocrx_word' id='word_1_821' title='bbox 3357 4913 3482 4967; x_wconf 91' lang='lat' dir='ltr'>nul-</span> 
     </span>
    </p>
   </div>
   <div class='ocr_carea' id='block_1_108' title="bbox 1888 5001 3483 5074">
    <p class='ocr_par' dir='ltr' id='par_1_108' title="bbox 1888 5001 3483 5074">
     <span class='ocr_line' id='line_1_108' title="bbox 1888 5001 3483 5074; baseline -0.009 -3"><span class='ocrx_word' id='word_1_822' title='bbox 1888 5019 1999 5071; x_wconf 88' lang='lat' dir='ltr'>lam</span> <span class='ocrx_word' id='word_1_823' title='bbox 2033 5012 2404 5069; x_wconf 83' lang='lat' dir='ltr'>reverentiam</span> <span class='ocrx_word' id='word_1_824' title='bbox 2446 5008 2719 5063; x_wconf 84' lang='lat' dir='ltr'>habentes</span> <span class='ocrx_word' id='word_1_825' title='bbox 2767 5003 3014 5074; x_wconf 88' lang='lat' dir='ltr'>pudoris,</span> <span class='ocrx_word' id='word_1_826' title='bbox 3047 5001 3197 5072; x_wconf 88' lang='lat' dir='ltr'>quod</span> <span class='ocrx_word' id='word_1_827' title='bbox 3239 5002 3483 5072; x_wconf 88' lang='lat' dir='ltr'>turpiter</span> 
     </span>
    </p>
   </div>
   <div class='ocr_carea' id='block_1_109' title="bbox 1886 5090 3482 5175">
    <p class='ocr_par' dir='ltr' id='par_1_109' title="bbox 1886 5090 3482 5175">
     <span class='ocr_line' id='line_1_109' title="bbox 1886 5090 3482 5175; baseline -0.01 -14"><span class='ocrx_word' id='word_1_828' title='bbox 1886 5108 2202 5175; x_wconf 84' lang='lat' dir='ltr'>gesserunt,</span> <span class='ocrx_word' id='word_1_829' title='bbox 2223 5116 2409 5155; x_wconf 90' lang='lat' dir='ltr'>coram</span> <span class='ocrx_word' id='word_1_830' title='bbox 2440 5096 2566 5151; x_wconf 88' lang='lat' dir='ltr'>aliis</span> <span class='ocrx_word' id='word_1_831' title='bbox 2594 5093 2856 5149; x_wconf 84' lang='lat' dir='ltr'>laudibus</span> <span class='ocrx_word' id='word_1_832' title='bbox 2880 5092 3139 5146; x_wconf 80' lang='lat' dir='ltr'>eﬁerunt.</span> <span class='ocrx_word' id='word_1_833' title='bbox 3160 5090 3320 5146; x_wconf 89' lang='lat' dir='ltr'>Unde</span> <span class='ocrx_word' id='word_1_834' title='bbox 3338 5090 3482 5145; x_wconf 90' lang='lat' dir='ltr'>bene</span> 
     </span>
    </p>
   </div>
   <div class='ocr_carea' id='block_1_110' title="bbox 1888 5179 3482 5260">
    <p class='ocr_par' dir='ltr' id='par_1_110' title="bbox 1888 5179 3482 5260">
     <span class='ocr_line' id='line_1_110' title="bbox 1888 5179 3482 5260; baseline -0.01 -11"><span class='ocrx_word' id='word_1_835' title='bbox 1888 5193 2109 5249; x_wconf 87' lang='lat' dir='ltr'>Jezabel</span> <span class='ocrx_word' id='word_1_836' title='bbox 2129 5188 2420 5260; x_wconf 86' lang='lat' dir='ltr'>sanguinis</span> <span class='ocrx_word' id='word_1_837' title='bbox 2439 5186 2747 5249; x_wconf 83' lang='lat' dir='ltr'>ﬁuxus,aut</span> <span class='ocrx_word' id='word_1_838' title='bbox 2760 5181 3051 5244; x_wconf 87' lang='lat' dir='ltr'>ﬁuens,vel</span> <span class='ocrx_word' id='word_1_839' title='bbox 3064 5179 3482 5250; x_wconf 88' lang='lat' dir='ltr'>sterquilinium</span> 
     </span>
    </p>
   </div>
   <div class='ocr_carea' id='block_1_111' title="bbox 1892 5269 3485 5345">
    <p class='ocr_par' dir='ltr' id='par_1_111' title="bbox 1892 5269 3485 5345">
     <span class='ocr_line' id='line_1_111' title="bbox 1892 5269 3485 5345; baseline -0.01 -7"><span class='ocrx_word' id='word_1_840' title='bbox 1892 5283 2114 5337; x_wconf 89' lang='lat' dir='ltr'>dicitur.</span> <span class='ocrx_word' id='word_1_841' title='bbox 2146 5279 2415 5333; x_wconf 87' lang='lat' dir='ltr'>Mulieres</span> <span class='ocrx_word' id='word_1_842' title='bbox 2434 5274 2641 5345; x_wconf 91' lang='lat' dir='ltr'>quippe</span> <span class='ocrx_word' id='word_1_843' title='bbox 2669 5288 2768 5342; x_wconf 90' lang='lat' dir='ltr'>per</span> <span class='ocrx_word' id='word_1_844' title='bbox 2792 5270 3043 5341; x_wconf 89' lang='lat' dir='ltr'>singulos</span> <span class='ocrx_word' id='word_1_845' title='bbox 3068 5285 3290 5323; x_wconf 90' lang='lat' dir='ltr'>menses</span> <span class='ocrx_word' id='word_1_846' title='bbox 3321 5269 3485 5340; x_wconf 89' lang='lat' dir='ltr'>(sicut</span> 
     </span>
    </p>
   </div>
   <div class='ocr_carea' id='block_1_112' title="bbox 1889 5356 3479 5432">
    <p class='ocr_par' dir='ltr' id='par_1_112' title="bbox 1889 5356 3479 5432">
     <span class='ocr_line' id='line_1_112' title="bbox 1889 5356 3479 5432; baseline -0.011 -6"><span class='ocrx_word' id='word_1_847' title='bbox 1889 5372 2026 5426; x_wconf 91' lang='lat' dir='ltr'>dicit</span> <span class='ocrx_word' id='word_1_848' title='bbox 2085 5369 2280 5423; x_wconf 89' lang='lat' dir='ltr'>beatus</span> <span class='ocrx_word' id='word_1_849' title='bbox 2334 5365 2710 5432; x_wconf 86' lang='lat' dir='ltr'>Hieronymus</span> <span class='ocrx_word' id='word_1_850' title='bbox 2753 5360 2813 5414; x_wconf 91' lang='lat' dir='ltr'>in</span> <span class='ocrx_word' id='word_1_851' title='bbox 2858 5359 3015 5414; x_wconf 89' lang='lat' dir='ltr'>libris</span> <span class='ocrx_word' id='word_1_852' title='bbox 3058 5356 3479 5430; x_wconf 85' lang='lat' dir='ltr'>prophetarum)</span> 
     </span>
    </p>
   </div>
   <div class='ocr_carea' id='block_1_113' title="bbox 1892 5449 3483 5527">
    <p class='ocr_par' dir='ltr' id='par_1_113' title="bbox 1892 5449 3483 5527">
     <span class='ocr_line' id='line_1_113' title="bbox 1892 5449 3483 5527; baseline -0.011 -12"><span class='ocrx_word' id='word_1_853' title='bbox 1892 5464 2102 5515; x_wconf 83' lang='lat' dir='ltr'>ﬂuxum</span> <span class='ocrx_word' id='word_1_854' title='bbox 2135 5454 2425 5527; x_wconf 87' lang='lat' dir='ltr'>sanguinis</span> <span class='ocrx_word' id='word_1_855' title='bbox 2456 5452 2757 5518; x_wconf 87' lang='lat' dir='ltr'>sustinent,</span> <span class='ocrx_word' id='word_1_856' title='bbox 2792 5449 2925 5521; x_wconf 91' lang='lat' dir='ltr'>quia</span> <span class='ocrx_word' id='word_1_857' title='bbox 2967 5465 3094 5503; x_wconf 90' lang='lat' dir='ltr'>cum</span> <span class='ocrx_word' id='word_1_858' title='bbox 3126 5450 3483 5501; x_wconf 86' lang='lat' dir='ltr'>menstruum</span> 
     </span>
    </p>
   </div>
   <div class='ocr_carea' id='block_1_114' title="bbox 1892 5532 3479 5619">
    <p class='ocr_par' dir='ltr' id='par_1_114' title="bbox 1892 5532 3479 5619">
     <span class='ocr_line' id='line_1_114' title="bbox 1892 5532 3479 5619; baseline -0.011 -16"><span class='ocrx_word' id='word_1_859' title='bbox 1892 5556 2117 5619; x_wconf 86' lang='lat' dir='ltr'>tempus</span> <span class='ocrx_word' id='word_1_860' title='bbox 2143 5542 2448 5608; x_wconf 82' lang='lat' dir='ltr'>advenerit,</span> <span class='ocrx_word' id='word_1_861' title='bbox 2463 5540 2927 5613; x_wconf 89' lang='lat' dir='ltr'>superabundans</span> <span class='ocrx_word' id='word_1_862' title='bbox 2948 5536 3179 5606; x_wconf 80' lang='lat' dir='ltr'>sanguis</span> <span class='ocrx_word' id='word_1_863' title='bbox 3205 5532 3479 5619; x_wconf 80' lang='lat' dir='ltr'>egeritur.</span> 
     </span>
    </p>
   </div>
   <div class='ocr_carea' id='block_1_115' title="bbox 204 5618 3489 5722">
    <p class='ocr_par' dir='ltr' id='par_1_115' title="bbox 204 5618 3489 5722">
     <span class='ocr_line' id='line_1_115' title="bbox 204 5618 3489 5722; baseline -0.01 -15"><span class='ocrx_word' id='word_1_864' title='bbox 204 5650 453 5719; x_wconf 77' lang='lat' dir='ltr'>uicaria,</span> <span class='ocrx_word' id='word_1_865' title='bbox 486 5664 610 5722; x_wconf 65' lang='lat' dir='ltr'>quae</span> <span class='ocrx_word' id='word_1_866' title='bbox 643 5618 812 5702; x_wconf 73' lang='lat' dir='ltr'>etiam</span> <span class='ocrx_word' id='word_1_867' title='bbox 836 5645 938 5701; x_wconf 88' lang='lat' dir='ltr'>Dei</span> <span class='ocrx_word' id='word_1_868' title='bbox 964 5661 1152 5699; x_wconf 88' lang='lat' dir='ltr'>servos</span> <span class='ocrx_word' id='word_1_869' title='bbox 1182 5644 1437 5717; x_wconf 83' lang='lat' dir='ltr'>insecuta</span> <span class='ocrx_word' id='word_1_870' title='bbox 1466 5646 1567 5696; x_wconf 90' lang='lat' dir='ltr'>est.</span> <span class='ocrx_word' id='word_1_871' title='bbox 1603 5641 1811 5696; x_wconf 86' lang='lat' dir='ltr'>Verum</span> <span class='ocrx_word' id='word_1_872' title='bbox 1897 5636 2200 5708; x_wconf 81' lang='lat' dir='ltr'>Sanguinis</span> <span class='ocrx_word' id='word_1_873' title='bbox 2221 5639 2409 5691; x_wconf 85' lang='lat' dir='ltr'>autem</span> <span class='ocrx_word' id='word_1_874' title='bbox 2434 5632 2660 5689; x_wconf 87' lang='lat' dir='ltr'>nomine</span> <span class='ocrx_word' id='word_1_875' title='bbox 2685 5634 2917 5705; x_wconf 87' lang='lat' dir='ltr'>peccata</span> <span class='ocrx_word' id='word_1_876' title='bbox 2931 5626 3317 5697; x_wconf 87' lang='lat' dir='ltr'>designantur;</span> <span class='ocrx_word' id='word_1_877' title='bbox 3338 5618 3489 5681; x_wconf 86' lang='lat' dir='ltr'>unde</span> 
     </span>
    </p>
   </div>
  </div>
