3992 6166
557 276 671 332 979
986 273 1363 339 HAYMONIS
1400 270 1889 328 HALBERSTAT.
1931 267 2153 325 EPISC.
2197 261 2356 318 OPP.
2396 257 2583 315 PARS
2620 258 2665 313 Ι.
2708 290 2772 302 --
2808 258 3184 315 COMMENT.
3223 261 3404 315 BIBL.
3677 261 3767 317 980

565 400 742 456 David
793 400 929 454 dicit
976 417 991 451 ε
1044 399 1235 453 Libera
1288 413 1375 451 me
1430 398 1495 451 de
1566 400 1954 466 sangm'nibus,
2015 398 2486 479 DmtsAprobam,
2520 403 2677 474 quasi
2704 417 2768 457 ex
2797 402 3011 465 occulto
3043 404 3477 476 impaenitentem
3506 402 3770 475 redarguit,

568 492 799 557 (βίαια.
821 493 894 554 Li,
914 486 971 541 id
990 494 1075 541 est
1097 503 1129 541 ι
1147 493 1375 557 peccato
1396 486 1657 542 adulterii
1680 492 1740 543 et
1758 488 2144 542 homicidiiﬂi

2242 512 2408 567 quam
2437 508 2606 564 supra
2637 498 2830 563 aperte
2850 493 3247 564 increpaverat.
3270 492 3388 547 Hoc
3412 500 3588 545 autem
3604 491 3771 546 idcirco

568 578 718 641 dtur
744 578 935 648 itaque
954 576 1177 635 imbre!
1196 575 1492 646 minis
1516 577 1721 642 ﬂuxus,
1740 577 1877 647 quia
1904 577 2162 631 ridelicet
2241 601 2313 638 ne
2341 599 2471 655 pars
2494 582 2850 653 speciei,quae
2881 582 3036 653 prius
3063 582 3122 636 in
3150 583 3355 636 sanctis
3376 581 3773 653 praedicam-ibus

566 666 795 752 reprobi
822 666 1028 729 malam
1050 666 1593 737 γοὶιιηιβίειηῃιωω
1625 666 1781 737 prius
1814 666 2158 737 conﬁciunt.
2244 680 2484 740 constat,
2507 673 2588 726 illi
2614 688 2738 743 qum
2754 673 2812 727 in
2832 672 3084 743 reprobis
3099 672 3496 734 est,\'ideretnr
3512 671 3772 741 conjuncta.

567 773 700 830 θωοᾷ
715 761 776 819 let
798 762 1024 832 ιεφριιε
1054 755 1268 823 venerit
1304 755 1694 827 perpetranda
1727 754 2061 825 iniquitatis.
2092 755 2160 811 ad
2245 765 2311 818 In
2342 761 2619 834 perversis
2641 762 2834 831 itaque
2854 760 3185 815 doctoribus
3204 776 3352 815 unus
3379 759 3625 829 idemque
3650 774 3777 829 ange-

563 847 828 909 εαςοωω
852 846 1168 927 perducunt
1185 846 1547 917 operationis.
1574 846 1833 914 Dumque
1850 862 1993 916 opus
2014 843 2164 913 deti-
2242 853 2355 917 lus,
2386 856 2444 905 et
2471 864 2574 921 pro
2600 856 2765 906 reatu
2790 849 3200 904 taciturnitatis
3228 854 3423 920 aperte
3445 847 3714 918 corripitur
3732 848 3775 901 in

571 935 779 1011 derata:
809 935 1108 1009 voluptatis
1136 935 1207 999 ad
1238 934 1495 997 effectum
1532 934 1877 1005 perducitur,
1911 935 1977 988 ﬁt
2007 951 2166 993 mens
2248 940 2631 1012 specie,etpro
2650 939 2854 993 mentis
2870 937 3236 992 obduratione
3250 938 3459 992 occulte
3478 937 3779 1006 redarguitur

571 1024 956 1083 vehementius
983 1023 1148 1097 anxia
1182 1040 1347 1095 quam
1380 1023 1583 1095 fuerat.
1623 1029 1682 1079 Bt
1710 1029 1881 1093 auget
1910 1024 1969 1087 in
2001 1023 2167 1085 Corde
2249 1031 2308 1087 in
2334 1046 2563 1101 genere.
2611 1032 2675 1092 In
2707 1029 2916 1083 sanctis
2944 1044 3077 1083 vero
3105 1044 3211 1084 nec
3232 1032 3431 1099 apute
3450 1026 3718 1096 continuu-
3737 1025 3778 1077 in

572 1113 829 1167 ﬂammas
848 1111 1117 1172 libidinis,
1140 1116 1429 1185 totamque
1449 1128 1508 1165 se
1530 1112 1586 1165 in
1609 1112 1889 1187 voluptate
1918 1111 2167 1183 corporis
2248 1121 2452 1191 opocie,
2476 1136 2578 1183 nec
2598 1120 2923 1189 increpatur
2945 1119 3161 1177 occulte
3180 1118 3238 1175 in
3262 1132 3489 1187 genere.
3507 1116 3566 1181 In
3592 1131 3652 1169 eo
3668 1114 3780 1168 enim

571 1199 785 1270 dejicit,
820 1201 1031 1279 sicque.
1061 1205 1125 1253 ut
1152 1202 1233 1255 ita
1253 1200 1511 1266 dixerim,
1532 1206 1690 1254 totus
1720 1200 1925 1253 humor
1955 1200 2168 1271 pariter
2252 1209 2397 1282 quod
2410 1209 2603 1264 divina
2624 1225 2721 1265 eo;
2744 1208 2852 1271 ait;
2882 1206 3073 1269 Habpo
3092 1207 3433 1265 advel-gusto
3450 1204 3588 1275 quod
3605 1203 3784 1273 pernit-

568 1287 846 1371 liqueseit.
883 1291 951 1343 Et
980 1290 1070 1342 hic
1088 1294 1169 1343 est
1191 1290 1336 1362 quod
1359 1288 1576 1343 Jezabel
1594 1290 1774 1342 ﬂu’ens
1794 1287 2169 1352 dicitur.Quia
2252 1299 2325 1352 tis
2344 1297 2562 1352 Jezabe]
2596 1314 2717 1368 quas
2745 1314 2804 1350 se
2826 1296 2960 1349 dicit
2991 1296 3293 1367 prophetas
3318 1295 3598 1359 dooere,et
3616 1292 3785 1351 seducit
3865 1306 3871 1317 ·

564 1393 701 1433 ἠδτ-ο
716 1395 856 1461 opus
871 1378 1081 1432 malum
1096 1379 1151 1431 ir.
1168 1376 1625 1432 consuetudinem
1644 1378 1904 1449 peccandi
1922 1382 2140 1432 vertunt

2252 1404 2439 1441 servos
2464 1403 2637 1449 meos.
2656 1385 2996 1457 torpentium
3020 1385 3091 1438 ab
3115 1383 3500 1448 exhortatione
3520 1381 3783 1459 praedicato-

577 1467 731 1522 unde
768 1474 827 1521 et
853 1467 1063 1538 absque
1118 1468 1236 1520 ulla
1265 1467 1579 1521 reverentia
1628 1466 1946 1542 opinionem
1995 1466 2063 1519 de
2109 1483 2153 1519 se

2249 1493 2375 1531 rum
2399 1475 2699 1529 innotescit
2711 1474 3011 1543 silentium.
3039 1473 3102 1535 In
3126 1489 3190 1527 eo
3210 1489 3342 1541 vero
3364 1470 3509 1545 quod
3529 1469 3782 1540 subjungit'

570 1556 859 1611 emittunt.
886 1557 1036 1610 Bene
1054 1557 1251 1610 eadem
1266 1555 1483 1609 Iezabel
1498 1556 1916 1626 Sterquilinium
1936 1555 2162 1620 dicitur.
2250 1571 2299 1619 et
2322 1567 2448 1619 dedi
2470 1567 2561 1618 illi
2584 1571 2791 1634 tempus
2812 1568 2871 1616 ut
2893 1566 3271 1633 ρωηίεεηιίαηι
3303 1550 3504 1627 ageret,
3518 1566 3561 1621 et
3583 1576 3675 1611 non
3694 1562 3784 1613 ruit

574 1645 707 1717 quia
727 1644 983 1699 videlicet
1009 1660 1075 1699 ex
1104 1645 1242 1714 ipsis
1272 1650 1608 1715 perpetrata:
1636 1644 1869 1698 luxuria:
1900 1644 2167 1714 inquina-
2185 1717 2223 1723 _
2249 1656 2505 1722 pinigero
2534 1669 2568 1705 a
2596 1654 2965 1723 fornicatione
2981 1666 3102 1717 sua,
3122 1666 3155 1702 a
3175 1648 3363 1720 specie
3383 1648 3450 1703 ad
3468 1652 3790 1721 geuustmm.

572 1735 779 1789 mentis
798 1736 962 1804 longe
987 1735 1206 1805 lateque
1238 1734 1398 1788 malm
1427 1734 1705 1805 opinionis
1720 1734 1973 1787 faetorem
2008 1734 2076 1787 de
2108 1717 2391 1817 seBions,
2432 1746 2490 1795 et
2516 1717 2741 1812 specien
2771 1745 2828 1793 et
2852 1755 3030 1811 genus
3061 1717 3232 1801 simul
3279 1735 3389 1791 sub
3448 1717 3555 1805 uno
3596 1751 3792 1806 compre-

568 1824 835 1888 reddunt,
864 1824 1015 1877 unde
1044 1840 1145 1894 per
1173 1822 1509 1893 Prophetam
1532 1822 1738 1876 dicitur
1767 1836 1779 1871 :
1814 1823 2171 1890 Computrue-
2249 1830 2465 1884 hendit,

567 1916 976 1981 anjumenld
996 1916 1057 1965 τή
1079 1918 1310 1965 Stercore
1330 1912 1592 1974 δυσί-7081·
1622 1914 1684 1979 ῐ)·
1738 1912 2002 1964 -Ῐιιῐηθηω
2033 1926 2168 1979 ergo
2326 1900 2449 1973 Ecce
2478 1935 2623 1990 pono
2644 1935 2764 1971 eam
2797 1921 2859 1971 in
2889 1920 3038 1986 lecto,
3062 1923 3108 1971 ct
3139 1918 3596 1991 quimachantur
3621 1930 3724 1975 cum
3747 1930 3788 1967 eo

572 2002 633 2056 ίη
649 2007 898 2056 Stercore
921 2006 1243 2072 Ρυιΐθεοθτέ
1264 2008 1366 2063 est.
1392 2006 1458 2054 υῐ
1472 2000 1609 2054 (“Cit
1621 2000 1820 2055 beatus
1836 2000 2166 2070 Gregorius,
2252 2010 2316 2063 in
2349 2010 2710 2061 tribulatione
2734 2009 2981 2061 maxima
3001 2013 3188 2073 erunt,
3202 2009 3319 2073 nisi
3332 2008 3687 2074 penitentiam
3705 2019 3794 2070 ege-

570 2090 921 2144 luxun'osum
937 2091 1248 2161 quemlibet
1268 2090 1329 2144 in
1349 2106 1506 2143 (ια’ηο
1522 2090 1769 2143 libidinis
1787 2089 2133 2143 Vitamﬂnil‘c
2148 2133 2160 2145 .
2252 2100 2373 2151 rint
2389 2098 2456 2149 ab
2472 2098 2725 2171 operibus
2746 2098 2880 2161 suis,
2901 2101 2948 2148 et
2967 2097 3109 2163 ﬁlios
3132 2098 3249 2165 ejus
3275 2097 3599 2161 interﬁciant
3618 2096 3796 2147 inmor-

567 2178 803 2233 ‘l‘alibus
831 2177 1037 2249 quippe
1082 2179 1344 2249 congruit
1396 2178 1537 2232 illud
1589 2179 1901 2232 Psalmistze
1936 2198 1947 2231 :
2000 2180 2171 2233 llomo
2256 2191 2379 2241 tem.
2403 2184 2561 2250 Quod
2578 2190 2665 2238 est
2683 2183 2928 2247 Iezabel,
2948 2184 3051 2238 hoc
3080 2189 3211 2238 sunt
3233 2183 3332 2260 qui
3357 2181 3795 2243 mechanlurwm

576 2282 705 2320 eum
733 2271 797 2320 in
827 2270 1029 2322 honore
1057 2273 1187 2321 esset
1234 2284 1346 2321 non
1375 2270 1666 2334 intellexit,
1716 2272 2067 2336 comparatus
2096 2271 2169 2320 est
2254 2290 2340 2341 ea,
2359 2275 2463 2328 hoc
2493 2274 2662 2328 etiam
2694 2273 2795 2326 ﬁlii
2826 2274 2949 2345 ejus
2976 2289 3043 2328 ex
3072 2270 3444 2327 fornicatione
3475 2267 3796 2341 procreatj,id

567 2359 842 2423 jumentts
886 2358 1299 2432 insipientibus,
1358 2362 1406 2409 et
1457 2359 1660 2409 similis
1711 2358 1891 2424 factus
1934 2362 2007 2408 est
2056 2357 2172 2408 illis
2255 2370 2340 2417 est
2362 2380 2532 2416 unum
2565 2379 2767 2433 corpus
2798 2360 3169 2420 sutanm,sed
3198 2360 3333 2432 quia
3361 2358 3574 2433 reprobi
3598 2355 3798 2429 reprobis

582 2446 751 2515 (Psal.
785 2448 996 2502 xnvnn.
1024 2445 1213 2499 Tertio
1255 2461 1475 2515 quoque
1514 2444 1900 2498 fornicationis
1941 2460 2167 2513 genere,
2253 2450 2863 2517 succedunt,dividitur
2887 2467 3067 2523 genus
3096 2450 3152 2509 in
3183 2450 3422 2527 species,
3443 2454 3506 2517 ut
3525 2446 3799 2515 ostendatur

576 2534 742 2588 multi
768 2535 886 2588 hac
901 2538 1178 2588 sectantes
1208 2534 1392 2588 solent
1411 2534 1603 2588 fideles
1625 2533 1899 2604 decipere,
1923 2533 2055 2586 dum
2079 2550 2174 2587 eos
2256 2540 2459 2612 quibus
2491 2539 2841 2599 successibus
2887 2544 3069 2599 totum
3108 2555 3310 2613 corpus
3340 2536 3550 2592 diaboli
3574 2535 3796 2609 proﬁciat,

580 2623 824 2678 invitant
851 2639 951 2694 pro
982 2622 1317 2694 quibusdam
1347 2622 1794 2693 mgritudinibus,
1818 2640 1919 2694 pro
1941 2622 2156 2694 quibus-

2259 2629 2461 2701 quibus
2482 2630 2846 2691 incrementis
2868 2629 3165 2699 coalescat.
3191 2626 3507 2691 Perfectum
3531 2632 3697 2681 autem
3714 2638 3797 2700 quo

578 2712 711 2767 dam
732 2728 921 2767 rerum
944 2711 1233 2767 eventibus
1253 2712 1324 2766 ad
1343 2711 1590 2776 arbores.
1616 2710 1686 2765 ad
1708 2712 1907 2775 fontes,
1944 2718 2175 2766 Cmtel‘a-
2260 2716 2479 2773 Iezabel
2501 2735 2627 2772 cum
2655 2717 2772 2773 suis
2797 2716 3056 2771 omnibus
3076 2715 3322 2789 ponitur,
3349 2710 3806 2785 intelligiturauda-

578 2819 692 2874 que
708 2801 1052 2883 hujusmodi,
1067 2802 1315 2855 dicentes
1338 2801 1466 2872 quia
1490 2802 1595 2855 hoc
1615 2800 1832 2871 agendo
1853 2803 1967 2855 tale
1989 2807 2046 2855 et
2063 2801 2176 2854 tale
2262 2806 2349 2860 cia
2371 2813 2428 2860 et
2447 2806 2716 2869 securitas
2740 2805 3021 2877 peccandi.
3055 2805 3291 2873 Ponitur
3311 2811 3503 2864 autem
3524 2803 3712 2871 iniecto
3726 2799 3805 2865 ista

580 2892 735 2947 evasi
763 2891 1095 2963 periculum.
1122 2890 1407 2961 talemque
1428 2896 1761 2945 Consecutus
1789 2907 1914 2944 sum
1949 2907 2178 2962 prospe-
2260 2896 2593 2961 universalis
2624 2895 2905 2957 meretrix,
2931 2911 3045 2948 non
3074 2901 3139 2948 ut
3166 2894 3442 2965 quiescat,
3473 2892 3563 2946 sed
3598 2898 3653 2944 ut
3685 2889 3803 2943 febre

582 2982 831 3059 ήωιεω,
864 2981 1111 3051 dumque
1139 2980 1255 3035 hinc
1279 2985 1474 3050 agunt.
1510 2978 1669 3049 quasi
1716 2978 1785 3033 ad
1828 2973 2180 3050 Spiﬁtualem
2265 2986 2609 3057 languescat,
2636 2989 2699 3038 ut
2731 2980 3048 3055 phrenesim
3071 2977 3806 3054 sustineat,quatenuseajam

582 3070 1011 3125 fornicationem
1059 3069 1156 3124 Dei
1209 3086 1396 3123 servos
1426 3067 1680 3143 invitant.
1721 3069 1826 3124 Sed
1860 3074 1917 3123 et
1968 3068 2026 3122 in
2074 3070 2437 3139 aliaCdicat,
2470 3073 2557 3127 vel
2585 3076 2734 3147 agat,
2778 3088 2902 3142 quae
2944 3070 3041 3124 alii
3081 3070 3277 3137 audire
3324 3070 3664 3129 erubescant.
3690 3066 3809 3135 Saepe

585 3158 973 3213 fornicationis
1002 3160 1184 3228 specie
1221 3156 1444 3229 reprobi
1480 3158 1687 3212 multos
1716 3157 2023 3228 decipiunt,
2047 3157 2180 3211 dum
2236 3162 2416 3216 enim
2432 3162 2587 3233 justo
2616 3160 2716 3214 Dei
2736 3159 2947 3233 judicio
2970 3164 3197 3231 propter
3216 3166 3448 3230 peccata
3471 3156 3722 3237 praeterita
3737 3152 3810 3205 ho-

588 3246 865 3317 perversis
909 3246 1263 3300 suasionibus
1306 3246 1576 3317 quosdam
1610 3245 1679 3299 ab
1727 3263 1918 3299 amore
1970 3247 2068 3300 Dei
2101 3263 2185 3299 re-
2264 3250 2444 3307 mines
2463 3249 2534 3303 ad
2559 3249 2773 3319 majora
2794 3243 3809 3323 ruunttacinora,dumquesinetimore

590 3335 845 3399 trahunt,
878 3340 934 3388 et
961 3333 1255 3388 desideriis
1283 3335 1521 3389 terrenis
1568 3335 1774 3388 servire
1818 3335 2179 3405 compellunt,
2266 3338 2533 3405 audacter
2562 3335 2980 3407 peccant,quasi
3010 3336 3068 3389 in
3097 3335 3261 3402 lecto,
3284 3335 3344 3401 id
3369 3342 3477 3399 est,
3509 3334 3564 3391 in
3591 3327 3803 3403 peccandi

588 3424 829 3495 ideoque
844 3439 923 3478 vae
946 3423 1055 3477 illis
1087 3423 1181 3493 qui
1211 3424 1377 3477 toties
1397 3423 1765 3489 fornicantur,
1796 3420 2019 3493 quoties
2060 3422 2184 3494 plus
2268 3425 2567 3479 securitate
2588 3424 2881 3499 quiescunt
2934 3424 2997 3479 In
3023 3439 3134 3495 qua
3163 3423 3472 3477 securitate
3494 3422 3631 3476 Deus
3644 3434 3809 3499 eospo-

590 3518 821 3568 terrena
860 3529 1029 3581 quam
1069 3513 1317 3567 coelestia
1356 3517 1645 3583 appetunt,
1702 3512 1827 3584 plus
1869 3518 2185 3566 creaturam
2267 3530 2402 3568 nere
2430 3512 2791 3593 dicitur,quia
2813 3513 2969 3584 justo
2994 3510 3206 3582 judicio
3227 3512 3573 3587 permittitur
3591 3515 3646 3563 ut
3663 3507 3723 3561 ibi
3741 3521 3811 3587 po-

597 3618 765 3674 quam
788 3603 1111 3657 Creatorem
1140 3601 1401 3672 diligunt.
2268 3609 2509 3673 nantur;
2558 3602 2670 3658 tale
2703 3606 2875 3657 estet
2920 3600 3098 3657 illud:
3136 3601 3439 3654 lndurarit
3484 3601 3719 3654 Dominus
3743 3608 3811 3647 σω*

665 3693 731 3747 Et
752 3694 876 3746 dedi
903 3695 996 3746 illi
1024 3697 1234 3756 tempus
1266 3696 1325 3744 ut
1347 3694 1723 3759 paenitentiam
1760 3696 1960 3758 ageret,
1996 3696 2043 3744 et
2076 3706 2188 3744 non
2268 3693 2578 3746 Pharaonis
2611 3690 2892 3759 (E.rod.x),
2922 3690 2977 3742 id
3009 3694 3095 3743 est
3114 3705 3227 3749 non
3251 3689 3540 3743 emollivit.
3573 3687 3652 3742 Sic
3679 3682 3806 3746 cthic

595 3779 1644 3855 vultpwniterca/brm'cationesua.De
1663 3779 1871 3833 talibus
1890 3779 1993 3834 Job
2014 3779 2182 3833 dicit:
2270 3780 2475 3839 dicitur
2506 3796 2519 3833 :
2571 3779 2722 3833 Pone
2774 3795 2898 3833 eam
2922 3777 2979 3831 in
3011 3778 3173 3844 lecto,
3206 3778 3264 3831 id
3307 3783 3398 3832 est
3424 3794 3535 3832 non
3578 3771 3807 3830 retraham

595 3870 752 3925 Dedit
783 3871 875 3923 illi
903 3870 1040 3923 Deus
1072 3870 1250 3922 locum
1296 3870 1647 3938 ptrnitcntia’,
1689 3874 1737 3921 ct
1792 3871 1888 3921 tlte
1932 3870 2191 3921 abutitur
2272 3869 2446 3941 illam,
2470 3868 2567 3922 sed
2599 3867 2943 3951 permittam,
2965 3872 3193 3943 propter
3212 3873 3504 3925 transacta
3531 3869 3742 3943 peccata.
3765 3857 3811 3919 Ῑί·

597 3974 655 4013 eo
684 3960 748 4011 in
788 3958 1103 4026 superbiam
1149 3958 1269 4037 {Job
1322 3961 1486 4023 xxxv).
1522 3955 1788 4028 Quisquis
1835 3957 1983 4010 enim
2015 3955 2191 4009 delin-
2270 3954 2403 4010 bere
2420 3961 2476 4009 et
2502 3956 2620 4017 sine
2647 3955 2848 4009 timore
2876 3970 3123 4035 peccare,
3142 3960 3199 4007 et
3227 3954 3323 4024 qui
3362 3953 3696 4008 maechantur
3716 3960 3809 4037 curn

597 4047 737 4118 quit,
759 4050 817 4101 et
838 4044 1128 4100 vivit.ldeo
1148 4032 1298 4099 hunc
1311 4044 1498 4099 divina
1519 4045 1697 4116 pietas
1717 4045 1911 4115 iniqua
1929 4051 2190 4117 agentern
2273 4063 2358 4110 ea,
2388 4045 2442 4098 id
2475 4050 2560 4105 est
2586 4060 2713 4098 cum
2740 4032 2961 4114 seipSis,
3008 4042 3141 4125 quia
3169 4043 3559 4113 supradictum
3600 4045 3676 4094 est
3699 4032 3810 4108 quod

594 4138 821 4202 tolerat,
850 4140 915 4189 ut
959 4133 1029 4189 ab
1073 4134 1371 4205 iniquitate
1400 4134 1712 4205 resipiscat.
1759 4133 1919 4188 Unde
1968 4140 2025 4188 et
2060 4134 2191 4187 talis
2273 4140 2359 4190 est
2389 4133 2674 4187 meretrix.
2709 4134 2826 4186 Hoc
2847 4137 2981 4189 sunt
3009 4131 3090 4191 illi
3115 4132 3212 4204 qui
3241 4148 3370 4187 cum
3398 4149 3467 4187 ea
3496 4130 3807 4189 fornicamur,

599 4241 709 4297 quo
729 4224 971 4295 amplius
1004 4229 1376 4293 exspectatur,
1427 4228 1483 4277 et
1512 4239 1624 4276 non
1654 4223 1774 4277 vult
1797 4222 2090 4294 poenitere,
2124 4239 2187 4277 eo
2274 4223 2334 4276 in
2378 4221 2740 4280 tribulatione
2765 4221 3011 4274 maxima
3038 4226 3223 4285 erunt,
3254 4220 3360 4274 hoc
3387 4229 3476 4275 est
3505 4221 3559 4275 in
3597 4227 3813 4287 augmen-

600 4294 810 4367 sirctius
828 4294 1029 4365 reatus
1066 4310 1153 4364 sui
1180 4310 1414 4364 vinculis
1454 4308 1813 4382 astringetur,
1849 4318 1905 4366 et
1926 4312 2079 4381 justo
2103 4312 2254 4385 ju-n
2275 4318 2392 4378 tum
2416 4317 2904 4385 peccatorum,per
2925 4308 3071 4381 quod
3094 4310 3311 4364 venturi
3327 4316 3464 4367 sunt
3483 4309 3549 4365 ad
3567 4294 3831 4361 maximam‘

600 4355 810 4367 ...νυ-..ν
840 4355 1028 4365 um..-
1066 4355 1153 4364 ..υ--
1192 4355 1414 4364 αυτ-.-.ν
1454 4355 1813 4382 ...ρ--..Ὅν--υ,
1850 4355 2076 4381 ηομ-ην
2103 4355 2165 4381 ,,..
2278 4355 2392 4378 πυτ.
2416 4355 2891 4385 τννυ..,ν......,ι.ν.
2926 4355 3071 4381 η-ν..
3103 4355 3694 4367 -ν---κ.-ν....-....------

598 4400 744 4479 dicio
768 4398 1047 4473 punietur.
1067 4398 1225 4453 Unde
1243 4405 1362 4452 est:
1391 4398 1531 4453 Puer
1550 4407 1764 4454 centum
1780 4416 2065 4453 annorum
2080 4355 2254 4452 mo-D
2272 4399 2692 4463 tribulationem
2734 4392 3021 4473 gehennae.
3056 4398 3228 4475 Quasi
3258 4399 3408 4461 enim
3457 4397 3690 4473 quaedam
3714 4394 3813 4445 sunt

598 4490 799 4549 rtetur,
822 4493 871 4543 et
898 4493 1144 4561 peccator
1168 4494 1386 4542 centum
1407 4505 1691 4543 annorum
1731 4492 2055 4543 maledictus
2084 4492 2192 4542 erit
2273 4495 2626 4560 peccatorum
2653 4487 2945 4559 supplicia,
2977 4488 3100 4559 ipsa
3122 4487 3387 4551 vitiorum
3418 4487 3749 4543 incrementa,
3772 4484 3812 4530 ei

600 4582 728 4653 Usa.
756 4578 902 4647 va).
942 4577 1049 4632 Sed
1082 4577 1445 4649 quaerendum
1476 4576 1636 4632 nobis
1666 4584 1768 4641 cst,
1804 4595 1929 4632 cum
1960 4576 2018 4631 in
2050 4595 2192 4648 prac-
2274 4578 2380 4631 hoc
2406 4579 2504 4632 fiet
2530 4578 2638 4631 nisi
2676 4577 3065 4649 paenitentiam
3098 4576 3319 4647 egerint
3335 4576 3407 4630 ab
3438 4575 3683 4648 operibus
3706 4569 3811 4623 suis.

598 4668 819 4723 cedenti
838 4667 1110 4722 versiculo
1129 4667 1434 4737 negligenti
1453 4667 1804 4738 praedicatorl
1826 4672 1993 4744 atque
2010 4666 2080 4720 ab
2096 4654 2191 4720 ‘ex-
2275 4667 2419 4721 Dum
2448 4667 2596 4721 enim
2631 4672 2952 4738 peccatores
2970 4665 3198 4736 quidam
3222 4666 3292 4720 de
3322 4664 3651 4737 perpetratis
3670 4656 3813 4714 crimi-

595 4756 916 4827 hortatione
945 4756 1192 4828 torpenti
1222 4756 1435 4810 dictum
1456 4756 1529 4809 sit
1555 4774 1568 4810 :
1603 4754 1793 4809 Habeo
1825 4755 2095 4809 adversus
2135 4758 2190 4809 te
2272 4758 2436 4812 nibus
2452 4756 2650 4810 nolunt
2669 4771 2835 4826 agere
2855 4753 3261 4826 pmnitentiam,
3285 4756 3350 4809 ﬁt
3378 4761 3444 4809 ut
3473 4754 3542 4809 ad
3570 4752 3669 4806 alia
3685 4750 3815 4802 ruant

597 4846 747 4923 quod
772 4844 1053 4918 permittis
1076 4846 1368 4899 mulierem
1389 4843 1628 4910 Iezabel,
1665 4860 1787 4914 qua:
1818 4860 1877 4897 se
1908 4843 2041 4897 dicit
2067 4860 2191 4915 pro-
2273 4846 2441 4900 etiam
2469 4845 2704 4900 crimina
2730 4844 3005 4915 graviora.
3024 4843 3184 4898 Unde
3205 4843 3415 4897 Paulus
3435 4844 3505 4897 de
3535 4835 3814 4923 quibusdam

596 4927 794 5006 phetas
827 4936 1048 5005 docere.
1070 4941 1127 4988 et
1141 4933 1357 4989 seducit
1376 4949 1564 4987 servos
1596 4949 1768 5000 meos,
1786 4948 1886 4986 cur
1914 4949 2023 4986 non
2055 4933 2188 4987 sub-
2274 4936 2454 4989 Deum
2485 4932 2950 5004 cognoscentibus
2980 4938 3037 4987 et
3075 4947 3185 4986 non
3216 4929 3652 5002 gloriﬁcantibus
3675 4922 3812 4979 dicit:

593 5020 873 5104 jungitur,
930 5024 1058 5077 dedi
1087 5023 1188 5077 tibi
1214 5027 1271 5077 et
1300 5022 1403 5089 illi,
1450 5028 1551 5076 aut
1578 5026 1727 5075 certe
1760 5021 1863 5076 sub
1896 5038 2027 5087 uno,
2062 5022 2188 5077 dedi
2269 5024 2497 5091 Propter
2519 5022 2662 5090 quod
2677 5023 2910 5075 tradidit
2923 5024 3049 5075 illos
3070 5022 3209 5075 Deus
3232 5023 3293 5074 in
3310 5021 3597 5089 reprobum
3618 5025 3811 5104 sensum.

598 5100 751 5165 vobis
778 5118 842 5179 ut
868 5112 1255 5183 paenitentiam
1279 5110 1521 5182 ageretis
1545 5110 1570 5164 ‘l
1599 5110 1684 5165 Ad
1717 5112 1865 5185 quod
1887 5110 2185 5166 dicendum
2269 5118 2331 5166 ut
2361 5114 2575 5179 faciant
2596 5127 2714 5179 qua:
2744 5127 2853 5164 non
2865 5109 3464 5180 eonvenfunt(Rom.n.
3487 5109 3556 5162 Et
3570 5105 3697 5160 ﬁlios
3721 5100 3814 5169 ejus

598 5205 684 5254 est
709 5199 841 5341 quia
869 5194 927 5253 in
954 5201 1153 5269 angelo
1195 5184 1359 5254 omne
1398 5216 1598 5270 corpus
1636 5184 1893 5255 Ecclesiae
1934 5216 2189 5279 compre-
2268 5201 2582 5254 imitatbres
2612 5199 2763 5252 illius
2784 5198 3119 5253 interilciam
3149 5198 3209 5252 in
3248 5204 3510 5251 mortem.
3557 5195 3671 5249 Non
3697 5188 3813 5243 enim

598 5288 708 5341 hen
752 5289 881 5341 itur.
918 5294 975 5341 et
995 5287 1217 5341 quando
1245 5289 1364 5341 inse
1393 5288 1731 5341 inoreuatur.
1768 5288 1839 5341 ad
1880 5306 1975 5341 eos
2006 5289 2189 5341 incre-
2271 5289 2439 5341 istam
2488 5304 2843 5341 communem
2872 5287 2961 5341 hic
3003 5292 3241 5341 mortem
3280 5285 3547 5340 debemus
3586 5279 3812 5341 accipere.

596 5279 881 5353 henditur,
918 5294 975 5342 et
995 5287 1217 5358 quando
1245 5289 1364 5360 ipse
1393 5288 1731 5359 inorepatur,
1768 5288 1839 5342 ad
1880 5306 1975 5343 eos
2006 5289 2189 5343 incre-
2271 5289 2439 5343 istam
2488 5304 2843 5343 communem
2872 5287 2961 5341 hic
3003 5292 3241 5341 mortem
3280 5285 3547 5340 debemus
3586 5279 3812 5349 accipere.

593 5377 749 5450 patio
777 5376 1142 5448 pertinet,qui
1173 5377 1256 5431 rei
1286 5383 1433 5431 sunt.
1447 5376 1690 5448 Ideoque
1720 5394 1753 5430 a
1782 5376 1961 5448 specie
1986 5378 2187 5448 praedi-
2273 5394 2384 5447 qua
2414 5377 2733 5431 moriuntur
2761 5382 2817 5430 et
2835 5376 2995 5446 justi,
3017 5376 3115 5429 sed
3144 5376 3295 5429 illam
3319 5391 3441 5446 quae
3467 5377 3594 5445 post
3620 5373 3813 5424 mortem

595 5473 849 5522 catorum
863 5467 1230 5538 quis'uperius
1246 5467 1466 5521 fuerant
1481 5466 1977 5537 reprehensi,redit
1997 5483 2181 5521 sermo
2270 5467 2518 5537 corporis
2535 5467 2790 5536 sequitur
2811 5466 3083 5532 animam,
3108 5465 3162 5518 id
3186 5470 3273 5519 est
3301 5462 3701 5518 damnationem
3716 5467 3814 5526 per-

593 5546 667 5623 ῥά
692 5556 1120 5641 generalitatem
1140 5554 1355 5641 populi,
1373 5560 1429 5609 et
1455 5554 1515 5609 in
1531 5554 1596 5610 e'o
1618 5561 1835 5627 partem
1866 5555 2071 5634 speciei
2090 5570 2180 5610 re-
2263 5555 2672 5627 petuam.Nam
2700 5560 2759 5609 et
2783 5570 2885 5626 per
2909 5554 3115 5609 lectum
3147 5569 3259 5625 quo
3287 5550 3510 5608 Jezabel
3534 5546 3673 5604 mitti
3689 5557 3813 5599 com-
