3992 6166
462 184 563 242 983

918 176 1297 237 HAYMONIS
1328 171 1818 230 HALBERSTAT.
1852 166 2079 224 EPISC.
2111 164 2271 221 OPP.
2305 163 2489 219 PARS
2519 163 2566 225 Ι,
2601 193 2666 204 -—
2700 158 3071 217 COMMENT.
3103 156 3283 214 BIBL.

3624 154 3723 214 984

458 312 643 364 miliat
673 307 1015 363 exaltabitur
1046 305 1192 366 (Luc.
1224 299 1354 369 xw).
1387 298 1530 352 Hinc
1550 313 1682 367 ergo
1703 294 1937 350 rationis
1966 308 2053 347 ac-
2068 294 2119 352 Α
2136 290 2193 344 id
2213 289 2382 356 est,in
2410 291 2519 345 ﬁde
2541 306 2665 344 mea
2686 284 3123 360 perseveraverit
3141 299 3319 354 usque
3339 282 3726 337 adterminum

457 403 616 470 cepto
642 395 897 456 consilio,
945 389 1284 447 humilitatis
1313 387 1572 442 semitam
1616 384 1912 456 arripiunt,
1948 398 2049 453 per

458 503 626 559 quam
658 486 727 540 ad
753 482 1099 539 celsitudinis
1128 479 1348 532 culmen
1370 474 2049 541 ascendant,quemadmo—

454 578 588 631 dum
611 572 1062 643 dicunt,quidam
1086 583 1097 617 :
1117 571 1238 623 Non
1250 582 1453 638 ponam
1465 579 1629 633 super
1648 580 1735 617 ros
1747 563 1907 616 aliud
1915 577 2049 629 ροηρ

456 664 771 728 dus,tamen
786 663 844 714 id
855 661 999 728 quod
1010 660 1411 724 habetis,tenete
1422 656 1589 707 donec
1601 650 1927 706 reniamDe
1943 649 2053 703 illis

456 751 561 805 hoc
585 751 810 811 dicitur,
844 748 940 818 qui
981 746 1161 800 inﬂati
1187 748 1383 799 contra
1411 742 1509 797 Dei
1539 741 1762 805 Filium,
1797 740 2051 794 altitudi-

457 856 587 893 nem
618 840 839 894 Satana
861 832 1614 907 cognoscentes,nitebantur
1636 846 1732 884 eos
1759 830 1854 900 qui
1879 829 2052 882 credi-

458 929 660 983 derant
703 927 760 981 in
815 926 1100 981 Christum
1158 940 1224 977 ex
1270 920 1532 990 gentibus
1579 920 1651 973 ad
1682 918 1885 972 veteris
1917 918 2057 987 legis

459 1017 820 1070 caremonias
848 1014 1097 1080 trahere,
1123 1012 1191 1065 de
1213 1009 1414 1081 quibus
1440 1009 1616 1063 Lucas
1637 1007 1773 1061 dicit
1788 1009 2054 1076 (Actxvl:

458 1104 601 1169 Quia
624 1106 854 1173 quidam
880 1101 1301 1155 descendentem
1326 1096 1801 1160 Judaa,docebant
1827 1097 2052 1161 fratres,

459 1196 592 1262 quia
604 1195 718 1245 nisi
729 1189 1220 1244 circumcidamini
1234 1186 1533 1239 secundum
1551 1182 1731 1253 legem
1744 1185 1800 1237 Μ
1800 1186 2057 1251 oysi,non

452 1278 674 1347 potestis
705 1274 843 1328 salvi
874 1273 1022 1327 ﬁeri.
1059 1272 1299 1341 Propter
1352 1267 1499 1338 quod
1557 1266 1728 1320 etiam
1780 1266 2059 1319 miserunt

462 1362 779 1419 Barnabam
804 1365 862 1415 et
881 1360 1116 1414 Paulum
1143 1358 1214 1411 ad
1244 1355 1525 1427 apostolos
1554 1353 1612 1407 in
1643 1354 2056 1415 Hierusalem,a

459 1451 664 1522 quibus
695 1456 753 1504 et
771 1449 1088 1503 didicerunt
1115 1462 1277 1518 posse
1298 1445 1557 1499 sufficere
1583 1442 1936 1512 gentibus,ut
1956 1442 2055 1495 ab-

461 1539 738 1593 stinerent
762 1554 823 1591 se
845 1536 917 1592 ab
947 1536 1258 1601 immolato,
1287 1540 1345 1588 et
1373 1532 1666 1602 sanguine,
1690 1537 1746 1586 et
1765 1532 2052 1596 suﬁocato,

2132 382 2275 446 vita,
2304 383 2440 435 dabo
2470 384 2561 434 illi
2582 384 2900 449 potestatem
2929 390 3093 443 super
3111 378 3310 441 gentes,
3338 378 3387 426 et
3428 378 3570 440 reget
3606 374 3728 424 illa:

2131 472 2193 524 in
2222 474 2278 523 ei
2284 486 2382 538 rga
2402 472 2607 537 ferrea,
2628 473 2676 521 et
2702 473 2972 534 tanquam
2992 479 3081 516 eos
3101 465 3264 529 ﬁguli
3280 463 3728 528 confringenlur,

2134 562 2276 613 sicut
2305 564 2353 612 et
2395 575 2486 626 ego
2511 560 2692 625 accepi
2710 573 2745 610 a
2788 559 2949 609 Patre
2978 569 3122 608 meo.
3163 550 3337 604 Filius
3366 550 3469 603 Dei
3493 555 3729 620 potesta-

2133 652 2249 701 tem
2279 648 2426 701 hanc
2446 663 2560 701 non
2590 662 2691 717 per
2718 642 3090 705 divinitatem,
3115 639 3246 710 quia
3269 638 3503 709 aqualis
3525 644 3610 691 est
3626 638 3726 691 Pa-

2132 734 2227 798 tri,
2262 750 2432 804 super
2460 738 2659 803 gentes
2687 731 2966 802 accepisse
2994 728 3306 783 credendus
3335 732 3439 791 est,
3487 727 3586 779 sed
3636 744 3729 796 per

2136 822 2509 877 humanitatis
2539 821 2799 886 formam,
2830 836 2942 890 qua
2987 817 3298 871 minoratus
3339 821 3429 870 est
3458 816 3632 868 etiam
3664 814 3728 867 ab

2139 912 2372 981 angelis.
2409 909 2728 965 Secundum
2760 923 2928 978 quam
2960 906 3020 959 in
3059 902 3357 973 Evangelio
3380 902 3520 957 dicit
3551 920 3562 955 :
3595 904 3727 956 Data

2139 1007 2215 1055 est
2239 1002 2387 1054 mihi
2415 1002 2594 1053 omnis
2614 1002 2848 1066 potestas
2879 999 2941 1048 in
2982 997 3106 1049 creto
3136 999 3183 1047 et
3223 996 3282 1046 in
3325 998 3477 1046 terra
3507 992 3716 1061 (Matth.

2137 1093 2332 1157 xvm);
2366 1088 2673 1142 secundum
2695 1101 2860 1157 quam
2893 1084 3063 1137 etiam
3092 1086 3327 1153 paterna
3342 1080 3413 1134 ad
3443 1096 3576 1134 eum
3596 1079 3720 1133 dici-

2136 1184 2233 1234 tur
2259 1194 2387 1232 voce
2411 1196 2423 1228 :
2457 1180 2678 1231 Postula
2697 1192 2732 1228 a
2762 1191 2865 1239 me,
2895 1179 2943 1226 et
2969 1173 3105 1225 dabo
3128 1173 3230 1224 tibi
3254 1176 3437 1237 gentes
3453 1170 3722 1223 heredita-

2141 1273 2244 1322 tem
2274 1274 2429 1321 tuam
2462 1268 2627 1331 (Psal.
2663 1272 2716 1324 nl
2730 1265 3023 1318 .Caterum
3037 1261 3107 1314 de
3120 1264 3397 1331 potestate
3419 1272 3589 1328 quam
3607 1273 3719 1310 cum

2138 1358 2306 1411 Patre
2334 1356 2507 1410 habet
2534 1358 2665 1408 ante
2689 1358 2966 1423 tempora,
3001 1348 3196 1405 Daniel
3222 1352 3469 1401 testatur
3505 1346 3719 1399 dicens:

2138 1448 2375 1500 Potestas
2420 1448 2539 1513 ejus
2594 1447 2827 1511 potestas
2876 1446 3101 1501 πίεν-για,
3150 1454 3267 1506 qua
3296 1452 3407 1488 non
3445 1437 3723 1501 auferetur

2141 1534 2300 1604 (Dan.
2331 1536 2452 1600 vn).
2484 1533 2642 1587 Illam
2664 1530 2838 1602 igitur
2857 1533 3191 1600 potestatem
3208 1541 3376 1596 quam
3402 1523 3462 1577 in
3485 1532 3724 1593 tempore

462 1633 520 1681 et
536 1626 925 1681 fornicatione.
958 1625 1213 1694 Cumque
1235 1622 1461 1693 quidam
1493 1621 1573 1675 eis
1594 1622 1663 1674 de
1685 1619 1948 1690 gentibus
1966 1620 2051 1674 di-
2073 1607 2119 1665 Β
2139 1622 2397 1677 Christus
2429 1623 2593 1675 homo
2632 1621 2811 1673 factus
2849 1617 3061 1688 accepit
3085 1632 3120 1669 a
3161 1616 3347 1680 Patre,
3378 1612 3576 1667 electis
3621 1606 3724 1665 suis

461 1721 673 1771 cerent:
695 1711 1305 1769 Nisicircumcidamini
1326 1710 1634 1764 secundum
1650 1711 1831 1779 legem
1847 1709 2051 1781 Moysi.

2138 1728 2198 1765 se
2226 1711 2361 1765 dare
2378 1710 2675 1781 promittit,
2704 1708 2803 1762 sed
2823 1707 2880 1761 in
2905 1723 2965 1760 se
2991 1722 3021 1758 a
3044 1721 3155 1776 quo
3175 1708 3357 1758 totum
3382 1702 3604 1771 regitur
3621 1717 3727 1754 cor-

462 1821 573 1859 non
603 1804 839 1875 potestis
867 1803 1005 1857 salvi
1055 1802 1198 1867 ﬁeri,
1257 1801 1340 1854 ait
1381 1801 1619 1854 Petrus:
1657 1800 1799 1865 Quid
1837 1802 2057 1852 tentatis
2142 1817 2261 1870 pus,
2288 1806 2345 1853 et
2373 1799 2462 1853 cui
2491 1804 2671 1853 totum
2723 1795 2981 1851 Ecclesia
3026 1794 3279 1847 adharet
3315 1808 3549 1862 corpus.
3597 1790 3725 1844 Cum

461 1898 741 1963 imponere
750 1896 956 1961 jugum
979 1892 1276 1945 cervicibus
1295 1888 1868 1957 diseiputorum,quod
1888 1904 2058 1955 neque
2139 1889 2289 1943 enim
2345 1889 2462 1959 ipse
2509 1889 2583 1942 sit
2635 1892 2802 1958 caput
2832 1886 3158 1946 electorum,
3205 1881 3367 1936 electi
3396 1896 3531 1934 vero
3570 1895 3729 1932 mem-

461 1996 742 2047 nosneque
756 1985 944 2047 patres
959 1981 1137 2032 nostri
1146 1982 1372 2045 portare
1388 1978 1671 2043 potuimus
1686 1975 2058 2046 ?(Act.xv.)De
2142 1977 2245 2031 bra
2275 1978 2445 2043 illius,
2479 1975 2625 2048 quod
2657 1976 2845 2047 ipsum
2876 1978 3044 2046 caput
3086 1971 3275 2035 habet,
3329 1970 3437 2024 hoc
3487 1967 3731 2022 membra

460 2069 571 2123 illis
597 2068 789 2139 itaque
822 2069 939 2122 hac
986 2066 1319 2129 dicentibus,
1351 2064 1441 2118 hic
1490 2064 1763 2118 Dominus
1801 2062 2060 2117 Ecclesia
2142 2066 2297 2121 illius
2322 2066 2676 2121 hareditario
2700 2066 2829 2135 jure
2873 2062 3159 2134 possidere
3187 2060 3468 2114 videntur.
3510 2058 3733 2112 Dicatur

461 2157 600 2212 dicit
631 2175 643 2210 :
677 2158 802 2210 Non
824 2172 1028 2226 ponam
1065 2171 1235 2225 super
1261 2170 1357 2207 vos
1386 2153 1539 2207 aliud
1568 2153 1809 2223 pondus,
1844 2153 1948 2206 hoc
1976 2156 2063 2206 est

462 2244 876 2300 observantiam
919 2242 1120 2297 veteris
1163 2241 1322 2311 legis,
1356 2241 1830 2311 quemadmodum
1868 2240 2064 2294 dicunt

463 2333 547 2386 illi
576 2333 672 2403 qui
697 2338 832 2386 sunt
859 2347 1156 2402 synagoga
1189 2332 1429 2396 Satana,
1463 2331 1560 2383 sed
1591 2330 1695 2384 sub
1715 2330 1821 2383 levi
1842 2331 2064 2384 sarcina

462 2437 560 2475 vos
589 2420 911 2491 permittam
943 2435 1190 2481 manere,
1228 2418 1465 2489 ideoque
1490 2418 1545 2471 id
1567 2419 1714 2489 quod
1736 2418 1953 2473 habetis
1973 2424 2062 2473 te-

463 2514 613 2573 nete,
647 2508 707 2563 id
737 2514 824 2563 est
851 2524 993 2563 onus
1025 2509 1142 2562 leve
1183 2508 1253 2562 ad
1286 2507 1435 2579 quod
1475 2508 1653 2561 vocati
1694 2507 1848 2573 estis,
1887 2508 2061 2562 nolite

464 2598 728 2668 abjicere.
760 2598 841 2652 De
866 2598 970 2652 hoc
999 2614 1187 2662 onere,
1221 2597 1277 2651 id
1307 2602 1411 2662 est,
1442 2597 1629 2667 gratia
1672 2596 2062 2667 Redemptoris

463 2687 662 2752 nostri,
687 2688 888 2741 Petrus
915 2686 1085 2740 dicit:
1109 2688 1248 2753 Quia
1266 2702 1362 2754 per
1373 2688 1617 2753 gratiam
1640 2687 1867 2739 Domini
1887 2689 2065 2739 nostri

464 2778 593 2830 Jesu
613 2777 825 2830 Christi
836 2776 1114 2829 credimus
1126 2777 1339 2827 saltari
1352 2774 1533 2843 (ΙὸιίΙ.)
1548 2774 1650 2827 .Ad
1665 2774 1768 2827 hoc
1784 2791 1925 2828 onus
1946 2774 2064 2845 ipse

467 2864 661 2918 ﬁdeles
673 2881 806 2918 suos
824 2863 1259 2929 invitat,dicens:
1276 2865 1463 2917 Tollite
1467 2866 1675 2930 jugum
1696 2879 1881 2916 meum
1900 2879 2066 2931 super

466 2970 556 3007 vos
587 2954 801 3021 (Matth.
835 2956 930 3021 XI),
962 2957 1019 3006 et
1037 2953 1447 3021 catera.Atque
1477 2957 1603 3020 post
1625 2966 1802 3021 pauca
1825 2970 1835 3005 :
1856 2954 2066 3019 Jugum

468 3044 619 3095 enim
649 3057 834 3094 meum
864 3056 1026 3094 suave
1054 3046 1149 3104 est,
1180 3046 1285 3093 etc.
1316 3038 1401 3093 Ab
1430 3055 1599 3093 onere
1638 3054 1772 3108 ergo
1805 3040 1878 3093 ad
1925 3056 2067 3093 onus

469 3128 752 3195 vocat,sed
773 3144 807 3181 a
832 3128 989 3197 gravi
1016 3128 1087 3181 ad
1110 3129 1247 3191 leve,
1285 3127 1342 3181 id
1364 3133 1451 3181 est
1486 3144 1520 3180 a
1550 3128 1673 3196 lege
1701 3128 1770 3180 ad
1796 3127 2059 3197 gratiam,

469 3232 572 3287 per
599 3232 769 3286 quam
821 3232 933 3269 non
973 3217 1151 3270 solum
1209 3216 1477 3287 impletur
1528 3217 1631 3283 lex,
1673 3234 1862 3271 verum
1894 3217 2063 3271 etiam

469 3304 907 3357 transcenditur.
942 3304 1050 3357 Sed
1088 3304 1222 3358 dum
1261 3305 1367 3358 hoc
1393 3305 1645 3371 dicimus,
1700 3306 2065 3376 quastionem

405 3466 411 3472 ἰ
471 3391 633 3446 nobis
671 3392 779 3462 ipsi
803 3392 1144 3462 ligamuszsi
1185 3394 1355 3456 enim,
1388 3394 1693 3448 secundum
1744 3395 2065 3466 pradictam

473 3479 625 3534 beati
641 3480 790 3534 Petri
807 3480 1257 3545 sententiam,lex
1278 3480 1354 3534 im
1362 3481 1653 3551 portabilis
1676 3483 2066 3553 est,quomodo

472 3569 793 3623 transcendi
817 3569 1040 3640 potest?
1069 3569 1175 3625 Sed
1214 3569 1500 3624 sciendum
1531 3569 1693 3624 nobis
1734 3577 1817 3625 est
1847 3572 1981 3642 quia
2008 3572 2067 3626 in

471 3656 859 3712 observatione
882 3658 1191 3712 carnalium
1215 3664 1621 3728 praceptorum
1643 3659 1837 3713 eadem
1855 3660 1942 3713 lex
1957 3659 2066 3713 im-

469 3746 761 3817 portabilis
790 3752 894 3811 est,
918 3747 972 3801 in
1001 3747 1256 3801 custodia
1274 3764 1403 3801 vero
1431 3748 1807 3818 spiritualium
1830 3748 2068 3803 manda-

471 3841 811 3905 torum,qua
840 3835 898 3888 in
929 3836 1121 3889 decem
1145 3842 1364 3890 constat
1379 3836 1560 3890 verbis
1590 3837 1829 3891 duarum
1852 3837 2068 3892 tabula-

472 3922 1058 3994 rum,adimpletur.ln
1078 3925 1299 3978 actione
1311 3930 1499 3978 autem
1520 3942 1685 3995 quam
1708 3926 1816 3980 illa
1830 3926 2069 3981 victima

471 4010 719 4065 futuram
739 4011 1151 4083 prasignabant
1164 4014 1599 4081 transcenditur,
1624 4015 1757 4085 quia
1774 4032 2069 4086 compara-

2141 2155 2333 2226 itaque
2367 2174 2376 2209 :
2410 2153 2670 2208 Vincenti
2700 2153 2844 2207 dabo
2875 2156 3208 2222 potestatem
3232 2164 3403 2219 super
3429 2152 3652 2216 gentes,
3682 2151 3733 2198 et

2143 2249 2301 2315 reget
2330 2260 2424 2297 eas
2444 2243 2500 2297 in
2534 2245 2690 2312 virga
2716 2242 2917 2295 ferrea.
2942 2241 3097 2294 Hanc
3120 2243 3457 2310 potestatem
3478 2235 3589 2306 ipsi
3609 2251 3732 2305 apo-

2144 2333 2270 2387 stoli
2303 2332 2567 2403 primum,
2602 2330 2803 2384 deinde
2832 2345 3098 2399 sequaces
3126 2327 3352 2380 illorum
3378 2329 3731 2395 acceperunt,

2142 2420 2344 2492 quibus
2386 2420 2519 2474 data
2546 2424 2633 2472 est
2676 2423 2925 2489 potestas
2975 2415 3188 2486 ligandi
3242 2419 3413 2485 atque
3465 2413 3731 2466 solvendi.

2144 2510 2444 2563 Sciendum
2473 2514 2660 2562 autem
2680 2507 2811 2578 quia
2831 2523 2961 2561 cum
2989 2504 3385 2576 pradicatores
3402 2507 3731 2573 potestatem

2143 2614 2314 2669 super
2334 2598 2473 2651 alios
2490 2593 3159 2667 accipiunt,sibimetipsis
3179 2593 3335 2664 prius
3350 2592 3731 2653 dominantur,

2146 2686 2350 2757 quisic
2380 2703 2438 2739 se
2476 2685 2547 2739 ab
2603 2685 2808 2739 illicitis
2873 2687 3255 2754 compescunt,
3315 2680 3463 2734 sicut
3493 2680 3737 2734 subditos

2145 2792 2497 2846 compescere
2527 2779 2812 2845 satagunt.
2842 2775 2985 2827 Nam
3013 2779 3070 2825 et
3113 2771 3336 2825 illorum
3364 2770 3623 2839 regimen
3649 2785 3740 2840 per

2147 2864 2362 2935 virgam
2393 2864 2632 2917 ferream
2672 2861 3027 2934 exprimitur,
3062 2876 3185 2931 qua
3218 2858 3618 2913 rectitudinem
3653 2858 3739 2911 ha-

2146 2951 2261 3017 bet,
2293 2952 2583 3006 mollitiem
2611 2968 2723 3005 non
2752 2950 2940 3015 habet,
2964 2950 3097 3020 quia
3123 2948 3377 3003 videlicet
3407 2948 3592 3001 sancti
3616 2963 3741 3018 pra-

2149 3041 2424 3095 dicatores
2454 3058 2557 3095 nec
2587 3040 2692 3094 sibi
2715 3056 2816 3093 nec
2844 3039 2969 3092 aliis
2999 3043 3194 3092 contra
3211 3037 3493 3107 justitiam
3518 3052 3738 3107 parcere

2148 3134 2441 3195 noverunt,
2464 3130 2561 3200 qui
2591 3134 2647 3183 et
2674 3130 2730 3182 in
2751 3145 2811 3182 se
2833 3133 2890 3182 et
2910 3128 2967 3182 in
2989 3128 3113 3181 aliis
3134 3132 3356 3180 tantum
3371 3126 3615 3195 justitia
3631 3132 3740 3179 tra-

2148 3218 2343 3271 mitem
2375 3217 2615 3288 dirigere
2646 3217 2895 3277 student,
2935 3215 3085 3269 unde
3110 3214 3277 3285 capiti
3316 3230 3515 3267 eorum
3545 3214 3742 3267 dicitur

2151 3308 2309 3361 tPsal.
2342 3309 2488 3374 κων)
2517 3321 2528 3353 :
2574 3306 2734 3372 Virga
2765 3310 2917 3358 recta
2939 3310 3024 3357 est
3060 3308 3220 3370 uirga
3250 3304 3411 3370 regni
3453 3305 3559 3355 tui.
3590 3302 3740 3366 Quod

2149 3394 2405 3465 protinus
2431 3394 2581 3464 quod
2611 3394 2705 3459 sit,
2756 3392 3009 3463 aperitur
3036 3408 3165 3446 cum
3195 3391 3439 3445 dicitur:
3491 3393 3742 3445 Dileristi

2138 3486 2427 3553 justitiam
2448 3487 2499 3536 et
2527 3484 2694 3535 odisti
2718 3485 3095 3550 iniquitatem.
3124 3481 3246 3544 Quo
3262 3485 3461 3533 contra
3480 3481 3667 3534 mollis
3689 3485 3741 3533 et

2148 3572 2388 3626 distorta
2417 3576 2503 3624 est
2528 3570 2685 3641 virga
2696 3569 3138 3641 quorumdamin
3159 3568 3403 3623 Ecclesia
3420 3569 3737 3640 praposito-

2148 3675 2296 3720 rum,
2319 3658 2441 3728 ipsa
2464 3658 2697 3728 justitia
2718 3658 3075 3728 permutatio.
3100 3657 3246 3711 Dum
3283 3658 3439 3711 enim
3458 3658 3739 3727 aqualiter

2146 3764 2282 3817 grex
2299 3753 2600 3818 pastorque
2614 3752 2824 3818 peccat,
2848 3755 2904 3800 et
2918 3753 3107 3800 tamen
3120 3746 3215 3817 qui
3230 3746 3385 3817 prius
3402 3752 3490 3800 est
3505 3746 3739 3799 molliter

2149 3837 2483 3907 delinquens
2494 3853 2553 3891 se
2566 3837 2653 3909 pal
2660 3836 2921 3907 pat,subd
2930 3836 3167 3889 itosvero
3179 3841 3289 3889 tem
3295 3836 3739 3906 poralipaniten-

2150 3925 2230 3980 tia
2246 3926 2495 3996 graviter
2509 3926 3058 3995 exaggerat,mollem
3076 3926 3271 3995 procul
3284 3923 3455 3978 dubio
3467 3929 3525 3978 et
3540 3922 3737 3978 ﬂexibi-

2149 4015 2258 4068 lem
2273 4014 2484 4084 virgam
2502 4014 2957 4085 portat.Econtra
2972 4013 3243 4067 Dominus
3253 4013 3524 4067 admonet
3536 4013 3731 4066 dicens:

471 4100 626 4155 tione
653 4100 878 4155 illarum
908 4117 1030 4171 qua
1067 4118 1218 4155 nunc
1260 4102 1320 4155 in
1348 4102 1584 4157 veritate
1609 4109 1880 4173 aguntur,
1911 4104 2068 4158 vilis-
2149 4105 2328 4157 Nolite
2343 4104 2674 4171 judicare,et
2690 4119 2797 4155 non
2801 4103 3208 4170 judicabimini
3233 4090 3449 4169 (Matth.
3476 4106 3584 4168 vn),
3616 4101 3736 4172 quia

472 4189 612 4243 sima
644 4197 936 4260 apparent,
966 4206 1090 4260 qua
1121 4191 1241 4245 sola
1270 4191 1455 4246 littera
1487 4192 1728 4246 exterius
1748 4193 1965 4263 prolata
1997 4192 2068 4246 ab
2086 4246 2134 4263 ﬁ
2153 4191 2409 4247 videlicet
2428 4191 2717 4261 aqualiter
2728 4190 2962 4262 quisque
2982 4189 3363 4262 pralatussibi
3377 4194 3433 4244 et
3446 4188 3734 4261 gregisubo

472 4277 824 4331 auditoribus
854 4278 1075 4348 impleri
1102 4285 1407 4350 nequeunt,
1440 4280 1552 4333 alia
1575 4281 1724 4334 enim
1754 4281 1983 4335 fuerunt
2009 4283 2067 4336 in
2089 4277 2135 4303 υ
2148 4282 2298 4351 jecto
2314 4285 2736 4351 parcere,atque
2758 4280 3049 4350 aqualiter
3076 4296 3135 4333 se
3162 4279 3592 4351 subjectumque
3619 4294 3736 4348 gre-

472 4365 665 4419 Veteri
683 4366 1041 4420 Testamento
1087 4374 1365 4439 pracepta
1392 4369 1517 4423 vita
1556 4370 1879 4439 ﬁguranda,
1908 4370 1963 4424 id
1986 4378 2072 4425 est
2150 4385 2279 4439 gem
2296 4368 2464 4423 debet
2482 4370 2937 4439 corrigere.Bene
2961 4374 3150 4423 autem
3170 4374 3368 4439 gentes
3388 4369 3443 4420 in
3461 4369 3736 4422 Christum

472 4452 784 4507 carnalium
832 4455 1185 4510 victimarum
1229 4457 1541 4511 oblationes
1573 4477 1585 4511 :
1627 4458 1739 4512 alia
1786 4475 1915 4513 vero
1946 4460 2069 4514 vita
2151 4458 2463 4521 credentes,
2481 4458 2626 4512 vasis
2655 4465 3054 4528 comparantur
3082 4457 3364 4522 ﬁctilibus,
3389 4458 3525 4528 quia
3554 4457 3611 4511 in
3634 4457 3736 4509 fra-

472 4542 826 4613 peragenda,
847 4546 996 4614 quod
1026 4545 1082 4599 in
1114 4546 1307 4600 decem
1338 4546 1474 4616 legis
1489 4547 1667 4601 verbis
1697 4548 1965 4619 impletur
1983 4549 2069 4602 lex

471 4647 507 4684 a
535 4631 911 4687 credentibus.
945 4631 1013 4687 In
1040 4634 1320 4688 mandatis
1350 4641 1539 4689 autem
1570 4637 1694 4689 vita
1739 4637 2066 4706 ﬁguranda,

466 4720 628 4789 juxta
643 4719 890 4775 littéram
910 4721 1521 4793 quidemimportabilis
1543 4724 1752 4785 est,sed
1775 4724 1939 4794 juxta
1960 4725 2070 4795 spi-

469 4807 642 4862 ritum
674 4810 1094 4865 transcenditur
1114 4811 1222 4864 lex.
1257 4810 1418 4875 Quod
1442 4822 1631 4865 autem
1663 4813 2069 4879 Dominus,hac

468 4899 688 4968 expleta
717 4899 1018 4965 sententia,
1053 4900 1134 4953 ita
1159 4900 1460 4967 concludit,
1492 4908 1557 4955 ut
1584 4902 1737 4955 dicat
1777 4902 1952 4956 donec
1981 4920 2069 4956 ve-

467 4986 640 5053 niam,
690 4988 956 5042 nimirum
1008 4989 1257 5043 ostendit
1307 5007 1485 5061 usque
1535 4991 1603 5044 ad
1644 4990 2068 5045 instaurationis

466 5080 723 5147 tempora
744 5077 1047 5131 Ecclesiam
1079 5077 1183 5132 sub
1200 5078 1386 5147 gratia
1411 5095 1829 5149 permanere,ac
1852 5096 2067 5150 nequa-

469 5181 637 5235 quam
661 5166 822 5236 juxta
851 5166 1204 5220 mendacium
1232 5166 1552 5222 Judaorum
1581 5168 1730 5221 ultra
1760 5184 1900 5222 onus
1928 5168 2066 5238 legis

466 5253 819 5308 credentium
847 5254 1095 5308 humeris
1125 5256 1442 5325 aggregari.

536 5341 603 5396 Et
642 5346 742 5411 qui
768 5346 959 5397 vicerit
983 5342 1261 5397 desideria
1290 5344 1473 5399 carnis
1503 5349 1561 5399 et
1589 5345 1906 5399 damonum
1937 5350 2064 5400 ten-

464 5433 800 5500 tamenta,et
821 5434 921 5503 qui
938 5433 1257 5491 custodierit
1281 5449 1450 5505 usque
1470 5436 1533 5488 in
1550 5437 1716 5502 ﬁnem
1736 5450 1900 5504 opera
1918 5451 2060 5505 mea,

2149 4547 2367 4617 gilitate
2397 4547 2582 4600 carnis
2605 4548 2929 4601 thesaurum
2953 4563 2987 4599 a
3007 4547 3221 4601 saculis
3243 4545 3631 4600 absconditum
3652 4547 3736 4599 ha-

2152 4636 2288 4689 bent
2313 4635 2683 4690 reconditum.
2725 4636 2857 4689 Hinc
2886 4636 3095 4689 Paulus
3123 4635 3261 4689 dicit
3294 4654 3306 4688 :
3341 4637 3612 4690 Habemus
3642 4636 3738 4687 the-

2151 4740 2388 4778 saurum
2415 4727 2585 4778 istum
2629 4728 2691 4779 in
2718 4728 2863 4777 vasis
2908 4726 3173 4792 ﬁctilibus
3202 4726 3281 4788 (Il
3295 4724 3417 4778 Cor.
3446 4727 3548 4793 ιν).
3587 4722 3738 4789 Quod

2150 4821 2339 4870 autem
2359 4830 2490 4867 vasa
2506 4819 2661 4868 tactu
2680 4812 2846 4883 virga
2866 4812 3141 4882 confringi
3161 4812 3738 4883 dicuntur,dupliciter

2151 4910 2336 4975 potest
2359 4902 2620 4973 intelligi,
2653 4903 2785 4972 quia
2812 4902 3040 4973 quidam
3070 4901 3436 4973 dissipantur,
3464 4907 3531 4955 ut
3550 4903 3605 4954 in
3634 4915 3737 4953 me-

2149 4992 2306 5047 lioris
2334 4992 2461 5046 vita
2491 4990 2738 5044 studium
2778 4995 3198 5044 commutentur
3227 5004 3238 5038 :
3264 4989 3495 5060 quidam
3527 5006 3653 5043 vero
3681 4992 3737 5041 ut

2148 5082 2490 5136 aternaliter
2516 5084 2768 5150 pereant,
2791 5086 2959 5149 atque
2980 5078 3106 5132 ideo
3130 5095 3243 5132 una
3264 5078 3577 5149 eademque
3593 5079 3736 5147 virga

2148 5171 2295 5240 regit
2323 5170 2393 5223 ad
2422 5169 2591 5222 vitam
2624 5168 3047 5238 praordinatos,
3081 5168 3322 5222 destruit
3350 5174 3405 5221 et
3443 5166 3733 5236 confringit

2148 5258 2219 5312 ad
2248 5264 2487 5312 mortem
2517 5257 2987 5328 prascitos.Ilinc
3017 5262 3104 5310 est
3130 5256 3277 5326 quod
3302 5257 3608 5310 Jeremiam
3637 5256 3734 5309 Deo

2147 5346 2337 5400 minus
2363 5345 2436 5399 ad
2456 5346 2685 5399 domum
2710 5344 2867 5415 ﬁguli
2884 5344 2965 5399 ire
2988 5344 3364 5414 jubet,ibique
3388 5361 3487 5398 vas
3508 5344 3729 5415 dissipa-

2145 5440 2267 5489 tum
2298 5438 2468 5505 atque
2489 5450 2523 5488 a
2555 5434 2727 5505 ﬁgulo
2743 5433 2802 5488 in
2824 5434 3028 5488 melius
3056 5432 3424 5488 reformatum
3440 5433 3729 5490 ostendens
