3992 6166
263 248 370 308 985

1204 257 1593 314 EXPOSITIO
1622 259 1698 314 IN
1729 260 2259 322 APOCALYPSIN.
2295 295 2358 308 -—
2393 267 2530 321 LIB.
2565 265 2610 319 Ι.

3433 257 3538 316 986

263 375 400 430 dicit
422 394 434 429 :
455 379 728 446 Nunquid
749 381 890 433 sicut
909 382 1114 447 ﬁgulus
1151 385 1248 435 iste
1274 399 1385 436 non
1398 389 1582 452 potero
1600 385 1745 438 vobis
1772 387 1858 452 fa-
1875 389 1922 447 Λ
1944 393 2103 458 parte
2133 388 2464 444 criminibus
2495 393 2802 450 mortuum,
2828 400 2892 440 ex
2923 391 3082 457 parte
3122 391 3309 441 autem
3348 385 3535 440 vivum

262 465 599 531 cere,domus
622 469 820 521 Israel?
831 469 966 520 dicit
992 469 1414 524 Dominus.Ecce
1427 473 1771 526 sicutlutum
1798 474 1856 525 in

263 569 442 607 manu
472 557 652 621 ﬁguli,
684 559 762 608 sic
799 572 886 608 vos
931 560 992 609 in
1049 574 1225 610 manu
1277 575 1395 612 mea
1427 561 1646 628 (Jercm.
1679 561 1852 630 xviii).

261 639 409 694 Hinc
435 640 606 694 etiam
633 641 769 694 alibi
797 641 905 712 ipsi
925 643 1096 713 ﬁgulo
1119 645 1350 698 humani
1377 648 1602 716 generis
1631 647 1853 701 dicitur:

270 729 421 783 Verte
451 732 651 798 impios
699 736 752 784 et
796 747 910 786 non
952 738 1118 786 erunt
1175 737 1346 802 (Prov.
1376 735 1461 804 ll),
1489 735 1544 788 id
1597 741 1701 797 est,
1733 741 1862 808 post

263 818 609 872 eversionem
640 835 753 872 non
794 819 974 892 impii,
1007 823 1101 876 sed
1154 822 1233 892 pii
1279 822 1704 892 permanebunt.
1737 823 1860 889 Quo

258 911 460 960 contra
487 907 623 961 alibi
643 907 884 962 dicitur:
920 911 1172 964 Destrues
1201 913 1400 977 illos,et
1433 927 1542 966 non
1572 913 1862 979 wdi/icabis

262 1011 350 1048 eos
376 996 548 1068 (Psal.
580 998 776 1066 xxvn).

335 1085 402 1138 Et
429 1085 566 1140 dabo
596 1088 688 1139 illi
710 1089 927 1141 stellam
955 1090 1318 1142 matutinum.
1344 1089 1450 1156 Qui
1481 1090 1636 1142 habet
1663 1105 1862 1142 aurem

1941 475 2103 530 bonis
2128 477 2392 547 operibus
2405 477 2668 532 ostendit.
2704 477 2934 530 Dicatur
2957 491 3120 545 ergo:
3143 477 3352 529 Nomen
3378 474 3534 526 habes

1942 568 2084 633 quod
2113 569 2281 628 viras,
2306 568 2396 619 sed
2429 571 2681 619 mortuus
2703 581 2774 618 es.
2811 565 2938 618 Acsi
2969 564 3252 618 diceretur
3280 585 3292 620 :
3325 561 3457 618 Ideo
3479 564 3536 614 te

1941 655 2124 708 vivere
2151 661 2334 726 putas,
2366 655 2496 726 quia
2551 656 2610 708 in
2669 654 3004 724 quibusdam
3055 652 3216 707 bonis
3269 650 3534 722 operibus

1943 743 2267 798 exercitium
2287 743 2596 798 habes.Sed
2615 743 3002 814 attende,quia
3029 742 3215 796 vivere
3229 757 3343 795 non
3365 739 3536 804 vales,

1943 833 1992 886 si
2019 833 2152 886 vitia
2178 832 2577 904 praevaluerint
2597 831 2916 896 virtutibus,
2942 830 3143 902 quibus
3172 830 3355 884 vivere
3383 827 3538 882 vide-

1899 986 1913 994 _
1943 920 2263 976 beris.Sunt
2283 921 2433 976 enim
2454 921 2833 991 nonnulli,qui
2857 919 3228 990 eleemosynis
3247 918 3534 982 insistunt,

1943 1027 2255 1082 pauperum
2285 1027 2476 1066 curam
2505 1017 2727 1081 gerunt,
2762 1009 2861 1063 sed
2915 1009 3024 1079 ipsi
3049 1025 3082 1062 a
3109 1007 3310 1079 rapina
3337 1022 3539 1060 manus

1944 1116 2054 1154 non
2085 1105 2363 1154 coercent.
2389 1099 2660 1154 Nonnulli
2689 1107 2880 1152 autem
2911 1098 3393 1168 eleemosynarum
3420 1095 3536 1149 lar-

258 1173 464 1227 audiat
491 1175 627 1241 quid
654 1175 901 1242 Spir-itus
926 1177 1074 1230 dicat
1095 1177 1602 1232 Ecclesiis.Stellam
1632 1177 1861 1232 matuti-
1938 1189 2104 1259 gitati
2125 1189 2457 1252 inserviunt,
2491 1193 2547 1241 et
2572 1205 2606 1241 a
2637 1187 2834 1256 rapina
2857 1203 3060 1240 manus
3079 1189 3534 1256 coercent,atque

257 1278 392 1315 nam
424 1269 698 1332 quantum
728 1263 800 1316 ad
837 1264 1104 1331 litteram,
1137 1267 1386 1337 appellat
1413 1266 1726 1332 luciferum.
1761 1266 1857 1335 qui
1935 1273 2010 1330 ab
2039 1277 2302 1332 adulterii
2332 1276 2747 1348 perpetratione
2770 1292 2830 1330 se
2869 1274 3150 1340 cohibent,
3179 1274 3276 1328 sed
3309 1273 3407 1328 irae
3454 1277 3536 1328 at-

257 1350 450 1404 oriens
479 1367 580 1405 $110
624 1357 751 1406 ortu
780 1351 1023 1406 \‘ICIDUHI
1067 1354 1202 1407 SOIIS
1249 1355 1600 1408 demonstrat
1657 1354 1853 1408 adven-
1941 1383 2050 1437 que
2315 1365 2559 1420 stifnulis
2587 1363 2807 1434 agitati,
2839 1363 3210 1434 quorumdam
3239 1361 3411 1416 vita“;
3438 1377 3533 1415 ex-

255 1439 732 1510 tum.Spiritualis
762 1441 924 1495 stella
951 1443 1228 1496 matutina
1250 1444 1858 1518 Christusintelligitur
1940 1455 2224 1525 stinguere
2265 1459 2538 1526 quaerunt.
2575 1452 2664 1508 Sic
2695 1468 2918 1524 quoque
2967 1451 3024 1505 in
3079 1449 3378 1515 similibus,
3399 1450 3536 1503 dum

257 1527 360 1598 qui
378 1544 616 1598 surgens
636 1545 669 1582 a
691 1529 927 1583 mortuis
941 1529 1204 1585 tenebras
1227 1532 1394 1600 hujus
1414 1534 1602 1588 saeculi
1621 1535 1852 1605 fugavit,
1938 1561 1998 1598 se
2027 1545 2086 1598 in
2105 1543 2440 1614 quibusdam
2469 1543 2630 1598 bonis
2657 1541 2921 1614 operibus
2945 1541 3131 1595 vivere
3149 1545 3370 1612 putant,
3399 1554 3536 1593 uno-

257 1617 464 1670 “luce
480 1617 611 1672 ﬁdei
639 1623 821 1673 ίοίυηι
843 1619 1076 1689 reple"it
1108 1621 1400 1687 mundum:
1437 1627 1492 1676 et
1520 1623 1740 1693 ῩαῙὲζοΡθ
1771 1621 1896 1704 δοίη
1940 1633 2190 1704 quolibet
2215 1633 2461 1688 facinore
2501 1632 2663 1686 multi
2703 1631 3041 1686 moriuntur.
3073 1630 3154 1684 De
3191 1627 3393 1700 quibus
3435 1642 3539 1697 per

256 1705 494 1760 luminis
525 1706 859 1760 illuminavit
883 1708 1146 1762 tenebras
1164 1716 1370 1765 nostra:
1390 1712 1853 1766 mortalitatisDe
1870 1702 1916 1762 Β
1937 1702 2203 1776 jacobum
2233 1722 2442 1776 dicitur
2463 1735 2472 1769 :
2493 1723 2814 1790 Quicunque
2833 1721 3132 1774 servaverit
3155 1723 3322 1772 totam
3343 1720 3531 1784 legem,

257 1794 363 1848 hac
389 1795 556 1848 stella
583 1796 783 1850 Petrus
815 1796 1072 1851 ﬁdelibus
1101 1798 1266 1852 dicit:
1290 1801 1464 1853 Donec
1491 1802 1604 1854 dies
1628 1801 1856 1854 illuces-

255 1889 370 1949 cat,
402 1891 453 1938 et
483 1887 682 1952 lucifer
708 1889 932 1939 oriatur
964 1891 1025 1940 in
1042 1889 1296 1941 cordibus
1326 1892 1519 1942 vestris
1543 1890 1620 1959 (ΙΙ
1635 1893 1852 1957 Pctm).

255 1971 403 2026 Nam
427 1971 483 2026 in
495 1972 784 2043 Scriptura
801 1990 961 2028 sacra
987 1991 1114 2028 cum
1143 1975 1414 2046 singulari
1432 1993 1668 2030 numero
1691 1977 1854 2030 stella

251 2061 537 2116 matutina
552 2063 906 2134 ponitur,per
918 2063 1061 2118 hanc
1076 2065 1239 2119 homo
1272 2065 1528 2119 Christus
1551 2067 1849 2136 ﬁguratur.

255 2150 400 2204 Cum
434 2167 564 2204 vero
593 2151 886 2222 pluraliter
913 2159 1068 2206 astra
1095 2154 1377 2208 matutina
1416 2154 1852 2220 interseruntur,

254 2239 524 2310 angelicae
549 2248 817 2296 creaturae
845 2241 1232 2312 designantur.
1265 2243 1425 2297 Unde
1455 2249 1540 2297 est
1567 2263 1578 2297 :
1613 2244 1749 2298 Cum
1771 2261 1855 2297 me

256 2329 559 2381 laudarent
587 2331 760 2382 simul
799 2335 956 2383 astra
985 2333 1267 2384 matutina
1299 2332 1438 2402 (Job.
1460 2335 1704 2400 xxxvln).
1747 2331 1856 2386 Sed

255 2421 453 2470 etcum
472 2417 798 2488 simpliciter
822 2434 887 2471 ac
907 2418 1027 2472 sine
1047 2418 1430 2474 additamento
1445 2419 1620 2474 stellae
1633 2435 1855 2491 ponun-

257 2509 375 2570 tur,
411 2504 667 2559 doctores
697 2506 957 2560 Ecclesia:
999 2523 1402 2578 nonnunquam
1425 2507 1851 2578 exprimuntur;

256 2593 414 2648 unde
438 2600 560 2647 est:
594 2595 701 2660 Qui
742 2595 887 2648 docti
931 2597 1149 2663 fuerint
1193 2597 1486 2664 fulgebunt
1516 2596 1660 2650 sicut
1682 2597 1858 2652 stellae

254 2685 608 2750 ﬁrmamenti
649 2684 820 2752 (Dan.
863 2686 986 2751 xu).
1021 2683 1278 2739 Christus
1329 2685 1520 2756 itaque
1580 2702 1859 2758 apparens

252 2771 418 2826 vivus
440 2779 569 2841 post
607 2777 846 2826 mortem
866 2773 1144 2826 matutina
1177 2773 1337 2827 nobis
1363 2775 1526 2828 stella
1552 2775 1731 2830 factus
1753 2781 1857 2842 est,

254 2861 394 2930 quia
413 2860 550 2914 dum
571 2860 630 2914 in
657 2861 958 2932 semetipso
971 2862 1286 2931 exemplum
1315 2863 1476 2916 nobis
1503 2865 1862 2918 resurrectio-

1939 1814 2174 1879 o/I'endat
2194 1817 2375 1864 autem
2395 1814 2454 1864 in
2472 1812 2785 1878 unm/actus
2804 1813 2878 1862 est
2891 1811 3144 1862 omnium
3160 1822 3283 1860 reus
3301 1805 3534 1876 (Jac.u).

1939 1900 2024 1954 Ad
2053 1917 2290 1970 quorum
2317 1915 2636 1970 personam,
2664 1897 2921 1952 videlicet
2951 1895 3191 1967 benigna
3219 1894 3534 1949 exhortatio

1937 1989 2336 2059 dirigitur,qua
2365 1987 2567 2042 dicitur
2591 2006 2604 2040 ι
2641 1987 2762 2041 Esto
2789 1988 3032 2054 vigilans
3061 1990 3109 2039 et
3135 1986 3405 2052 conﬁrma
3433 1999 3536 2037 cz-

1939 2081 2056 2130 tera
2085 2094 2202 2146 qua:
2231 2080 2514 2131 moritura
2544 2079 2726 2141 erant,
2757 2074 2874 2128 acsi
2901 2074 3218 2129 diceretur:
3263 2073 3322 2128 Si
3351 2073 3432 2126 vis
3471 2077 3536 2127 ut

1939 2165 1998 2220 in
2028 2165 2142 2220 illis
2157 2183 2279 2236 qua:
2300 2165 2442 2219 bene
2468 2163 2694 2234 gessisti
2726 2163 2894 2229 vivas,
2911 2162 2982 2216 ab
3010 2162 3078 2216 iis
3099 2177 3222 2232 quia
3242 2161 3388 2215 male
3409 2178 3535 2230 ges-

1940 2255 2062 2308 sisti
2088 2271 2188 2326 per
2212 2253 2598 2326 paenitentiam
2625 2251 2979 2322 evigila,quia
2995 2250 3043 2304 si
3064 2251 3122 2304 in
3143 2250 3255 2304 illis
3275 2256 3534 2304 mortuus

1939 2359 2253 2415 permanes,
2286 2343 2344 2396 in
2373 2343 2496 2397 istis
2527 2341 2849 2396 nullatenus
2875 2338 3192 2394 vives.Hinc
3234 2337 3538 2392 Psalmista

1939 2433 2203 2487 admonet
2227 2432 2447 2486 dicens:
2479 2435 2756 2486 Declinaa
2787 2433 2935 2484 male
2955 2435 3005 2483 et
3023 2431 3114 2497 fac
3139 2429 3344 2482 bonum
3361 2429 3532 2496 (Psal.

1938 2524 2148 2588 xxxvi).
2181 2523 2328 2576 Nam
2367 2527 2425 2575 et
2451 2521 2510 2574 in
2531 2521 2636 2574 hoc
2663 2519 2812 2590 quod
2841 2518 3064 2582 dicitur,
3089 2517 3358 2572 confirma
3379 2521 3538 2570 caete-

1940 2625 2004 2663 ra
2023 2627 2145 2680 qua:
2171 2609 2447 2664 moritura
2469 2614 2650 2672 erant,
2679 2607 2994 2661 ostenditur
3013 2605 3146 2676 quia
3186 2604 3233 2658 si
3271 2620 3305 2657 a
3324 2604 3532 2674 peccati

1941 2714 2138 2752 somno
2168 2715 2268 2768 per
2289 2695 2630 2768 poenitentiae
2651 2697 2960 2749 lamentum
2992 2693 3233 2765 perfecte
3265 2693 3390 2762 quis
3419 2693 3536 2746 evi-

1940 2787 2100 2857 gilat,
2137 2803 2239 2842 nec
2257 2787 2354 2840 illa
2383 2803 2506 2857 qua:
2537 2787 2707 2839 etiam
2739 2789 2997 2838 mortuus
3026 2781 3168 2836 bene
3187 2780 3382 2851 gessit,
3409 2783 3538 2851 post

1946 2875 2130 2930 vivens
2151 2891 2323 2946 opera
2359 2873 2589 2938 amittit,
2622 2877 2790 2944 atque
2820 2871 2945 2925 ideo
2975 2871 3074 2924 illa
3101 2869 3356 2935 viviﬁcat,
3385 2869 3535 2940 quod

251 2956 346 3009 nis
375 2955 634 3027 praebuit,
671 2972 794 3027 quae
825 2956 920 3010 lux
948 2963 1279 3027 sequeretur
1314 2958 1596 3012 indicavit.
1628 2959 1862 3013 Stellam
1941 2965 2116 3036 ipsea
2143 2962 2354 3035 peccati
2411 2978 2607 3016 somno
2655 2961 2902 3030 evigilat.
2931 2960 3022 3014 Sic
3076 2958 3225 3013 enim
3281 2957 3489 3012 dicitur
3519 2977 3530 3012 :

251 3060 394 3114 ergo
423 3045 760 3098 matutinum
801 3044 1150 3100 vincentibus
1181 3063 1240 3100 se
1283 3047 1418 3102 dare
1459 3047 1775 3118 profitetur,
1797 3047 1856 3102 id
1877 3055 1920 3115 Ο
1943 3055 2064 3108 Esto
2087 3057 2398 3120 vigilans,et
2427 3054 2692 3119 conﬁrma
2707 3055 3028 3117 ceteraque»
3055 3051 3333 3102 moritura
3351 3050 3532 3112 erant,

253 3139 345 3186 est
375 3133 737 3207 semetipsum
763 3139 820 3188 et
870 3135 1110 3204 gloriam
1149 3135 1352 3190 futurae
1408 3137 1854 3193 resurrectionis.

253 3222 423 3286 Quod
451 3228 588 3276 tunc
614 3222 960 3294 implebitur,
985 3224 1210 3294 quando
1243 3225 1340 3295 qui
1375 3224 1433 3278 in
1475 3227 1857 3279 monumentis

250 3316 393 3366 sunt
412 3312 642 3366 audient
663 3328 838 3366 vocem
861 3314 994 3366 Filii
1013 3315 1129 3378 Dei,
1145 3318 1192 3366 et
1210 3316 1619 3382 cnn/iguralum
1640 3317 1858 3383 corpori

251 3403 537 3454 claritatis
563 3417 692 3463 suae,
715 3417 908 3469 corpus
937 3403 1276 3455 humilitatis
1307 3408 1502 3456 nostra:
1532 3404 1856 3470 reformabit

255 3490 474 3558 (Malm;
498 3490 685 3558 Ph.nI)
697 3489 1072 3544 .Mortalitatis
1091 3490 1294 3544 etenim
1312 3491 1561 3545 tenebris
1578 3507 1858 3545 resurrec-

249 3579 416 3632 tione
433 3579 679 3649 fulgente
699 3579 998 3650 depressis,
1019 3579 1181 3650 quasi
1207 3579 1437 3650 quidam
1460 3580 1659 3634 lucifer
1685 3597 1854 3651 appa-

252 3667 428 3734 rebit,
451 3685 573 3738 quae
585 3669 891 3738 perfectum
907 3668 1240 3722 aeternitatis
1261 3669 1409 3723 diem
1427 3668 1854 3723 demonstrabit.

867 3756 1110 3812 CAPUT
1153 3758 1252 3815 III.

1938 3149 2208 3212 tanquam
2239 3141 2554 3194 diceretur:
2585 3139 2642 3194 Si
2673 3155 2739 3192 ex
2761 3155 2829 3192 ea
2851 3142 3008 3209 parte
3037 3154 3150 3209 qua
3178 3141 3435 3190 mortuus
3455 3153 3535 3200 es,

1939 3230 2242 3292 reviviscis,
2271 3235 2475 3283 cratera
2505 3245 2629 3300 quae
2669 3228 2852 3281 adhuc
2881 3227 2938 3280 in
2967 3231 3025 3280 te
3053 3225 3262 3296 vigent,
3293 3241 3365 3279 ne
3412 3240 3538 3278 mo-

1939 3321 2160 3374 riantur
2199 3320 2488 3374 confirma.
2545 3317 2790 3371 Possunt
2823 3322 2882 3370 et
2917 3317 3036 3371 haec
3073 3317 3239 3370 aliter
3274 3313 3534 3384 intelligi.

1941 3409 2085 3464 Sunt
2109 3409 2258 3463 enim
2297 3407 2460 3462 multi
2500 3406 2596 3478 qui
2631 3406 2798 3460 vitam
2823 3405 2892 3459 ab
2917 3405 3071 3460 omni
3101 3404 3334 3458 crimine
3359 3408 3540 3458 custo-

1939 3498 2120 3564 diunt,
2145 3497 2443 3552 virtutibus
2465 3495 2635 3549 etiam
2667 3495 2934 3558 serviunt,
2972 3495 3068 3548 sed
3106 3499 3296 3548 tamen
3335 3493 3540 3546 huma-

1940 3603 2069 3640 nam
2091 3586 2314 3640 laudem
2339 3585 2656 3656 requirunt.
2683 3583 2930 3654 Ideoque
2959 3588 3092 3652 quia
3118 3582 3358 3636 intentio
3388 3585 3541 3635 recta

1939 3691 2052 3728 non
2083 3673 2348 3745 praecedit
2375 3674 2432 3726 in
2455 3671 2813 3742 cogitatione,
2844 3687 3078 3741 pravum
3108 3675 3194 3724 est
3211 3685 3378 3724 omne
3399 3686 3540 3740 opus

1942 3763 2088 3834 quod
2110 3761 2365 3832 sequitur
2392 3760 2448 3814 in
2479 3759 2816 3814 ostensione.
2855 3758 2966 3813 Per
2995 3759 3100 3813 hoc
3125 3775 3258 3828 ergo
3283 3759 3428 3828 quod
3451 3775 3540 3812 ex-

327 3847 398 3899 Et
417 3849 613 3914 angelo
639 3845 834 3900 Sardis
861 3846 1104 3900 Ecclesia:
1127 3848 1316 3900 scribe.
1346 3846 1558 3910 Sardis,
1585 3851 1650 3900 ut
1689 3863 1862 3917 supra
1939 3849 2118 3904 terius
2147 3847 2396 3920 procedit
2427 3848 2482 3901 in
2508 3847 2816 3918 publicum,
2849 3846 2954 3900 vivi
2983 3846 3132 3918 apud
3160 3845 3414 3900 homines
3453 3862 3540 3899 ar-

251 3937 473 3990 dictum
513 3941 618 3999 est,
647 3935 1052 4006 interpretatur
1112 3935 1348 4006 principi
1400 3935 1855 4007 pulchritudinis,
1941 3938 2241 3992 bitrantur.
2265 3937 2508 4008 Ideoque
2524 3951 2731 3990 nomen
2756 3935 2964 3990 habent
3017 3935 3165 4006 quod
3195 3934 3398 3988 vivant.
3431 3935 3540 3988 Per

251 4031 394 4096 apta
421 4023 689 4078 subaudis
703 4030 871 4096 atque
893 4024 1520 4095 ornataEthicquoque
1535 4025 1855 4091 dicendum,
1941 4028 2047 4082 hoc
2067 4033 2256 4081 autem
2287 4027 2437 4096 quod
2467 4025 2606 4078 latet
2635 4025 2894 4088 interius,
2927 4024 3078 4095 apud
3107 4025 3288 4078 Deum
3327 4023 3532 4077 mortui

253 4113 397 4186 quia
427 4113 573 4167 sicut
599 4113 856 4184 superius
885 4129 948 4166 ex
979 4112 1288 4167 abundanti
1313 4113 1860 4185 disseruimus,quod
1942 4116 2298 4187 deputantur.
2338 4114 2498 4169 Unde
2541 4113 2636 4184 pia
2674 4113 2984 4167 admonitio
3030 4113 3394 4177 subinfertur,
3427 4127 3541 4182 qua

249 4203 360 4258 uni
386 4202 634 4256 ecclesiae
663 4201 886 4264 dicitur,
926 4203 1123 4273 utique
1151 4201 1410 4256 omnibus
1439 4203 1714 4256 convenit.
1941 4204 2184 4258 dicitur:
2217 4204 2340 4257 Esto
2369 4205 2608 4270 vigilans
2639 4207 2687 4255 et
2713 4205 2981 4268 confirma
3029 4207 3221 4256 caetera
3269 4217 3386 4269 quae
3426 4216 3542 4254 mo-

329 4293 454 4346 Ηοτσ
471 4291 626 4354 dicit,
645 4293 746 4358 qui
773 4290 928 4343 habet
956 4295 1151 4357 septem
1179 4293 1411 4358 spiritus
1449 4292 1548 4344 Dei
1575 4297 1625 4344 et
1662 4296 1925 4360 septem“
1943 4297 2132 4347 ritum
2161 4296 2342 4358 erant,
2375 4291 2490 4345 acsi
2519 4291 2833 4348 diceretur:
2869 4291 2928 4345 Si
2958 4290 3039 4346 vis
3068 4290 3272 4356 vivere,
3299 4305 3428 4343 cave
3466 4304 3538 4342 ne

243 4383 463 4434 stellas.
499 4378 672 4432 Filius
702 4378 800 4432 Dei
831 4382 1047 4448 septem
1097 4378 1268 4432 habet
1317 4379 1571 4450 spiritus,
1603 4378 2171 4437 videlicetulaudcm
2192 4380 2262 4434 ab
2281 4379 2602 4434 hominibus
2627 4379 2906 4451 requiras,
2939 4397 3010 4434 ne
3029 4379 3399 4434 intentionem
3412 4393 3544 4448 ope-

244 4466 643 4540 septiformem
666 4467 927 4538 spiritum
944 4467 1216 4536 aequalem
1243 4466 1348 4520 sibi
1374 4469 1430 4521 in
1455 4473 1658 4522 natura
1671 4469 1859 4522 unita-
1941 4473 2019 4526 ris
2049 4470 2217 4525 elatio
2239 4469 2399 4522 vitiet
2424 4469 2648 4524 favoris.
2684 4470 2828 4524 I-linc
2857 4470 2916 4522 in
2942 4467 3242 4538 Evangelio
3289 4467 3495 4522 dicitur
3521 4485 3533 4519 :

242 4559 359 4624 tis;
382 4555 537 4610 unde
563 4556 737 4610 Isaias
772 4564 904 4623 (εαρ.
946 4559 1058 4623 xl):
1100 4557 1418 4623 Requiescit.
1460 4556 1662 4628 inquit,
1696 4574 1860 4627 super
1940 4561 2215 4616 Altendite
2233 4560 2835 4627 ncjustitiamvestram
2860 4558 3082 4624 faciatis
3102 4555 3540 4608 coramhomini-

240 4645 532 4700 humilem
549 4648 782 4713 spiritus
799 4647 1858 4713 Domini,spiritussapientiaeetintellc—
1942 4653 2039 4704 bus
2067 4649 2294 4711 (Matth.
2331 4648 2571 4718 v1.).‘-.'on
2608 4648 2757 4699 enim
2801 4647 3022 4697 invenio
3051 4659 3212 4712 opera
3239 4648 3335 4696 tua
3369 4645 3538 4711 plena

241 4743 394 4791 ctus.
428 4734 614 4789 Habet
635 4751 856 4805 quoque
876 4739 1092 4804 septem
1122 4734 1335 4800 stellas,
1368 4734 1425 4788 id
1455 4739 1542 4788 est
1589 4735 1854 4806 septifor-
1939 4754 2124 4792 coram
2149 4738 2253 4790 Deo
2285 4751 2418 4791 meo.
2453 4734 2610 4788 Illius
2641 4749 2813 4804 opera
2845 4733 3012 4803 plena
3047 4748 3158 4784 non
3191 4735 3325 4784 sunt
3346 4745 3538 4783 coram

239 4841 402 4880 mem
427 4823 700 4894 Spiritum
723 4828 1000 4889 sanctum,
1021 4828 1289 4894 tanquam
1321 4823 1582 4878 ancillam
1606 4824 1663 4878 in
1685 4825 1854 4880 ditio-
1941 4827 2185 4898 Deo,qui
2213 4825 2446 4878 virtutes
2469 4822 2574 4876 sibi
2603 4839 2636 4875 a
2665 4819 2902 4875 Domino
2929 4819 3088 4873 datas
3117 4819 3268 4873 vitiis
3293 4835 3537 4872 comma-

239 4931 322 4968 nc
349 4912 742 4984 potestatisEt
763 4911 904 4966 bene
919 4928 1044 4966 cum
1061 4914 1226 4967 unius
1239 4913 1310 4967 sit
1331 4913 1657 4969 substantiae
1685 4916 1855 4970 Filius
1940 4917 2112 4981 culat,
2141 4915 2222 4968 vel
2257 4913 2354 4984 qui
2383 4912 2452 4965 de
2472 4911 2634 4965 bonis
2655 4927 2777 4981 quae
2794 4914 3060 4980 operatur
3080 4908 3324 4962 exterius
3335 4907 3539 4961 huma-

239 5005 354 5060 Dei
394 5019 527 5056 cum
557 5003 723 5056 Patre
755 5007 812 5056 et
842 5002 1085 5073 Spiritus
1128 5008 1342 5070 sancto,
1392 5004 1599 5058 habere
1651 5004 1856 5058 dicitur
1938 5023 2068 5060 nam
2087 5003 2324 5075 gloriam
2357 5019 2458 5072 per
2501 5000 2799 5054 elationem
2835 4998 3052 5070 quierit.
3087 4997 3232 5050 Hinc
3273 4998 3329 5052 in
3363 4997 3542 5052 Evan-

237 5092 640 5166 septiformem
674 5092 965 5163 Spiritum,
993 5092 1125 5162 quia
1154 5092 1336 5146 omnis
1378 5093 1563 5163 gratia
1603 5093 1852 5162 ejusdem
1937 5094 2084 5165 gelio
2113 5092 2354 5146 dicitur:
2387 5089 2452 5144 Si
2488 5090 2677 5142 oculus
2717 5093 2844 5141 tuus
2873 5088 3046 5154 fuerit
3083 5088 3333 5153 simplex,
3363 5091 3540 5140 totum

241 5182 504 5254 Spiritus
536 5197 636 5251 per
666 5181 954 5235 Christum
984 5180 1340 5234 credentibus
1369 5181 1656 5236 tribuitur.
1939 5197 2134 5249 corpus
2159 5186 2319 5234 tuum
2349 5178 2597 5231 lucidum
2623 5179 2730 5230 erit
2759 5175 3096 5243 (Mettium).
3128 5175 3186 5230 Si
3217 5179 3409 5228 autem
3438 5191 3539 5228 ne-

323 5270 452 5324 Scio
477 5284 640 5336 opera
663 5273 778 5334 tua,
813 5271 948 5336 quia
977 5284 1177 5322 nomen
1206 5269 1364 5322 habes
1392 5270 1536 5337 quod
1575 5271 1746 5336 vivas,
1767 5270 1856 5322 sed
1941 5287 2110 5341 quam
2139 5267 2324 5332 fuerit,
2359 5265 2532 5320 etiam
2561 5281 2763 5336 corpus
2807 5271 2970 5318 tuum
3004 5263 3364 5318 tenebrosum
3395 5264 3528 5321 erit.

233 5363 514 5415 mortuus
552 5374 624 5410 es.
655 5358 775 5410 Esto
803 5359 1063 5425 vigilans,
1093 5362 1142 5411 et
1189 5361 1454 5424 conﬁrma
1499 5363 1690 5412 caetera
1741 5375 1858 5426 quae
1942 5360 2155 5414 Cuncta
2180 5361 2367 5410 autem
2383 5355 2498 5408 haec
2517 5370 2640 5424 qua:
2661 5353 2763 5408 sub
2785 5353 2993 5424 duplici
3018 5353 3308 5408 intellectu
3331 5352 3543 5406 discus-

235 5451 543 5504 moritura
572 5451 750 5500 erant.
786 5446 866 5500 Ex
915 5451 1075 5518 parte
1116 5447 1265 5501 hunc
1286 5447 1406 5516 jam
1452 5452 1760 5512 mortuum,
1795 5465 1860 5501 ex
1942 5447 2140 5513 simus,
2173 5449 2411 5518 possunt
2439 5443 2508 5497 de
2540 5443 2625 5496 his
2662 5443 2921 5513 intelligi,
2964 5443 3060 5514 qui
3089 5443 3210 5496 sine
3265 5441 3538 5494 charitate

230 5544 414 5620 parte
437 5552 570 5591 vero
590 5535 774 5590 adhuc
807 5535 991 5591 vivum
1022 5553 1143 5590 esse
1165 5536 1532 5602 demonstrat,
1566 5535 1622 5590 id
1663 5542 1768 5604 est,
1795 5553 1860 5591 ex
1941 5538 2178 5594 virtutes
2202 5534 2449 5605 reliquas
2480 5531 2687 5587 habere
2714 5548 2774 5586 se
2790 5533 3026 5606 jactant.
3051 5529 3376 5586 Notandum
3403 5543 3532 5582 vero
