3992 6166
323 319 434 377 9-39

1249 323 1633 380 ‘EXPOSlTlO
1661 323 1742 379 1N
1773 323 2300 382 APOCALYPSIN.
2324 357 2390 368 --
2419 325 2556 381 LIB.
2591 325 2636 381 Ι.

3507 322 3612 381 990

329 448 462 516 quia
475 447 588 500 iure
604 455 677 500 est
696 450 922 502 victoria
941 463 1062 516 qua
1081 450 1252 500 rineit
1267 450 1563 509 mund-mn,
1589 451 1717 516 fides
1733 457 1922 503 nostra
1943 454 1985 511 Α
2007 468 2135 505 nem
2156 452 2366 506 Christi
2380 454 2481 508 .Dc
2503 452 2676 524 stirpe
2700 454 2845 507 enim
2869 452 3040 508 David
3059 453 3365 508 secundum
3383 465 3611 504 carnem

333 539 918 607 (iJoan..v-‘),quatenus
940 537 999 590 in
1015 536 1506 592 abrenuntiatione
1528 539 1743 610 antiqui
1762 539 1936 593 bestis

327 641 428 696 per
457 631 744 680 {macrum
776 630 1206 693 regenmutionis
1237 627 1478 682 cmlestis
1537 627 1662 682 vitze
1721 629 1936 681 mundi-

330 715 470 769 tiam
509 715 580 768 ab
606 715 729 786 ipso
781 717 839 768 in
895 731 1060 786 quem
1113 716 1472 770 crediderunt
1510 717 1838 790 percipiant.
1871 719 1934 771 Et

335 822 444 858 non
461 806 638 857 deiebo
660 821 856 858 nomen
875 809 994 871 eius
1018 807 1078 857 dc
1101 807 1246 857 iibro
1272 807 1535 859 riualioc
1548 813 1648 867 est,
1694 807 1932 860 scribam

329 908 540 948 nomen
563 894 684 963 ejus
711 894 767 946 in
799 893 942 947 libro
964 893 1110 950 vitae.
1143 894 1235 949 Sic
1250 895 1395 947 enim
1428 895 1667 948 dicitur:
1701 897 1819 949 Non
1849 897 1932 948 de-

334 985 466 1048 lebo,
515 988 790 1058 tanquam
844 981 1148 1048 diceretur,
1181 983 1442 1036 scribam.
1475 983 1597 1046 Quo
1645 989 1836 1037 contra
1868 983 1936 1037 de

330 1070 588 1143 repre’ois
610 1072 704 1141 qui
736 1088 844 1124 non
874 1072 1344 1141 vineunt,dicitur
1374 1075 1542 1141 (’Psal.
1577 1078 1763 1136 vam)
1797 1091 1807 1124 :
1834 1075 1936 1126 Dc-

334 1165 561 1214 leantur
580 1163 641 1214 de
660 1162 800 1213 iibro
818 1161 1308 1224 m‘rentiu1n.Quod
1329 1175 1607 1232 exponens
1617 1161 1927 1231 subjungit.

334 1251 400 1304 Et
423 1267 550 1303 cum
568 1253 740 1316 justis
774 1265 881 1303 non
937 1252 1277 1303 scribantur.
1311 1251 1538 1304 Librum
1572 1257 1759 1304 autem
1790 1251 1932 1314 vita),

334 1356 446 1409 quo
476 1338 802 1392 scribuntur
852 1339 1035 1403 electi,
1071 1339 1621 1408 przedestinationem
1678 1339 1935 1410 omnipo-

329 1428 507 1482 tentis
535 1428 635 1482 Dei
658 1428 924 1481 debemus
941 1428 1281 1498 intelligere,
1303 1429 1434 1499 quia
1463 1429 1703 1499 piaesc'iti
1722 1435 1935 1498 etprae-

331 1517 602 1571 destinati
637 1525 773 1571 sunt
816 1533 1008 1571 omnes
1041 1519 1218 1570 sancti
1250 1525 1379 1572 ante
1413 1520 1599 1571 omnia
1627 1518 1828 1571 smcula
1866 1518 1935 1571 ad

329 1607 509 1660 vitam
549 1607 929 1678 prmordinati,
949 1607 1094 1660 sicut
1123 1608 1387 1678 scriptum
1409 1617 1518 1660 est:
1555 1610 1809 1673 Cognovit
1841 1608 1939 1660 Bo-

335 1700 528 1750 minus
554 1700 653 1764 qui
679 1702 810 1749 sunt
836 1701 950 1763 ejus
979 1699 1052 1762 (11
1079 1698 1214 1750 Tim.
1254 1706 1328 1750 In.
1363 1699 1430 1750 De
1481 1697 1587 1750 hoc
1631 1712 1766 1765 ergo
1799 1697 1938 1750 iibro

2019 542 2331 598 descendit.
2362 543 2583 597 Ostium
2618 549 2803 596 autem
2838 541 2983 614 quod
3012 543 3204 597 eadem
3232 541 3404 594 elavis
3432 539 3616 610 aperit

2015 631 2101 682 vel
2122 631 2351 695 claudit,
2368 631 2548 700 ipsum
2577 631 2947 700 intelligimus
2965 629 3063 687 Dei
3087 638 3143 686 et
3166 629 3461 686 hominum
3494 644 3612 680 me-

2017 719 2317 782 diatorem,
2339 737 2440 790 per
2457 736 2622 790 quem
2645 721 2713 773 ad
2735 722 2905 775 vitam
2930 728 3352 791 aeternamque?
3369 719 3486 789 ipse
3507 721 3612 779 est,

2017 808 2315 872 intramus,
2348 809 2469 879 ipso
2496 809 2750 870 docente,
2773 810 2868 880 qui
2897 811 2977 863 ait
3005 828 3016 862 :
3050 811 3156 876 Ego
3207 827 3331 862 sum
3365 810 3568 861 ostium
3593 823 3610 858 :

2013 912 2113 964 per
2151 914 2234 949 me
2271 901 2320 950 si
2358 901 2482 965 quis
2521 899 2821 962 introierit,
2855 901 3166 953 salrabitur
3197 901 3473 970 (Joan.x),
3502 899 3607 948 etc.

2014 985 2107 1040 Sic
2140 986 2288 1038 enim
2318 987 2438 1058 ipse
2470 987 2639 1040 clavis
2673 994 2728 1040 et
2757 989 2962 1041 ostium
2986 988 3207 1051 dicitur,
3252 986 3394 1039 sicut
3427 986 3618 1056 pastor

2018 1074 2287 1128 ostiarius
2315 1075 2482 1128 simul
2516 1081 2568 1128 et
2586 1077 2790 1129 ostium
2815 1082 3058 1130 vocatur.
3092 1076 3276 1140 Quare
3299 1092 3423 1128 cum
3449 1072 3616 1132 clavis

2023 1160 2197 1215 David
2225 1163 2430 1216 ostium
2463 1165 2661 1234 aperit,
2695 1165 2940 1235 seipsum
2969 1165 3151 1236 aperit
3180 1162 3502 1235 utique,qui
3532 1165 3620 1216 est

2019 1243 2326 1304 secundum
2360 1265 2584 1304 carnem
2625 1258 2809 1314 natus,
2846 1269 3065 1323 passus,
3098 1269 3161 1306 ac
3188 1253 3356 1306 tertia
3382 1251 3470 1305 die
3492 1267 3617 1304 sus-

2017 1339 2242 1395 citatus.
2271 1339 2431 1402 Quod
2464 1341 2669 1393 ostium
2704 1341 2856 1410 prius
2895 1342 3152 1394 clausum
3197 1341 3455 1396 omnibus
3486 1339 3613 1401 fuit,

2020 1429 2263 1498 exceptis
2277 1429 2563 1498 prophetis
2581 1435 2634 1482 et
2656 1429 2863 1482 sanctis
2895 1429 3173 1491 Patribus,
3194 1429 3288 1498 qui
3316 1447 3414 1500 per
3443 1427 3618 1499 Spiri-

2017 1522 2137 1569 tum
2167 1523 2424 1570 sanctum
2474 1517 2882 1588 cognoscebant
2927 1520 3048 1588 ejus
3096 1519 3418 1581 adventum,
3451 1516 3616 1568 modo

2021 1611 2208 1658 autem
2232 1606 2488 1659 omnibUS
2505 1607 2560 1660 in
2583 1607 2868 1661 Christum
2903 1605 3258 1660 credentibus
3279 1605 3618 1677 patefactum

2017 1700 2125 1758 est,
2156 1695 2408 1748 clausum
2447 1712 2575 1749 vero
2607 1696 2928 1750 inﬁdelibus
2979 1701 3184 1748 manet.
3215 1693 3369 1749 Istud
3407 1693 3614 1746 ostium

331 1788 480 1846 ritas,
513 1783 878 1855 reproborum
933 1787 1164 1838 nomina
1206 1785 1380 1839 deleri
1411 1786 1691 1848 dicuntur,
1733 1799 1835 1856 pro
1875 1766 2188 1839 eanemo
2216 1791 2399 1854 potest
2429 1785 2689 1839 claudere
2741 1786 2828 1839 cui
2877 1785 2996 1856 ipse
3040 1785 3299 1838 Christus
3331 1779 3469 1836 illud
3499 1779 3619 1834 vult

333 1872 484 1942 quod
514 1879 604 1925 est
655 1889 754 1942 per
804 1873 1068 1926 meritum
1122 1874 1528 1943 reprobationis
1585 1889 1939 1944 nequaquam

333 1961 523 2026 scribi,
549 1961 693 2014 sicut
715 1968 774 2014 et
805 1961 1112 2014 Pharaonis
1160 1979 1254 2014 cor
1309 1980 1341 2015 a
1393 1961 1630 2016 Domino
1687 1962 1939 2014 indurari

333 2049 564 2110 dicitur,
619 2066 718 2119 pro
765 2065 829 2102 eo
863 2051 1008 2119 quod
1043 2056 1128 2103 est
1154 2050 1420 2104 duritiam
1460 2051 1641 2104 cordis
1682 2053 1803 2119 ejus
1840 2065 1942 2120 per

333 2139 579 2209 gratiam
595 2153 709 2192 non
738 2139 994 2191 emolliri.
1029 2139 1257 2193 Dicatur
1279 2157 1411 2209 ergo
1438 2141 1505 2193 de
1537 2141 1742 2193 victore
1773 2159 1782 2193 :
1817 2141 1936 2194 Non

335 2230 518 2281 delebo
536 2245 727 2280 nomen
753 2231 869 2294 ejus
898 2229 959 2279 de
977 2230 1116 2281 libro
1141 2233 1286 2286 rila':
1322 2229 1464 2299 quod
1497 2230 1610 2282 tale
1641 2236 1742 2294 est,
1773 2229 1938 2301 quale

336 2318 385 2370 si
417 2316 699 2369 diceretur
735 2335 746 2368 :
783 2316 959 2378 Quem
993 2316 1256 2369 victorem
1277 2318 1529 2370 futurum
1563 2318 1694 2382 scio,
1731 2335 1936 2371 nomen

337 2405 463 2474 ejus
489 2405 760 2480 scriptum
808 2404 865 2457 in
888 2405 1040 2458 oculis
1071 2411 1253 2459 teneo.
1287 2407 1349 2459 Et
1401 2409 1693 2474 conﬁtebor
1738 2421 1937 2461 nomen

339 2498 459 2561 (jus
490 2509 671 2546 coram
708 2495 869 2546 Patre
897 2511 1011 2546 meo
1067 2500 1114 2546 et
1163 2510 1347 2547 coram.
1379 2499 1587 2561 angelis
1608 2500 1741 2563 ejus.
1777 2495 1937 2548 Illius

337 2598 545 2635 nomen
567 2598 754 2634 coram
771 2581 936 2634 Patre
968 2599 1068 2636 suo
1099 2583 1355 2636 Christus
1387 2584 1743 2637 conﬁtebitur
1771 2585 1825 2637 in
1857 2584 1939 2638 fu-

324 2677 482 2736 turo,
540 2672 700 2740 cujus
751 2671 1027 2740 approbat
1047 2688 1216 2741 Opera
1245 2673 1302 2725 in
1337 2673 1610 2742 praesenti.
1639 2673 1771 2736 Quze
1811 2689 1938 2727 eon-

326 2759 501 2813 fessio
524 2764 658 2812 tunc
689 2775 876 2812 coram
911 2760 1074 2812 Patre
1106 2766 1162 2813 et
1190 2761 1405 2830 angelis
1436 2762 1558 2829 ejus
1588 2761 1934 2832 implebitur,

330 2863 460 2900 cum
484 2846 553 2900 ad
571 2847 854 2901 dexteram
879 2849 1071 2918 positis
1093 2849 1474 2916 dixeritjustis
1496 2869 1506 2902 :
1550 2851 1746 2914 Venite,
1790 2853 1938 2905 bene-

331 2938 472 2988 ἀπὶ-ει·
501 2939 684 2989 Patris
715 2941 822 2989 mei
849 2939 1069 3004 (Matth.
1099 2954 1247 3004 xxv).
1279 2940 1416 3001 Quae
1444 2945 1577 2992 tunc
1620 2939 1690 2992 ab
1721 2957 1784 2993 eo
1813 2941 1936 2994 lau-

333 3025 538 3078 dabilis
590 3025 644 3078 in
673 3025 962 3095 publicum
1020 3028 1355 3097 proferetur,
1391 3043 1516 3081 cum
1548 3029 1603 3082 in
1638 3029 1937 3099 Evangelio

2022 1873 2260 1942 aperire.
2286 1874 2444 1928 Unde
2475 1874 2713 1943 legimus
2731 1875 2785 1927 in
2814 1874 3044 1928 Actibus
3074 1869 3618 1943 apostolorum,quia

2024 1978 2147 2014 cum
2173 1964 2327 2016 caesis
2357 1963 2644 2033 discipulis
2675 1963 3072 2016 denuntiarent
3097 1961 3294 2026 Judaei,
3328 1973 3398 2013 ne
3419 1961 3616 2032 loque-

2023 2058 2221 2104 rentur
2246 2051 2303 2104 in
2327 2053 2556 2105 nomine
2584 2053 2735 2116 Jesu,
2770 2052 3025 2121 protinus
3054 2050 3147 2104 illo
3200 2066 3260 2103 os
3306 2048 3612 2120 aperiente,

2017 2156 2186 2192 nemo
2201 2145 2421 2210 poterat
2436 2140 2881 2193 claudere.Unde
2899 2139 3337 2209 reSponderunt:
3361 2140 3483 2191 Non
3499 2152 3618 2205 pos-

2019 2246 2211 2281 sumus
2237 2245 2355 2296 qua?
2384 2231 2626 2283 ridimus
2647 2235 2692 2281 ct
2719 2229 3039 2281 audirimus
3072 2244 3183 2280 non
3211 2230 3360 2294 loqui
3381 2228 3441 2294 (Α
3454 2225 3614 2290 ct.1v).

2021 2317 2136 2370 Hoc
2155 2318 2374 2370 Asianis
2387 2318 2635 2370 clausum
2655 2317 2804 2387 aperi
2815 2334 2871 2370 re
2885 2322 3241 2370 tcntavcrant
3256 2313 3619 2386 apostoli,sed

2023 2407 2172 2476 quia,
2189 2423 2253 2460 eo
2283 2407 2600 2466 claudente,
2619 2423 2783 2460 nemo
2806 2406 3006 2477 aperit,
3023 2405 3313 2476 prohibuit
3334 2419 3427 2458 eos
3456 2403 3618 2475 spiri-

2021 2501 2112 2548 tus
2133 2497 2282 2560 Jesu,
2315 2511 2386 2548 ne
2422 2495 2480 2548 in
2513 2496 2645 2548 Asia
2673 2495 3040 2566 loquerentur
3071 2491 3303 2548 verbum
3335 2493 3455 2547 Dei.
3489 2491 3616 2547 Slve

2019 2584 2169 2637 istud
2195 2584 2404 2637 ostium
2437 2600 2736 2654 possumus
2763 2585 3077 2654 intelligere
3117 2599 3333 2637 sacram
3364 2581 3618 2652 Scriptuv

2019 2688 2164 2732 ram.
2196 2689 2360 2743 quam
2393 2673 2512 2743 ipse
2540 2674 2797 2727 Christus
2819 2673 3000 2742 aperit
3028 2671 3283 2725 fidelibus
3333 2670 3390 2724 in
3420 2687 3479 2724 se
3505 2687 3620 2722 cre-

2019 2760 2550 2826 dentibus,etnemo
2573 2761 2799 2815 claudit.
2830 2759 3056 2816 Claudit
3085 2760 3288 2815 Judaeis
3325 2759 3382 2812 in
3413 2758 3616 2812 inlide-

2019 2850 2178 2902 litate
2205 2847 2681 2920 permanentibus,
2708 2857 2763 2903 et
2818 2867 2985 2904 nemo
3038 2850 3236 2920 aperit.
3270 2849 3384 2904 Hoc
3408 2847 3616 2901 ostium

2019 2939 2140 3008 ipse
2161 2939 2504 3011 Redemptor
2517 2946 2709 2992 noster
2728 2945 2862 2993 tunc
2880 2939 3119 3010 primum
3145 2935 3616 3008 aperuit,quando

2021 3033 2150 3098 post
2169 3029 2633 3081 resurrectionem
2657 3043 2816 3082 suam
2849 3028 3064 3082 duobus
3086 3027 3139 3080 in
3164 3028 3250 3080 via
3273 3024 3615 3080 ambulanti-

330 3114 482 3167 idem
512 3112 783 3168 Dominus
813 3115 974 3168 dicit:
1009 3117 1114 3182 Qui
1138 3133 1222 3168 me
1252 3119 1524 3183 confessus
1543 3121 1716 3186 fuerit
1752 3135 1932 3172 coram
1955 3123 1998 3182 ί]
2019 3116 2143 3178 bus,
2162 3121 2227 3168 ut
2246 3115 2624 3186 intelligerent
2645 3116 2984 3186 Scripturas,
3007 3131 3231 3169 sensum
3257 3111 3495 3185 aperuit,
3530 3116 3617 3165 at-

331 3204 671 3270 hominibus,
689 3204 1044 3272 eonﬁteboret
1066 3221 1156 3271 ego
1171 3223 1290 3258 eum
1321 3222 1503 3259 eorum
1533 3212 1692 3260 Patre
1713 3211 1938 3276 meoqu

330 3296 397 3345 in
417 3295 560 3346 ca’lis
586 3298 656 3344 est
691 3294 905 3362 (Matth.
938 3297 1006 3358 xi,
1037 3299 1090 3348 et
1122 3311 1308 3348 coram
1337 3296 1550 3365 angelis
1581 3298 1718 3366 ejus.

407 3382 472 3434 Et
495 3383 686 3448 angelo
733 3383 1124 3450 Philadelphia
1174 3385 1418 3437 Ecclesia}
1437 3387 1621 3440 scribe.
1656 3388 1938 3441 Philadel-

331 3469 487 3540 phia.
503 3471 663 3538 juxta
685 3471 828 3540 quod
854 3471 1002 3524 Beda
1025 3474 1268 3542 exponit,
1303 3475 1708 3545 interpretatur
1723 3479 1938 3530 dilectio

332 3561 612 3626 fraterna.
644 3559 766 3621 Quo
790 3561 1016 3614 nomine
1047 3562 1378 3616 universalis
1409 3563 1651 3618 Ecclesia
1679 3566 1936 3635 designa-

329 3652 447 3710 tur,
474 3661 598 3720 quae
627 3647 685 3700 in
717 3648 1018 3703 dilectione
1040 3649 1138 3704 Dei
1170 3659 1225 3704 et
1255 3653 1491 3722 proximi
1513 3663 1939 3725 versatur,quaz-

334 3751 445 3805 que
467 3751 501 3787 a
531 3736 768 3789 Domino
809 3737 964 3807 diligi
1015 3740 1302 3812 probatur,
1335 3759 1456 3811 qum
1486 3742 1652 3796 dicit:
1685 3746 1938 3797 Narrabo

335 3841 533 3877 nomen
561 3831 721 3877 tuum
755 3827 1030 3892 fratribus
1062 3832 1194 3880 meis
1223 3832 1391 3891 (Psal.
1418 3833 1548 3894 im),
1575 3839 1679 3884 etc.
1706 3832 1824 3896 Vel,
1850 3849 1940 3885 se-

334 3913 585 3967 cundum
609 3913 947 3968 Ansbertum
971 3912 1744 3990 Ambibsiumfhiladelphia
1763 3921 1940 3974 inter-

335 4007 596 4072 pretatur
622 4007 844 4057 saltans
873 4005 1239 4059 hereditatem
1288 4009 1527 4061 Dom-ini.
1562 4009 1682 4073 Quo
1712 4010 1938 4063 nomine

335 4093 461 4162 ipsa
486 4108 708 4162 quoque
760 4093 1004 4146 Ecclesia
1037 4097 1384 4165 exprimitur,
1419 4114 1540 4167 qua:
1581 4099 1936 4169 semetipsum

337 4181 522 4234 salvat
552 4199 676 4234 cum
703 4183 757 4235 in
785 4183 895 4236 fide
924 4191 979 4236 et
1005 4201 1174 4254 opere
1202 4184 1346 4239 bono
1369 4187 1666 4256 proficit,et
1697 4203 1730 4240 a
1752 4189 1939 4242 volun-

331 4274 453 4323 tate
475 4270 562 4324 sui
607 4271 889 4324 Creatoris
919 4287 1207 4342 nunquam
1255 4275 1482 4331 recedit.
1521 4278 1649 4345 Ipsa
1675 4283 1757 4330 est
1788 4278 1936 4330 enim

337 4359 569 4412 Domini
599 4359 914 4422 haereditas,
949 4361 1016 4413 de
1049 4377 1156 4430 qua
1186 4377 1287 4432 per
1318 4364 1668 4418 Psalmistam
1703 4374 1935 4435 paterna

2020 3222 2126 3274 que
2148 3205 2202 3257 in
2223 3221 2282 3257 se
2303 3205 2606 3275 adimpleta
2620 3221 2741 3275 quae
2757 3204 2966 3274 scripta
2987 3204 3224 3257 erantin
3247 3200 3550 3272 legell-loysi
3564 3205 3622 3254 et

2020 3294 2308 3364 prophetis
2339 3300 2395 3347 et
2419 3294 2650 3365 psalmis
2681 3293 2932 3347 edocuit:
2983 3295 3122 3360 Quia
3157 3293 3429 3345 modicam.
3460 3291 3619 3344 habes

2021 3386 2300 3444 uirtutem,
2327 3387 2372 3435 ei
2394 3387 2624 3435 servasti
2643 3384 2864 3436 rei-bum
2882 3396 3084 3447 meum,
3105 3387 3151 3435 et
3171 3393 3280 3435 non.
3297 3382 3505 3446 negasti
3520 3391 3620 3432 no-

2022 3486 2146 3524 men
2178 3487 2355 3523 meum
2389 3471 2538 3524 inter
2565 3473 2852 3540 angustias
2893 3478 2948 3525 et
2972 3470 3421 3542 perturbationes
3451 3468 3619 3537 hujus

2022 3560 2230 3613 saeculi.
2267 3561 2506 3612 Causam
2534 3561 2935 3630 ostenditquod
2961 3561 3082 3612 ideo
3106 3558 3220 3612 haec
3241 3558 3388 3611 dona
3404 3571 3623 3627 prome-

2021 3647 2488 3710 reaturEcclesia,
2507 3649 2641 3718 quia
2665 3665 2774 3702 non
2797 3650 2853 3702 in
2877 3649 2992 3702 suis
3014 3647 3243 3711 viribus,
3278 3645 3374 3699 sed
3392 3646 3449 3698 in
3471 3643 3619 3714 regis

2020 3735 2213 3788 aeterni
2237 3735 2418 3802 giatia
2450 3737 2695 3790 conlidit.
2729 3739 2792 3789 Et
2821 3738 3291 3790 serrastz'rerbzun
3323 3746 3524 3798 meum,
3561 3733 3619 3786 id

2023 3830 2106 3876 est
2138 3822 2366 3876 verbum
2399 3824 2549 3887 ﬁdei,
2592 3832 2638 3878 et
2678 3839 2782 3876 non
2811 3829 3020 3892 iugasti
3043 3840 3240 3877 nomen
3265 3837 3442 3876 meum
3473 3821 3622 3875 inter

2020 3913 2312 3981 angustias
2361 3920 2418 3965 et
2467 3912 2919 3984 perturbationes
2968 3914 3136 3982 hujus
3166 3913 3376 3966 saeculi.
3412 3911 3621 3966 Idcirco

2021 4009 2208 4054 autem
2233 4001 2413 4055 sancti
2435 4002 2584 4055 inter
2602 4001 3056 4072 perturbationes
3082 4002 3252 4071 hujus
3271 4000 3619 4054 szeculiinsu‘

2022 4089 2295 4159 perabiles
2317 4095 2373 4143 et
2393 4090 2604 4158 invicti,
2627 4090 2900 4144 modicam
2924 4091 3184 4144 virtutem
3207 4089 3410 4143 habere
3431 4088 3624 4142 dicun-

2022 4185 2135 4241 tur,
2160 4195 2285 4232 cum
2305 4179 2482 4233 multa
2501 4184 2589 4241 sit,
2615 4180 2746 4250 quia
2778 4180 2953 4233 multa
2981 4193 3082 4250 per
3111 4179 3416 4240 Christum,
3451 4191 3624 4249 parva

2023 4276 2210 4321 autem
2230 4275 2401 4339 perse
2423 4286 2585 4339 posse
2601 4277 2970 4340 praesumunt,
2994 4269 3144 4323 unde
3157 4273 3214 4323 et
3235 4270 3428 4323 dicunt
3459 4267 3618 4335 (Psol.

2023 4361 2130 4423 Lis)
2158 4376 2168 4410 :
2196 4359 2260 4410 In.
2285 4361 2385 4411 Ι)εο
2414 4362 2682 4424 faciemus
2713 4363 2996 4421 rirtutem,
3029 4364 3075 4412 et
3101 4362 3209 4428 ipse
3258 4359 3331 4412 ad
3377 4359 3623 4411 nihilum

334 4447 405 4499 ad
430 4446 632 4500 Filium
674 4465 806 4500 voce
864 4449 1104 4501 dicitur:
1141 4452 1356 4502 Postulo
1387 4465 1419 4503 a
1449 4469 1552 4514 me,
1585 4460 1632 4505 et
1678 4454 1813 4506 dabo
1843 4440 2006 4507 tibiD
2029 4445 2260 4499 deducet
2278 4445 2531 4499 inimicos
2559 4452 2798 4499 nostros.
2831 4445 2988 4500 Unde
3013 4452 3069 4500 et
3103 4445 3386 4516 apostolus
3419 4445 3626 4499 Paulus

335 4541 522 4600 gentes
545 4535 914 4589 Iwreditatem
935 4543 1086 4589 tuam
1112 4539 1259 4606 (Psal
1305 4547 1381 4604 Ii).
1417 4541 1685 4594 Hac-diri!
1705 4542 1940 4596 Sanetus

337 4629 385 4676 et
409 4639 592 4688 νει-τις,
611 4627 710 4690 qui
736 4625 890 4677 habet
918 4629 1118 4678 clarem
1160 4627 1352 4689 David,
1387 4631 1486 4694 qui
1504 4633 1682 4696 operit
1712 4638 1758 4683 et
1785 4647 1940 4684 nemo

331 4713 570 4775 claudit,
594 4713 807 4765 claudit
829 4719 876 4764 ιιι
901 4729 1056 4765 nemo
1075 4718 1273 4782 aperit.
1288 4715 1408 4769 Scio
1428 4731 1594 4785 opera
1619 4722 1733 4782 tua,
1751 4719 1803 4771 id
1829 4725 1935 4784 est,

333 4799 480 4869 eligo
503 4816 676 4869 opera
698 4805 814 4854 tua.
839 4801 964 4854 Ecce
999 4803 1125 4854 dedi
1145 4819 1332 4856 eorum.
1360 4810 1406 4856 te
1435 4809 1635 4859 ostium
1658 4813 1930 4874 apertum,

333 4889 482 4955 quod
511 4904 666 4941 nemo
687 4895 852 4956 potest
885 4891 1159 4943 claudere.
1194 4891 1402 4944 Idcirco
1452 4895 1837 4965 principaliter
1872 4915 1936 4950 ac

334 4976 705 5045 singulariter
727 4985 980 5031 sanctum
1035 4984 1092 5032 et
1133 4995 1322 5033 verum
1360 4982 1656 5036 Dominum
1690 4986 1937 5056 seipsum

333 5066 604 5135 appellat,
641 5066 772 5136 quia
805 5073 861 5120 et
891 5068 936 5119 si
969 5068 1240 5136 quosdam
1272 5069 1418 5122 inter
1446 5071 1700 5125 homines
1718 5080 1940 5126 sanctos

333 5153 575 5207 dicimus
599 5162 654 5208 et
682 5171 922 5220 veraces,
957 5157 1025 5209 ad
1050 5159 1524 5226 comparationem
1569 5164 1760 5214 tamen
1790 5161 1941 5216 illius

333 5241 530 5294 nullus
559 5247 644 5295 est
673 5249 897 5296 sanctus
929 5251 982 5296 et
1010 5259 1192 5300 verus.
1224 5245 1357 5315 quia
1413 5247 1530 5313 ipse
1562 5258 1644 5301 est
1675 5250 1941 5303 sanctitas

335 5336 396 5384 et
417 5329 644 5384 veritas.
677 5331 834 5385 Unde
863 5332 1130 5403 scriptum
1163 5340 1250 5386 est
1281 5351 1294 5388 :
1357 5336 1480 5388 Ecre
1534 5340 1682 5389 inter
1729 5343 1940 5392 sanctos

335 5435 499 5472 nemo
530 5422 899 5475 iimnutabzlis
932 5424 1068 5491 (Job.
1121 5431 1232 5488 xv).
1275 5422 1531 5494 Itemque
1589 5427 1888 5496 Apostolus
1923 5447 1935 5482 :

340 5508 535 5562 Omnis
552 5509 708 5562 homo
737 5511 975 5564 mendax
994 5513 1146 5564 solus
1184 5519 1369 5565 autem
1393 5515 1529 5566 Deus
1558 5531 1725 5568 rerar
1759 5518 1932 5584 (Itum.

332 5609 419 5663 m,
434 5595 514 5668 4).
540 5596 755 5652 Claram
775 5600 950 5653 David
969 5597 1239 5655 debemus
1257 5601 1569 5672 intelligere
1586 5603 1936 5659 incarnatio-

2023 4547 2145 4586 cum
2180 4533 2409 4587 dixisset
2457 4549 2516 4588 se
2563 4535 2688 4605 plus
2720 4535 2978 4589 omnibus
3025 4535 3308 4588 laborasse
3339 4535 3627 4604 apostolis,

2026 4627 2212 4675 custos
2225 4639 2340 4676 suae
2362 4623 2696 4677 humilitatis
2707 4625 2896 4677 statim
2913 4623 3232 4688 subnexuit,
3261 4621 3474 4676 dicens:
3504 4623 3625 4677 Non

2022 4717 2206 4763 autem.
2229 4729 2337 4778 ego,
2363 4714 2453 4764 sed
2473 4719 2660 4779 gratia
2687 4715 2781 4766 Dei
2800 4725 3006 4765 meeum
3035 4715 3088 4781 (I
3107 4715 3344 4776 (Jorxv).
3379 4710 3621 4764 Etalibi:

2024 4800 2460 4869 0mm‘a,inquit,
2481 4817 2699 4868 poi-sum
2726 4805 2785 4854 in
2809 4815 2864 4854 eo
2886 4803 2985 4868 qui
3006 4813 3089 4852 me
3102 4803 3372 4867 con/artat
3402 4801 3620 4867 (Philip.

2017 4893 2111 4951 Iv).
2138 4887 2225 4941 Sic
2245 4888 2435 4958 itaque
2452 4889 2658 4942 dicitur
2679 4903 2690 4936 :
2709 4883 2981 4942 Modicum
3011 4889 3173 4941 habes
3195 4885 3476 4953 virtutem,
3498 4893 3626 4942 tan-

2034 4989 2200 5046 quam
2233 4975 2545 5030 diceretur:
2581 4977 2814 5031 Parvam
2847 4981 2901 5030 te
2929 4983 3094 5046 putas
3119 4973 3322 5029 habere
3342 4975 3626 5041 virtutem,

2023 5066 2116 5119 sed
2142 5064 2198 5119 in
2225 5066 2328 5119 hoc
2352 5081 2614 5135 magnam
2648 5066 2836 5130 babes,
2871 5066 3001 5136 quia
3046 5077 3134 5118 me
3169 5064 3440 5134 largiente
3471 5071 3630 5120 tenes

2026 5153 2255 5207 verbum
2288 5154 2417 5207 ﬁdei
2448 5169 2604 5217 meae,
2636 5159 2692 5207 et
2721 5169 2831 5208 non
2857 5155 3074 5224 negasti
3118 5169 3321 5208 nomen
3341 5167 3547 5220 meum,
3575 5159 3632 5210 et

2023 5242 2149 5295 ideo
2167 5259 2268 5312 per
2288 5259 2377 5296 me
2399 5244 2576 5296 multa
2595 5243 2842 5313 potuisti,
2860 5245 2991 5314 quia
3013 5244 3069 5297 in
3097 5241 3314 5297 collatis
3329 5240 3627 5298 virtutibus

2024 5347 2132 5383 non
2157 5331 2412 5384 timuisti.
2440 5332 2536 5384 Vel
2552 5337 2700 5385 certe
2725 5331 2997 5386 modicam
3020 5334 3281 5385 virtutem
3305 5329 3474 5385 habet
3493 5343 3627 5386 san-

2022 5425 2110 5472 cta
2141 5418 2388 5472 Ecclesia
2411 5419 2467 5472 in
2494 5421 2754 5488 praesenti
2775 5422 3192 5492 comparatione
3214 5420 3365 5473 illius
3378 5419 3617 5486 virtutis,

2022 5534 2188 5587 quam
2219 5515 2482 5570 habitura
2515 5522 2600 5570 est
2629 5519 2686 5570 in
2711 5520 2899 5574 futuro
2930 5521 3152 5591 quando
3183 5516 3340 5573 nulla
3366 5513 3619 5583 tristitia,

2019 5606 2172 5660 nullo
2203 5606 2392 5661 labore
2423 5606 2726 5680 affligetur.
