3992 6166
273 268 389 328 993

1201 277 1584 334 EXPOSITIO
1610 280 1688 334 1N
1712 279 2234 336 APOCALYPSIN.
2260 313 2325 322 —
2354 283 2490 337 LIB.
2517 284 2560 338 Ι.

3439 292 3543 351 994

275 398 548 452 eﬁ‘usione
568 399 653 453 sui
675 401 984 471 sanguinis,
1007 401 1293 456 hominem
1327 419 1453 456 cum
1483 419 1586 457 sua
1605 405 1870 474 progenie
1887 407 1930 462 Α
1955 410 2053 458 ter.
2084 406 2288 470 (Galat.
2314 407 2414 474 ιγ).
2447 407 2515 461 Et
2549 407 2668 478 ipse
2703 408 2935 479 spiritus
2954 410 3336 466 testimonium
3359 415 3546 471 reddit

267 487 512 542 reduxit.
549 488 684 552 Quae
721 489 979 544 videlicet
1007 491 1346 545 introductio
1369 509 1479 546 non
1501 493 1680 546 solum
1706 493 1763 546 in
1782 493 1869 546 his

267 575 639 647 intelligenda
669 583 772 642 est,
807 579 900 650 qui
925 581 1040 649 jam
1073 580 1221 633 exuti
1247 580 1573 650 corporibus
1603 581 1658 634 in
1685 581 1870 652 specie

269 665 539 719 laetantur
567 665 624 719 in
668 667 841 734 caelis,
883 685 1074 722 verum
1107 669 1276 722 etiam
1307 670 1375 722 de
1415 669 1502 722 his
1545 671 1641 739 qui
1685 671 1869 724 adhuc

268 761 686 808 commorantes
707 755 761 808 in
779 771 946 808 canae
959 757 1251 831 perﬁdam
1283 757 1700 828 ambulant,spe
1725 775 1870 828 gau-

266 843 470 896 dentes
491 843 550 896 in
578 843 764 900 terris.
785 844 869 896 Ab
894 845 996 898 hoc
1013 845 1220 915 gaudio
1238 847 1356 916 spei
1383 863 1493 900 non
1513 847 1873 915 egredientur

266 931 536 1001 amplius,
561 932 696 1002 quia
715 932 772 986 in
799 949 1044 1004 superna
1073 941 1393 988 sanctorum
1419 935 1600 1004 gloria
1630 935 1872 990 solidan-

267 1027 386 1085 tur,
403 1020 502 1090 qui
531 1020 590 1074 in
615 1020 798 1090 primo
826 1022 1002 1075 Adam
1027 1023 1282 1076 amisisse
1301 1040 1364 1077 ac
1382 1023 1531 1076 foras
1551 1024 1728 1077 exisse
1747 1041 1872 1094 pro-

267 1107 500 1162 bantur.
533 1109 693 1164 Unde
721 1109 994 1164 Dominus
1023 1111 1079 1164 in
1112 1112 1414 1181 Evangelio
1451 1112 1617 1166 dicit:
1650 1114 1718 1166 Et
1744 1131 1869 1167 eum

265 1201 368 1265 qui
397 1200 546 1251 venit
565 1199 640 1251 ad
668 1215 752 1250 me
781 1215 892 1252 non
918 1203 1135 1266 ejiciam
1168 1203 1320 1267 foras
1344 1197 1700 1268 (Joan.vI).Et
1719 1201 1867 1254 Psal-

1949 493 2172 562 spiritui
2188 501 2395 549 nostro.
2407 496 2552 567 quod
2567 513 2760 550 sumus
2773 497 2875 552 ﬁlii
2889 498 3169 562 Dei.Quod
3183 507 3372 554 autem
3387 503 3537 560 dicit:

1949 584 2018 637 Et
2047 601 2242 637 nomen.
2271 587 2510 638 civitatis
2527 589 3284 655 norisJerusalem,subaudis
3303 597 3544 654 scribam

1951 688 2122 742 super
2149 689 2277 726 eum
2300 673 2396 742 qui
2428 673 2638 737 vicerit,
2663 675 2742 727 ita
2772 682 2859 730 est
2883 677 3470 756 intelligendum,quia
3489 687 3546 740 in

1953 777 2188 829 numero
2219 767 2540 815 sanctorum
2573 779 2671 831 per
2693 763 2902 819 donum
2933 767 3174 838 Spiritus
3199 773 3376 826 sancti
3413 791 3547 830 con-

1953 849 2188 903 sortium
2217 850 2318 904 Dei
2349 851 2676 905 merebitur.
2709 854 3020 909 Jerusalem
3050 865 3390 931 autem,quze
3410 863 3546 920 visio

1952 937 2104 1009 pacis
2129 939 2552 1008 interpretatur,
2579 941 2648 994 de
2671 941 2806 996 coelo
2836 960 2870 996 a
2895 944 3012 998 Deo
3055 947 3393 1005 descendere
3423 969 3549 1023 per-

1951 1026 2194 1092 hibetur,
2236 1026 2292 1080 in
2317 1027 2500 1098 capite
2524 1029 2736 1083 scilicet
2771 1048 2895 1098 suo,
2927 1033 3016 1087 cui
3055 1036 3214 1089 unita
3243 1045 3329 1092 est
3360 1057 3462 1111 per
3485 1045 3546 1096 ﬁ-

1952 1114 2100 1182 dem,
2119 1115 2425 1169 secundum
2449 1117 2596 1186 quod
2626 1118 2758 1172 alibi
2775 1119 2997 1175 dicitur:
3018 1124 3185 1178 Nemo
3205 1129 3450 1184 ascendit
3482 1135 3546 1186 in

1951 1207 2162 1269 corium,
2197 1207 2309 1256 nisi
2338 1208 2437 1271 qui
2466 1205 2530 1256 de
2559 1210 2682 1260 calo
2709 1209 2979 1262 descendit
3007 1213 3188 1279 (Joan.
3222 1216 3546 1284 In),etc.Vel

264 1286 437 1339 mista
459 1289 601 1354 :[pse
615 1288 918 1341 Deusmeus
939 1293 989 1341 et
1017 1292 1290 1342 salutaris
1312 1293 1869 1354 meus,nonmovebor
1948 1300 2102 1346 certe
2131 1291 2186 1345 in
2215 1308 2280 1346 eo
2319 1293 2389 1346 de
2419 1293 2556 1346 coelo
2589 1294 2897 1362 descendit,
2921 1299 3053 1368 quia
3078 1302 3351 1374 quidquid
3375 1307 3546 1363 habet

263 1377 514 1444 amplius
533 1375 1078 1445 (Psat.LxI).Dicatur
1101 1395 1267 1449 ergo:
1295 1381 1402 1445 Qui
1421 1381 1634 1441 vicerit,
1656 1380 1866 1446 faciam
1947 1379 2008 1433 in
2047 1380 2176 1444 ﬁde,
2201 1381 2261 1434 in
2303 1381 2563 1450 operibus
2606 1381 2785 1450 bonis,
2820 1385 3039 1440 caelitus
3067 1404 3102 1441 a
3129 1390 3243 1444 Deo
3272 1397 3539 1467 percepit;

262 1466 434 1518 illum
465 1467 784 1518 columnam
812 1468 873 1518 in
907 1469 1103 1534 templo
1125 1468 1220 1520 Dei
1239 1471 1378 1529 mei;
1417 1467 1530 1521 acsi
1560 1467 1862 1524 diceretur:
1941 1469 2102 1538 juxta
2132 1470 2269 1523 illud
2310 1471 2548 1540 apostoli
2576 1470 2798 1526 Jacobi:
2851 1474 3020 1529 Omne
3045 1478 3239 1532 datum
3270 1466 3542 1548 optimum

268 1552 586 1607 Electorum
603 1568 900 1606 numerum
932 1569 1097 1622 quem
1128 1555 1392 1608 victorem
1416 1572 1538 1608 esse
1559 1573 1860 1625 praenosco,
1945 1559 2079 1625 (Jac.
2116 1565 2174 1625 Ι),
2207 1564 2310 1612 etc.
2337 1559 2486 1613 Bene
2514 1567 2704 1614 autem
2733 1579 2874 1616 nova
2903 1571 3148 1630 vocatur,
3185 1569 3318 1638 quia
3345 1570 3540 1626 videli-

265 1641 667 1694 mandatorum
693 1657 948 1694 meorum
972 1643 1264 1712 praeceptis
1285 1643 1602 1712 astringens
1622 1643 1678 1696 in
1697 1646 1865 1698 cmle-
1947 1650 2035 1698 cet
2063 1663 2161 1716 per
2189 1647 2472 1701 lavacrum
2507 1651 2948 1716 regenerationis
2985 1653 3149 1707 simul
3190 1663 3248 1710 et
3276 1659 3536 1730 spiritum

261 1729 366 1782 stis
380 1729 581 1799 patriae
597 1729 853 1790 aediﬁcio,
878 1731 1026 1800 quod
1045 1730 1240 1800 utique
1263 1748 1328 1784 ex
1355 1731 1494 1802 ipsis
1509 1739 1730 1786 constat
1757 1721 1927 1787 ele—B
1945 1733 2259 1788 dilectionis
2289 1741 2568 1790 vetustate
2594 1739 2804 1792 terreni
2827 1738 3069 1794 hominis
3097 1721 3459 1816 exspoliatur,
3483 1756 3541 1804 et

261 1818 370 1872 etis
393 1817 684 1872 inﬂexibili
705 1834 896 1872 amore
916 1819 1258 1872 solidabo.Et
1287 1822 1439 1887 foras
1469 1837 1577 1874 non
1618 1823 1866 1888 egredie-

263 1914 381 1972 tur,
414 1907 702 1972 subaudis,
727 1907 898 1960 nullis
927 1907 1138 1960 inimici
1159 1908 1513 1962 suasionibus
1533 1910 1615 1962 vel
1641 1911 1864 1964 terrori-

263 1995 368 2050 bus
387 1995 460 2048 ab
480 1996 578 2049 illa
597 1995 839 2049 caelestis
851 1997 1046 2066 patria:
1059 1997 1344 2050 communi
1365 1999 1630 2052 felicitate
1653 2001 1827 2053 avelle
1841 2030 1859 2042 -

256 2084 544 2148 tunQuod
555 2089 744 2138 autem
759 2085 934 2138 Filius
945 2085 1045 2138 Dei
1063 2085 1241 2139 Deum
1256 2103 1316 2139 se
1329 2086 1535 2141 habere
1548 2088 1702 2153 dicit,
1719 2089 1866 2142 sicut

255 2173 318 2226 in
330 2172 774 2244 praecedentibus
783 2174 898 2243 jam
911 2174 1079 2227 dixim
1087 2175 1384 2240 us,secund
1393 2192 1484 2228 um
1497 2176 1866 2230 humanitatis

256 2263 504 2316 formam
529 2261 918 2332 accipiendum
958 2268 1062 2327 est,
1087 2263 1145 2316 in
1181 2279 1293 2334 qua
1330 2265 1499 2317 etiam
1528 2281 1639 2318 non
1680 2266 1860 2318 solum

254 2351 455 2416 Patre,
485 2350 580 2405 sed
597 2351 768 2404 etiam
786 2351 866 2403 sei
871 2367 970 2420 pso
990 2352 1176 2405 minor
1192 2369 1314 2406 esse
1340 2352 1628 2422 probatur.
1651 2355 1717 2408 Et
1728 2357 1863 2408 scr-i-

257 2451 387 2502 bam
418 2463 584 2517 super
613 2451 779 2502 illum
812 2465 1007 2502 nomen
1033 2449 1132 2502 Dei
1159 2452 1287 2515 mei,
1313 2455 1361 2503 et
1395 2467 1594 2505 nomen
1620 2454 1862 2506 civitatis

254 2563 410 2600 nera:
441 2548 767 2611 Jerusalem,
805 2563 923 2613 qua:
951 2547 1225 2600 descendit
1276 2549 1338 2600 de
1368 2549 1492 2602 cwlo
1519 2565 1553 2602 a
1592 2550 1695 2602 Deo
1722 2567 1856 2604 meo.

255 2644 525 2699 Calamus
541 2660 650 2714 quo
674 2659 881 2698 nomen
901 2645 1051 2698 istud
1067 2643 1598 2716 inscribitur,gratia
1617 2647 1858 2717 Spiritus

253 2741 440 2794 sancti
469 2741 824 2811 intelligitur,
837 2759 940 2811 per
969 2759 1138 2812 quam
1160 2742 1285 2796 Filii
1310 2743 1409 2798 Dei
1431 2745 1723 2798 efﬁcimur.
1744 2745 1860 2798 Hoc

251 2845 346 2894 est
374 2839 528 2918 enim
577 2839 724 2910 quod
773 2839 928 2905 dicit,
972 2841 1210 2893 scribam
1254 2857 1418 2909 super
1459 2845 1624 2896 illum
1659 2859 1858 2897 nomen

248 2939 356 2992 Dei
387 2939 516 3002 mei,
546 2935 604 2990 id
635 2941 738 3002 est,
771 2937 973 2990 faciam
1003 2935 1162 2990 illum
1195 2954 1316 2992 esse
1357 2939 1535 2992 ﬁlium
1567 2939 1668 2993 Dei
1707 2941 1851 3007 mei;

247 3041 337 3101 ut,
365 3035 514 3088 sicut
539 3050 644 3104 ego
676 3051 800 3088 sum
829 3034 978 3088 ﬁlius
1007 3050 1109 3104 per
1129 3042 1410 3100 naturam,
1444 3037 1533 3090 ita
1563 3044 1623 3090 et
1651 3037 1744 3091 ille
1777 3037 1907 3100 sitC
1938 3034 2086 3130 LXVI),

248 3147 357 3203 per
377 3129 640 3200 gratiam.
677 3131 837 3194 Quod
880 3138 1072 3185 autem
1116 3131 1222 3185 hoc
1265 3149 1366 3202 per
1409 3133 1678 3203 Spiritum
1726 3151 1856 3188 san-

1947 1821 2156 1876 coelesti
2176 1824 2422 1878 novitate
2444 1825 2694 1880 vestitur.
2711 1827 2852 1881 Hinc
2864 1829 3072 1884 Paulus
3091 1830 3244 1886 dicit:
3269 1835 3538 1892 Ern-entes

1946 1917 2173 1964 veterem
2205 1913 2482 1967 hominem
2503 1931 2630 1968 cum.
2659 1917 2870 1969 actibus
2895 1919 3034 1986 suis,
3066 1921 3280 1975 induite
3309 1939 3532 1994 novum,

1947 2002 2046 2067 qui
2065 2005 2437 2055 renovaturin
2464 2005 2805 2069 agnitionem
2820 2007 2918 2059 Dei
2949 2006 3330 2076 (Colos.1m.Et
3364 2013 3535 2069 alibi:

1956 2087 2136 2141 Vetera
2156 2092 2642 2149 transierunt,ecce
2652 2094 2800 2159 facta
2812 2101 2943 2147 sunt
2957 2111 3095 2150 nova
3115 2103 3304 2152 omnia
3323 2103 3400 2168 (ΙΙ
3411 2103 3530 2158 Cor.

1947 2177 2096 2244 v).Et
2123 2193 2320 2230 nomen
2353 2195 2535 2232 meum
2563 2181 3087 2248 novum,subaudis,
3103 2201 3274 2256 super
3291 2204 3417 2243 eum
3441 2193 3538 2262 qui

1945 2263 2137 2318 vicerit
2163 2264 2426 2334 scribam,
2447 2272 2512 2320 ut
2533 2267 2744 2322 scilicet
2768 2285 2802 2322 a
2834 2286 2920 2323 me
2943 2287 3035 2341 qui
3065 2272 3323 2329 Christus
3350 2293 3533 2346 vocor,

1945 2369 2011 2405 ex
2049 2359 2300 2424 tempore
2329 2361 2559 2408 vocetur
2595 2355 2716 2426 ipse
2738 2358 3110 2427 Christianus,
3137 2361 3196 2414 id
3235 2370 3321 2418 est
3353 2367 3538 2436 gratia

1943 2440 2188 2511 Spiritus
2216 2443 2394 2497 sancti
2425 2445 2815 2510 unctus.Quod
2834 2463 3039 2502 nomen
3069 2466 3271 2506 novum
3303 2471 3414 2509 non
3443 2471 3536 2510 se-

1944 2531 2188 2584 cundum
2218 2531 2588 2599 divinitatem,
2616 2550 2783 2602 quam
2816 2537 3046 2606 aequalis
3067 2539 3218 2593 Patri
3237 2558 3462 2615 semper
3480 2551 3538 2600 et

1945 2619 2178 2690 Spiritui
2208 2627 2400 2674 sancto
2429 2621 2654 2689 mansit,
2681 2624 2778 2677 sed
2799 2627 3104 2680 secundum
3133 2629 3367 2685 formam
3389 2635 3534 2688 servi

1943 2707 2346 2779 accepit,quam
2373 2709 2431 2762 in
2455 2714 2708 2780 tempore
2745 2713 2930 2781 gratia
2954 2715 3112 2767 unxit
3139 2717 3381 2786 Spiritus
3401 2737 3532 2775 san-

1940 2795 2034 2859 cti,
2063 2803 2120 2850 et
2143 2814 2175 2850 a
2201 2813 2304 2851 suo
2329 2799 2556 2852 nomine
2586 2799 2747 2852 nobis
2777 2800 2880 2855 hoc
2911 2803 3259 2874 privilegium
3283 2806 3452 2873 dedit,
3469 2816 3534 2864 ut

1937 2883 2007 2938 ab
2037 2885 2158 2956 ipso
2179 2885 2484 2940 Christiani
2511 2888 2952 2957 appellemur,de
2974 2907 3084 2961 quo
3106 2894 3334 2948 nomine
3355 2897 3532 2951 Isaias

1936 2973 2368 3044 prophetadicit:
2393 2975 2457 3028 Et
2483 2992 2661 3030 servos
2679 2994 2802 3030 suos
2825 2981 3032 3033 vocabit
3049 2986 3529 3058 nominealio(lsa.

2097 3062 2151 3116 id
2167 3068 2253 3116 est
2269 3063 2610 3118 Christiano.
2635 3064 2774 3118 Hinc
2788 3073 2937 3120 Certe
2951 3068 3195 3139 dignitas
3207 3071 3388 3140 nobis,
3407 3075 3536 3129 hinc

1941 3151 2215 3205 celsitudo
2235 3153 2509 3222 provenit,
2532 3153 2664 3208 hinc
2681 3171 2859 3223 reges,
2883 3155 3015 3210 hinc
3037 3161 3378 3228 sacerdotes,
3401 3163 3531 3218 hinc

247 3235 410 3284 ctum
445 3227 778 3292 fiat,Paulus
806 3229 1131 3282 manifestat
1159 3228 1378 3283 dicens:
1416 3233 1564 3284 Misit
1585 3231 1724 3284 Deus
1738 3234 1854 3300 δρί-
1940 3239 2242 3294 Christiani
2272 3257 2555 3295 vocamur.
2577 3241 2682 3296 Ubi
2698 3251 2886 3297 autem
2904 3247 3088 3315 potius
3104 3264 3308 3304 nomen
3329 3227 3528 3306 salutis

245 3330 433 3381 ritum
458 3327 590 3381 Filii
615 3329 719 3379 sui'
735 3329 795 3380 in
825 3329 990 3380 corda
1019 3331 1197 3380 vestra
1225 3329 1743 3393 clamantem,.4bba
1761 3331 1857 3383 Pa-
1938 3335 2120 3392 sonat,
2153 3329 2230 3383 ibi
2257 3329 2481 3384 tandem
2513 3330 2604 3384 hic
2625 3331 2767 3385 liber
2797 3333 3046 3388 debitum
3079 3335 3245 3392 ﬁnem
3277 3341 3530 3411 accipiat.

2615 3461 3530 3488 Ἦ

1407 3593 1728 3668 LIBER
1806 3593 2390 3670 SECUNDUS.

671 3807 1030 3873 SEQUITUR
1055 3807 1288 3862 CAPUT
1318 3805 1418 3863 ΙΙΙ.
1937 3808 2080 3858 testis
2097 3811 2146 3859 et
2175 3808 2350 3874 ﬁdelis
2373 3823 2552 3862 verus.
2573 3811 2751 3864 Amen
2767 3811 2992 3866 Graecus
3011 3830 3194 3868 sermo
3217 3821 3320 3882 est,
3336 3816 3532 3872 Latine

320 3899 387 3954 Et
425 3900 621 3967 angelo
669 3900 932 3952 Laodicia
957 3899 1200 3952 Ecclesia:
1229 3899 1420 3951 scribe.
1454 3897 1718 3952 Laodicia
1762 3895 1852 3950 in-
1933 3892 2678 3964 interpretaturverum,sive
2693 3899 3107 3972 ﬁdeliter,quod
3121 3903 3348 3958 verbum
3365 3921 3530 3960 nemo

241 3993 604 4060 terpretatur
626 3989 802 4041 tribus
833 3989 1096 4040 amabilis
1128 3987 1378 4050 Domino,
1401 3987 1515 4040 sive
1535 3989 1768 4054 fuerunt
1789 3989 1853 4039 in
1935 3981 2306 4052 interpretum
2339 3984 2398 4038 in
2413 3985 2583 4039 aliam
2614 3986 2862 4056 linguam
2883 3991 3298 4057 transtulit,sed
3319 3993 3532 4049 eisdem

237 4081 482 4132 vomitu.
507 4077 641 4140 Quae
662 4077 857 4146 utique
879 4075 1370 4146 interpretationes
1391 4075 1569 4129 ambae
1591 4075 1850 4129 Ecclesiae
1932 4071 2137 4125 litteris
2176 4073 2328 4142 apud
2359 4090 2554 4128 omnes
2583 4081 2782 4144 gentes
2810 4077 3069 4145 habetur,
3105 4079 3306 4135 veritas
3342 4088 3532 4137 autem

237 4166 676 4224 Laodicensium
707 4171 994 4236 aptantur,
1029 4165 1084 4218 in
1117 4181 1228 4234 qua
1273 4171 1436 4218 erant
1466 4163 1692 4234 quidam
1735 4163 1848 4234 spi-
1929 4175 2050 4231 ipse
2081 4166 2167 4215 est
2195 4161 2450 4216 Christus
2491 4163 2588 4233 qui
2638 4165 2694 4218 in
2729 4165 3232 4236 Evangeliqdicit:
3260 4169 3370 4238 Ego
3408 4187 3534 4226 sum

237 4257 362 4310 ritu
393 4255 690 4322 ferventes,
707 4259 763 4308 et
778 4253 878 4308 Dei
904 4269 1098 4307 amore
1125 4253 1316 4314 dediti,
1333 4259 1503 4323 atque
1525 4253 1622 4306 alii
1649 4251 1844 4322 tepidi,
1869 4327 1900 4330 _
1930 4253 2133 4302 veritas
2161 4251 2348 4318 (Joan.
2371 4251 2668 4314 xxv).Unde
2693 4259 2750 4306 et
2777 4253 2898 4324 ipse
2925 4255 3166 4311 maxime
3201 4257 3260 4311 in
3291 4258 3537 4330 Evange-

237 4345 488 4414 ideoque
536 4349 599 4397 ut
642 4343 793 4397 noxii
822 4343 930 4396 cibi
959 4342 1269 4396 evomendi.
1303 4342 1433 4396 Haec
1463 4347 1652 4396 autem
1681 4327 2010 4395 verbaDIio
2042 4338 2144 4392 hoc
2167 4338 2488 4408 juramento
2521 4357 2684 4394 suum
2715 4358 3031 4397 sermonem
3061 4345 3288 4414 format,
3321 4348 3434 4403 acsi
3453 4349 3533 4404 di-

239 4449 374 4505 quze
406 4431 664 4486 Ecclesize
708 4431 1133 4486 Laodicensium
1175 4431 1441 4484 dicuntur
1467 4430 1718 4500 generali
1748 4431 1854 4483 Ec-
1936 4431 2045 4492 cat,
2091 4426 2224 4496 quia
2271 4427 2477 4482 veritas
2521 4444 2648 4482 sum
2689 4429 3178 4498 incommutabilis,
3225 4451 3327 4506 per
3363 4437 3534 4508 hujus

239 4521 431 4575 clesiaa
477 4519 832 4586 conveniunt,
867 4519 926 4573 in
969 4535 1080 4590 qua
1127 4519 1294 4572 simul
1342 4525 1476 4574 sunt
1518 4518 1668 4573 misti
1719 4519 1850 4572 boni
1937 4514 2210 4569 orationis
2241 4516 2576 4586 particulam
2609 4518 3085 4592 demonstro.Ipse
3111 4523 3257 4577 enim
3291 4524 3536 4594 singula-

240 4627 378 4664 cum
411 4609 596 4670 malis,
623 4625 862 4680 quorum
895 4607 1121 4678 quidam
1151 4625 1185 4661 a
1218 4611 1327 4663 Deo
1357 4607 1686 4678 diliguntur,
1721 4607 1848 4678 qui-

235 4698 378 4752 dam
410 4714 540 4751 vero
574 4697 644 4751 ab
675 4713 771 4751 ore
791 4697 891 4750 Dei
917 4696 1286 4767 repelluntur.
1314 4696 1420 4750 Sed
1449 4697 1688 4766 primum
1720 4712 1850 4750 con-

233 4773 611 4842 siderandum
641 4791 728 4840 est
765 4785 912 4856 quod
942 4785 1150 4839 dicitur
1187 4785 1421 4838 Joanni:
1454 4787 1646 4847 scribe,
1675 4785 1732 4838 id
1763 4789 1849 4838 est

232 4873 451 4928 litteris
465 4871 672 4925 manda
691 4872 760 4924 ad
780 4871 1081 4926 utilitatem
1105 4871 1358 4926 ﬁdelium
1378 4873 1852 4929 futurorum.Sive

233 4961 394 5034 quod
416 4960 498 5014 illi
527 4959 914 5022 dicitur,omni
927 4960 1112 5014 ordini
1129 4960 1558 5031 praedicatorum
1573 4961 1850 5030 congruit,

231 5049 332 5106 cui
361 5049 573 5104 dicitur
601 5050 792 5115 scribe,
833 5048 891 5102 id
937 5055 1019 5102 est
1065 5049 1270 5103 manda
1310 5056 1498 5104 mente
1527 5055 1644 5115 tua,
1677 5050 1763 5102 vel
1794 5049 1852 5102 in

233 5137 530 5193 mentibus
559 5137 885 5192 auditorum
936 5143 1166 5192 tuorum
1199 5139 1293 5208 qui
1325 5139 1564 5193 audiunt
1591 5139 1850 5192 reconde.

228 5226 399 5284 Libri
421 5226 570 5280 enim
589 5233 645 5280 et
662 5233 886 5280 sanctos
907 5225 1312 5296 signiﬁcant,et
1333 5227 1516 5293 ipsum
1529 5227 1851 5280 Dominum.

228 5315 404 5372 Unde
427 5321 545 5370 est:
578 5317 730 5369 Libri
746 5317 928 5382 aperti
944 5319 1096 5381 sunt,
1111 5319 1160 5368 et
1180 5319 1330 5370 alius
1355 5319 1492 5370 liber
1510 5321 1734 5384 apertus
1755 5321 1849 5382 est,

229 5405 346 5472 qui
372 5407 450 5456 est
470 5405 619 5458 vita!
644 5402 1048 5471 ipoc.xx).1deo
1069 5404 1278 5458 dicitur
1300 5404 1560 5468 scribe,in
1589 5404 1849 5458 cordibus

234 5490 468 5546 scilicet
508 5491 832 5545 auditorum
864 5491 1163 5557 bonorum,
1199 5493 1332 5564 quia
1374 5491 1480 5564 ipsi
1519 5499 1652 5546 sunt
1696 5492 1844 5559 libri,

231 5579 551 5650 diligenter
579 5595 767 5643 exara,
813 5596 937 5650 quae
981 5581 1266 5650 intelligis.
1301 5583 1421 5637 [lac
1463 5582 1616 5644 dicit,
1663 5597 1848 5649 amen,

1931 4603 2070 4657 riter
2098 4619 2286 4669 amen,
2320 4604 2376 4658 id
2415 4611 2519 4671 est,
2553 4607 2900 4678 sempiterna
2927 4610 3150 4676 veritas,
3191 4617 3360 4682 atque
3405 4613 3532 4668 ideo

1929 4697 1994 4746 ut
2021 4691 2498 4747 incommutabilis
2521 4694 2629 4748 ista
2648 4694 2852 4748 veritas
2873 4701 2932 4749 et
2951 4702 3162 4750 aeterna
3180 4699 3528 4765 ostendatur,

1933 4779 2100 4833 etiam
2125 4780 2309 4852 ipsum
2331 4781 2560 4836 verbum
2583 4799 2616 4834 a
2637 4783 2790 4836 nullo
2815 4790 3222 4861 commutatum
3249 4791 3337 4840 est
3363 4788 3534 4842 inter-

1933 4869 2200 4938 prete.De
2227 4885 2338 4940 quo
2359 4869 2529 4923 etiam
2551 4869 2832 4935 subditur,
2857 4875 3006 4925 testis
3032 4875 3229 4938 fidelis.
3247 4875 3356 4928 Sed
3381 4892 3531 4930 nun-

1935 4959 2069 5029 quid
2095 4974 2207 5012 non
2244 4959 2474 5013 fuerunt
2499 4957 2594 5012 alii
2619 4962 2790 5012 testes
2811 4959 3086 5025 ﬁdeles,id
3107 4966 3192 5014 est
3209 4961 3365 5016 veri?
3386 4965 3531 5020 Nam

1934 5047 2104 5101 Jacob
2133 5047 2419 5117 perhibuit
2444 5047 2828 5101 testimonium
2868 5047 3112 5114 Christo,
3138 5049 3365 5106 dicens:
3407 5055 3530 5109 Non

1935 5137 2144 5202 deﬁciet
2176 5138 2432 5208 princeps
2473 5137 2537 5189 de
2582 5136 2732 5190 Juda
2781 5136 2929 5203 (Gen.
2981 5136 3148 5208 XLIX),
3177 5143 3282 5194 etc.
3311 5141 3532 5213 Moyses

1937 5241 2160 5295 quoque
2190 5223 2300 5277 ait:
2337 5225 2665 5292 Prophetam
2704 5225 2852 5278 vobis
2880 5227 3168 5281 suscitabit
3197 5229 3336 5284 Deus
3365 5237 3536 5286 vester

1935 5315 1998 5366 de
2027 5314 2304 5380 fratribus
2323 5315 2514 5365 vestris
2539 5314 2710 5382 (De-ut.
2748 5314 2824 5380 x).
2857 5313 2949 5367 Sic
2977 5315 3448 5381 Isaias,Jeremias
3477 5325 3536 5374 et

1930 5401 2137 5465 caeteri,
2163 5400 2262 5472 qui
2299 5401 2492 5454 omnes
2521 5401 2715 5472 utique
2737 5406 2910 5456 testes
2936 5402 3126 5458 ﬁdeles
3156 5405 3402 5469 fuerunt,
3444 5406 3530 5459 vel

1933 5491 2067 5556 veri,
2102 5490 2236 5560 quia
2266 5506 2461 5543 verum
2501 5489 2888 5545 testimonium
2919 5491 2988 5544 de
3021 5491 3241 5547 Christo
3280 5493 3534 5564 protule-

1931 5585 2085 5635 runt.
2133 5579 2320 5643 Quare
2366 5579 2471 5634 hoc
2516 5579 2788 5635 Dominus
2835 5579 3152 5652 specialiter
3190 5581 3258 5635 de
3301 5597 3360 5636 se
3398 5579 3535 5638 dicit
