3992 6166
488 242 591 300 995
907 242 1286 298 HAYMONIS
1325 241 1816 298 HALBERSTAT.
1860 241 2084 301 EPISG.
2126 238 2285 297 OPP.
2327 237 2511 297 PARS
2549 238 2595 293 Ι.
2639 266 2703 279 --
2744 238 3118 295 COMMENT.
3162 242 3337 297 BIBL.
3610 244 3699 303 996

485 381 624 447 cum.
643 364 759 421 sint.
786 365 957 420 etiam
985 366 1149 420 multi
1178 371 1350 421 testes
1375 366 1491 420 veri
1518 371 1689 436 atque
1707 365 1920 433 ﬁdeles,
1944 364 2077 436 quia
2094 362 2239 425 Acit
2282 361 2549 417 Salomon
2579 378 2643 415 ex
2675 378 2919 433 persona
2945 365 3152 421 Christi
3175 384 3188 419 :
3220 369 3472 421 Dominus
3505 372 3703 439 possedit

484 442 744 508 videlicet
772 454 890 524 ipse
920 452 1286 523 singulariter
1310 458 1395 507 est
1422 454 1583 507 testis
1608 470 1791 515 verus,
1834 452 1932 524 qui
1973 469 2088 507 non
2167 468 2250 505 me
2290 454 2353 505 in
2383 453 2548 504 initio
2585 454 2804 505 tiaram
2842 470 3109 517 suarum,
3144 454 3203 508 id
3233 462 3340 521 est,
3377 456 3433 510 in
3472 457 3703 529 principio

488 548 744 596 mutatur
772 534 1091 612 aliquando.
1125 542 1282 595 Sicut
1323 543 1469 597 enim
1502 540 1819 612 specialiter
1857 549 2089 596 sanctus
2166 540 2450 595 actionum
2506 557 2775 607 suarum;
2826 547 3126 610 antequam
3177 546 3470 617 quidquam
3516 547 3703 612 faceret,

489 626 720 696 dicitur,
750 646 877 684 cum
904 635 959 683 et
989 629 1085 682 alii
1115 630 1292 683 sancti
1324 630 1490 685 multi
1520 636 1670 695 sunt,
1705 630 1801 701 qui
1830 631 2085 685 videlicet
2164 629 2355 683 taliter
2384 634 2468 684 est
2506 629 2959 699 intelJigendum,
2986 628 3137 700 quod
3167 632 3310 687 Deus
3337 640 3488 704 pater
3510 650 3706 689 omnem.

488 714 904 791 comparatione
931 718 1098 785 illius,
1133 719 1230 789 qui
1268 725 1355 772 est
1391 719 1512 773 sine
1544 727 1789 789 peccato,
1825 720 2082 773 homines
2165 724 2481 773 creaturam
2512 725 2629 772 tam
2661 719 2967 775 humanam
2996 736 3169 791 quam
3186 723 3489 791 angelicam
3507 738 3711 792 suapos-

486 806 677 880 injusti
692 807 1000 862 sunt.Licet
1017 807 1166 861 enim
1187 807 1283 861 isti
1303 808 1418 861 sint
1435 809 1830 873 sancti,tamen
1845 809 1974 878 quia
1987 809 2082 862 ho-
2164 807 2372 861 sideret
2410 808 2707 878 sapientia,
2742 825 2842 879 per
2869 825 3039 883 quam
3065 815 3123 864 et
3151 810 3339 865 omnia
3360 809 3603 874 condidit,
3618 812 3710 866 sive

487 892 666 951 mines
694 901 823 950 sunt
855 895 998 967 puri,
1024 900 1250 965 peccato
1275 912 1471 949 carere
1488 912 1599 949 non
1618 900 1876 966 possunt,
1898 902 1955 950 et
1984 897 2082 951 ali-
2164 894 2218 948 in
2251 895 2389 948 coelo
2418 895 2531 950 sive
2571 895 2629 949 in
2654 903 2824 949 terra.
2860 897 2918 950 Si
2945 901 3161 962 autem,
3176 897 3321 952 sicut
3345 898 3401 952 in
3419 898 3710 969 quibusdam

488 986 712 1058 quando
733 970 1366 1039 mentiuntur.Christus
1388 989 1574 1039 autem
1603 984 1976 1039 essentialiter
1998 992 2085 1039 est
2165 983 2451 1038 codicibus
2472 991 2529 1039 et
2548 985 2606 1039 in
2630 985 2741 1055 alia
2766 985 3135 1041 translatione
3158 985 3393 1041 habetur
3420 988 3713 1058 legeremus,

488 1068 737 1141 sanctus,
772 1080 829 1127 et
856 1089 1040 1137 verus,
1074 1073 1206 1143 quia
1235 1080 1525 1144 peccatum
1574 1090 1683 1129 non
1724 1073 1871 1137 fecit,
1912 1074 1968 1127 id
1999 1080 2084 1129 est
2166 1072 2439 1127 Dominus
2470 1073 2677 1127 creavit
2719 1091 2827 1138 me,
2864 1075 2947 1128 ita
3001 1085 3088 1129 est
3141 1074 3570 1147 intelligendum.
3604 1077 3711 1146 quia

489 1160 844 1219 mendacium
866 1178 1154 1232 nunquam
1170 1162 1349 1217 ullum
1368 1162 1437 1215 ab
1456 1179 1551 1215 ore
1573 1179 1673 1215 suo
1691 1163 2084 1233 processit.Te-
2165 1166 2469 1231 antequam
2515 1161 2821 1232 quidquam
2860 1164 3089 1225 faceret,
3139 1181 3298 1219 suam
3342 1164 3713 1235 praedestinavit

487 1253 588 1308 stis
607 1260 794 1307 autem
819 1257 905 1305 est
925 1251 1305 1321 Christus,qui
1327 1250 1433 1306 sibi
1449 1257 1505 1305 et
1526 1252 1676 1306 Patri
1695 1252 2083 1327 testimonium
2166 1250 2500 1320 sapientiam
2531 1251 2951 1313 incarnandam,
2985 1258 3049 1306 ut
3077 1269 3176 1307 sua
3210 1253 3464 1323 passione
3486 1260 3537 1307 et
3563 1260 3712 1307 morte

487 1338 793 1415 perhibuit,
815 1340 1004 1395 dicens
1029 1358 1039 1392 :
1069 1326 1178 1407 Ego
1208 1346 1255 1393 et
1285 1343 1446 1393 Pater
1460 1357 1639 1393 unum
1655 1358 1849 1395 sumus
1881 1326 2076 1411 (Junii.
2163 1354 2346 1406 genus
2376 1339 2685 1393 humanum
2716 1340 3099 1407 redimeret,et
3117 1342 3434 1413 adpatriam
3448 1355 3712 1397 revocaret.

492 1436 569 1501 κ).
600 1430 871 1486 Similiter
918 1434 974 1483 et
1019 1429 1137 1499 ipse
1163 1429 1330 1482 Pater
1356 1430 1436 1482 ait
1460 1448 1478 1481 ξ
1503 1431 1604 1483 Hic
1627 1435 1699 1483 est
1726 1431 1903 1485 Filius
1933 1447 2085 1485 meus
2167 1425 2325 1481 Tunc
2354 1427 2412 1480 in
2442 1427 2717 1498 principio
2743 1427 2937 1499 utique
2966 1445 3194 1484 suarum
3228 1429 3503 1484 actionum
3530 1430 3585 1485 in
3601 1429 3716 1482 divi-

491 1523 722 1574 ditectus
737 1516 1320 1588 {Matt/r.111).Necnon
1335 1518 1503 1571 etiam
1521 1519 2085 1589 etSpiritussanctus,
2169 1516 2363 1578 nitate,
2412 1532 2576 1570 suam
2616 1517 2948 1587 sapientiam
2989 1518 3237 1589 possedit
3281 1519 3365 1575 vel
3405 1518 3595 1573 creavit
3630 1517 3713 1573 sibi

491 1609 560 1663 de
591 1624 700 1681 quo
731 1596 880 1660 idem
913 1605 1182 1662 Dominus
1233 1607 1500 1679 apostolis
1530 1605 1695 1661 dicit:
1735 1610 1875 1662 Cum
1901 1614 2086 1661 autem.
2168 1604 2460 1672 aequalem,
2485 1620 2610 1657 cum
2630 1620 2854 1658 carnem
2879 1606 3234 1675 postmodum
3264 1606 3537 1676 suscipere
3554 1606 3711 1659 voluit.

494 1700 704 1751 venerit
718 1699 1033 1750 Paraclotus
1051 1712 1209 1764 quem
1232 1712 1322 1762 ego
1344 1699 1564 1748 mittam
1585 1698 1729 1749 vobis
1743 1712 1776 1749 α
1792 1699 1973 1759 Patre,
1994 1700 2086 1751 ille
2102 1707 2152 1767 Β
2172 1692 2326 1746 Solet
2347 1692 2494 1746 enim
2510 1693 2843 1765 plerumque
2856 1710 3019 1747 sacra
3035 1694 3328 1765 Scriptura
3340 1711 3409 1749 ea
3420 1711 3541 1766 quae
3561 1694 3719 1748 futura

492 1774 869 1839 testimonium
889 1785 1201 1851 por/libebit
1218 1785 1282 1836 (Ie
1301 1800 1381 1836 me
1404 1783 1901 1859 {Joan.xv).0uiest
1919 1789 2084 1853 prin-
2170 1788 2321 1846 sunt,
2355 1783 2514 1853 quasi
2539 1784 2659 1853 jam
2691 1782 2843 1835 facta
2867 1784 3270 1838 narrare.i\'am
3295 1790 3353 1838 et
3370 1784 3438 1855 de
3454 1778 3717 1839 nobisdicit

494 1876 705 1942 cipium
742 1879 1007 1927 creatum
1036 1874 1150 1933 Dei,
1182 1871 1238 1926 id
1267 1878 1354 1926 est
1381 1872 1450 1925 de
1482 1889 1591 1942 quo
1612 1874 1795 1928 omnis
1824 1879 2084 1928 creatura
2167 1870 2474 1943 Apostolus
2505 1872 2711 1939 (Ephes-
2746 1873 2807 1938 ι),
2827 1872 2975 1942 quod
3008 1872 3243 1942 elegerit
3274 1888 3370 1926 nos
3399 1875 3459 1926 in
3486 1875 3589 1942 ipso
3613 1876 3714 1926 ante

491 1961 733 2035 sumpsit
775 1961 1020 2016 initium.
1050 1961 1253 2015 Omnia
1282 1961 1433 2015 enim
1465 1978 1587 2030 qua:
1611 1968 1744 2015 sunt
1772 1963 1828 2016 in
1856 1964 1999 2017 coelo
2028 1970 2086 2018 et
2166 1962 2372 2013 mundi
2400 1962 2864 2014 constitutionem.
2883 1959 2941 2014 Si
2969 1976 3101 2031 ergo
3131 1961 3715 2032 omnipotensDeus,st-

490 2051 549 2104 in
578 2056 749 2116 terra,
773 2046 831 2104 in
860 2044 1003 2104 mari
1031 2056 1088 2104 et
1116 2052 1174 2104 in
1198 2049 1456 2104 omnibus
1487 2050 1830 2122 abyssis,per
1855 2051 2085 2106 verbum
2167 2048 2412 2103 cundum
2461 2049 2717 2118 Apostoli
2760 2049 3119 2115 sententiam,
3148 2066 3346 2106 omnes
3386 2051 3575 2104 electos
3610 2055 3715 2106 ante

491 2136 593 2193 Dei
623 2139 769 2194 facta
785 2139 1079 2194 sunt.Cum
1103 2156 1235 2208 ergo
1258 2139 1447 2193 omnia
1467 2155 1566 2211 per
1586 2139 1744 2193 illum
1768 2140 1915 2195 facta
1930 2148 2082 2206 sunt,
2170 2137 2363 2192 mundi
2389 2137 2849 2192 constitutionem
2881 2138 3070 2208 elegit,
3100 2138 3236 2210 quid
3267 2139 3546 2204 mirum,si
3565 2138 3720 2208 ipsum

488 2222 683 2296 utique
714 2232 875 2296 pater
903 2225 1035 2297 quia
1061 2226 1180 2296 ipse
1213 2233 1299 2280 est
1325 2234 1456 2281 ante
1483 2227 1687 2281 omnia.
1719 2229 1915 2300 Neque
1938 2230 2088 2285 enim
2172 2231 2343 2297 caput
2375 2226 2681 2280 electorum
2713 2227 2769 2291 in
2799 2243 2904 2281 sua
2932 2227 3421 2298 prsedestinatione
3456 2232 3721 2296 antequam

488 2316 658 2369 Pater
700 2314 902 2371 Filium
951 2315 1234 2384 praecessit
1262 2320 1516 2385 tempore
1556 2317 1637 2369 vel
1668 2317 1901 2386 origine,
1943 2318 2090 2373 sicut
2171 2315 2481 2387 quidquam
2506 2313 2735 2379 faceret,
2774 2310 3057 2371 ordinavit
3084 2322 3148 2370 ut
3178 2323 3329 2371 esset
3353 2322 3515 2388 caput
3548 2315 3721 2369 electo-

485 2418 590 2457 nec
616 2392 807 2454 radius
836 2400 969 2455 solis
1013 2402 1098 2455 vel
1146 2401 1292 2471 ignis
1336 2419 1498 2457 suum
1529 2405 1795 2474 praecedit
1844 2406 2086 2462 calorem
2169 2403 2334 2456 rum?
2362 2404 2441 2456 De
2478 2403 2600 2473 ipso
2626 2403 2775 2457 enim
2824 2404 2960 2458 dicit
3002 2405 3339 2475 Apostolus:
3377 2405 3435 2459 Ut
3460 2408 3561 2473 ipsc
3585 2404 3645 2456 sit
3671 2404 3715 2453 in

485 2492 571 2545 vel
602 2486 977 2562 splendorem.
1029 2491 1262 2562 Semper
1290 2488 1442 2546 enim
1494 2492 1599 2546 fuit
1633 2493 1819 2558 Pater,
1868 2511 2056 2567 sempe

1707 2499 1819 2558 ter,
1868 2511 2090 2567 semper
2171 2493 2424 2545 omnibus
2449 2495 2765 2560 primatum
2795 2497 2980 2547 tenens
3004 2494 3190 2560 (Catos.
3224 2497 3283 2557 Ι).

486 2575 616 2657 cum
656 2596 720 2633 eo
762 2578 953 2645 Filius,
979 2579 1078 2650 qui
1103 2576 1296 2650 utique
1332 2597 1366 2634 a
1404 2580 1569 2635 Patre
1596 2598 1706 2635 non
1728 2590 1813 2637 est
1839 2589 2084 2654 creatus,
2238 2577 2359 2635 Scio
2381 2596 2543 2649 opera
2575 2586 2690 2645 tua,
2715 2584 2846 2650 quia
2871 2598 3040 2650 neque
3069 2580 3317 2650 frigidus
3337 2600 3406 2648 cs,
3426 2597 3581 2649 neque
3605 2580 3716 2632 rali-

488 2666 587 2723 sed
615 2668 860 2739 genitus.
871 2668 1215 2739 Principium
1241 2670 1432 2740 itaque
1453 2670 1635 2724 omnis
1657 2679 1931 2727 creaturae
1955 2673 2086 2728 dici-
2168 2671 2519 2731 du.v;utinam
2536 2668 2778 2737 frigidus
2791 2672 3391 2728 cssesautcalidus!8ect
3402 2673 3528 2739 quia
3541 2667 3715 2738 tepidus

486 2763 599 2823 tur,
637 2750 772 2827 quia
800 2748 870 2810 ab
909 2757 1009 2811 illo
1034 2763 1235 2812 cuncta
1259 2758 1560 2813 exsistendi
1584 2759 1793 2816 habent
1836 2761 2079 2817 initium.
2170 2773 2240 2822 cx,
2274 2759 2542 2816 incipiam
2575 2762 2621 2809 te
2644 2772 2881 2810 evomere
2908 2774 2973 2810 σιτ
3000 2772 3091 2810 ore
3122 2749 3610 2812 meo-Manifestum
3631 2760 3714 2817 θεῖν

487 2846 646 2901 Unde
670 2851 728 2900 et
768 2846 887 2916 ipse
914 2846 1401 2923 interrogantibus,
1427 2848 1634 2903 Judzeis
1663 2848 1788 2920 quis
1815 2851 1959 2905 esset
1994 2869 2093 2906 red
2170 2846 2303 2915 quia
2359 2861 2425 2899 ea
2461 2862 2585 2916 quae
2636 2850 2769 2899 sunt
2830 2845 3052 2916 frigida.
3083 2847 3173 2901 vel
3220 2844 3421 2911 calida,
3465 2844 3717 2900 comede"?

484 2928 741 3005 spondit:
773 2937 1125 3003 Principium
1156 2939 1256 3003 qui
1282 2941 1329 2989 et
1360 2941 1552 3004 loquor
1577 2939 1722 2991 vobis
1758 2940 2083 3006 (Joan.vm).
2104 2942 2146 3002 C
2171 2940 2229 2988 et
2255 2933 2449 2988 bibere
2474 2944 2790 3005 possumus,
2832 2936 3023 3006 tepida
3067 2952 3201 2991 vere
3252 2946 3455 3009 corpus
3501 2941 3718 2988 nostrum

484 3016 645 3078 Unde
666 3029 724 3077 et
752 3023 962 3078 Paulus
983 3023 1116 3078 dicit
1139 3026 1328 3089 (Catos.
1361 3027 1425 3091 1):
1447 3026 1553 3091 Qui
1580 3031 1653 3079 est
1681 3031 1865 3095 imago
1892 3031 2085 3082 inrisi-
2164 3029 2395 3095 propter
2418 3024 2693 3078 vom-itum
2719 3024 2867 3077 ferre
2887 3039 3003 3078 non
3019 3028 3219 3096 potest.
3241 3026 3366 3080 'Fali
3387 3026 3567 3096 itaque
3583 3020 3723 3077 modo

487 3110 613 3165 bilis
644 3114 760 3172 Dei,
786 3114 1192 3181 primogcnilus
1218 3116 1399 3166 omnis
1424 3115 1899 3183 crcaturaQuem
1912 3116 2082 3173 etiam
2166 3113 2557 3183 accipiendum
2583 3118 2688 3177 est,
2726 3114 2877 3183 quod
2898 3114 2989 3169 hic
3017 3115 3291 3171 Dominus
3335 3115 3495 3169 dicit:
3531 3115 3717 3166 utinm

486 3216 558 3253 ne
582 3205 844 3270 putemus
873 3207 1145 3264 creatum,
1172 3199 1363 3254 statim
1395 3201 1685 3271 subjunxit
1707 3225 1718 3258 :
1744 3206 1809 3259 In
1825 3222 1936 3272 quo
1953 3222 2083 3259 cons
2165 3204 2408 3270 frigidus
2446 3219 2597 3263 esses,
2634 3207 2733 3255 aut
2765 3204 2979 3257 calidus
2996 3221 3015 3266 ;-
3045 3206 3137 3258 sed
3165 3208 3305 3272 quia
3337 3204 3541 3273 tepidus
3561 3216 3623 3267 ea,
3652 3201 3722 3254 in-

484 3290 604 3341 dita
624 3292 756 3341 sunt
774 3288 1472 3359 univcrsa.Primogenitus
1487 3307 1621 3360 ergo
1637 3297 1721 3346 est
1741 3293 1922 3347 omnis
1934 3310 2086 3348 crea-
2167 3294 2370 3358 ciptam
2414 3296 2459 3345 te
2486 3308 2723 3345 evomere
2754 3308 2818 3344 ea:
2845 3308 2935 3345 ore
2974 3309 3108 3346 meo.
3140 3293 3359 3362 Frigidi
3403 3293 3589 3363 itaque
3613 3291 3721 3342 sunt

483 3381 647 3438 turaa,
668 3390 703 3428 a
731 3392 840 3445 quo
866 3383 922 3429 et
950 3393 1051 3446 per
1080 3394 1244 3447 quem
1273 3379 1453 3431 omnis
1483 3386 1740 3434 creatura
1756 3388 1948 3435 exorta
1976 3390 2080 3436 est.
2166 3381 2344 3435 Judaei
2375 3382 2460 3434 vel
2490 3382 2716 3453 pagani,
2743 3381 2814 3435 ab
2840 3398 2905 3436 eo
2930 3383 3142 3436 scilicet
3174 3384 3399 3454 glaciali
3433 3384 3605 3452 rigore
3618 3394 3720 3432 con-

489 3460 687 3519 Ariani
716 3459 928 3528 dicunt,
963 3466 1109 3535 quod
1134 3456 1306 3519 Filius
1338 3466 1438 3519 Dei
1469 3474 1729 3523 creatura
1759 3471 1920 3524 estin
1941 3470 2091 3524 Divi;
2169 3469 2370 3531 stricti,
2395 3469 2464 3522 de
2488 3486 2597 3540 quo
2624 3470 2854 3524 dicitur:
2879 3470 3183 3526 Ascendam
3210 3488 3380 3540 super
3405 3471 3720 3525 altitudinem

484 3552 680 3618 nitate,
705 3560 975 3622 negantes
1002 3570 1131 3608 eum
1155 3560 1285 3609 ante
1311 3556 1543 3609 Mariam
1576 3556 1771 3623 fuisse,
1790 3559 1891 3613 sed
1920 3576 2079 3615 πιθη-
2172 3560 2428 3619 nubium,
2460 3575 2667 3627 ponam
2694 3561 2870 3612 sedem
2900 3576 3077 3613 meam
3103 3562 3178 3613 ad
3203 3564 3536 3630 aquilonem,
3566 3564 3609 3611 et
3648 3570 3719 3609 ero

482 3641 724 3695 tiuntur.
757 3641 932 3695 Filius
966 3642 1113 3695 enim
1145 3643 1246 3697 Dei
1284 3643 1402 3714 ipse
1433 3649 1516 3698 est
1545 3646 2078 3716 sapientia,dicente
2160 3648 2657 3700 similisAltissimo
2682 3648 2806 3714 (Isa.
2830 3650 2967 3718 XIV).
2988 3649 3190 3718 Aquilo
3211 3650 3364 3702 enim
3386 3656 3572 3703 ventus
3590 3644 3720 3713 frigi-

482 3731 680 3797 Paulo,
705 3730 989 3785 Christum
1015 3731 1113 3785 Dei
1133 3731 1397 3785 virtutem
1425 3739 1482 3786 et
1500 3734 1599 3787 Dei
1620 3734 1976 3805 sapientiam.
2012 3738 2081 3791 Et
2163 3736 2268 3788 dus
2289 3734 2545 3788 diabolus
2561 3741 2665 3801 est,
2690 3736 2777 3789 cui
2795 3737 2851 3789 in
2866 3737 3110 3791 Canticis
3141 3738 3489 3793 canticorum
3516 3735 3714 3790 dicitur:

483 3819 786 3890 Apostolus
805 3819 875 3872 ad
898 3820 1072 3872 Deum
1090 3820 1546 3874 Patrem:0mnia
1577 3825 1639 3875 in
1667 3827 1940 3891 sapientia
1954 3827 2081 3892 feci-
2166 3824 2359 3891 Surge,
2387 3827 2596 3893 aquilo,
2620 3830 2667 3877 et
2690 3826 3327 3895 veni,austcr(Cant.rv).
3347 3823 3715 3898 Surge,aquilo,

482 3909 557 3959 sti
578 3908 632 3972 (Ι
657 3907 779 3960 Cor.
804 3907 864 3972 1).
898 3906 1038 3960 Cum
1062 3923 1195 3976 ergo
1227 3907 1346 3978 ipse
1377 3908 1451 3963 sit
1479 3908 1759 3979 sapientia
1788 3910 1991 3980 Patris,
2025 3917 2082 3966 et
2163 3913 2216 3966 id
2248 3918 2350 3973 est,
2383 3913 2598 3978 recede,
2628 3910 2864 3967 diabole.
2887 3912 3048 3980 Veni,
3076 3919 3287 3983 auster,
3313 3916 3498 3970 veniat
3516 3913 3718 3984 Spiritus

481 3992 577 4047 isti
603 3993 1025 4048 afﬁrmanteum
1049 4002 1297 4050 creatum
1320 3997 1376 4050 in
1399 4003 1846 4069 tempore,atque
1863 3999 2081 4054 ideodi-
2167 4010 2413 4059 sanctus.
2447 4000 2542 4072 qui
2586 4016 2687 4055 suo
2734 4001 2978 4056 adventu
3029 3996 3324 4057 calefaciat
3373 4008 3431 4058 et
3482 4000 3720 4057 illuminet

484 4087 622 4137 cunt
652 4083 787 4154 quia
815 4088 937 4137 erat
983 4089 1209 4155 tempus
1247 4082 1470 4156 quando
1516 4102 1631 4141 non
1674 4095 1814 4141 erat.
1848 4080 2087 4160 Propter
2168 4090 2339 4143 corda
2368 4084 2681 4155 hominum,
2715 4096 2778 4144 ut
2806 4091 3033 4162 pariant
3061 4106 3233 4162 opera
3254 4090 3542 4147 virtutum.
3570 4085 3718 4144 Calidi

484 4174 592 4228 hoc
620 4172 882 4226 videlicet
912 4173 1059 4242 quod
1084 4190 1186 4244 per
1206 4172 1560 4229 Snlomonem
1589 4177 1708 4247 ipsa
1725 4177 1826 4232 Dei
1859 4178 2084 4250 sapien-
2168 4177 2419 4248 suntqui
2451 4179 2506 4232 in
2535 4174 2755 4233 fervore
2790 4179 3023 4251 spiritus
3066 4181 3123 4234 in
3151 4180 3251 4235 Dei
3278 4187 3335 4235 et
3362 4178 3589 4253 proximi
3613 4175 3722 4231 dlle-

483 4258 567 4312 tia
757 4257 1271 4354 Domtnus‘posscdit
1292 4274 1398 4327 me,
1423 4260 1507 4314 vel
1524 4263 1752 4339 creavit,
1775 4259 2078 4319 secundum
2098 4295 2147 4354 Β
2169 4268 2355 4322 ctione
2382 4266 2714 4322 consistunt.
2747 4262 2962 4340 Tepidi,
2997 4270 3091 4341 qui
3124 4284 3226 4324 nec
3254 4287 3321 4324 ex
3362 4270 3479 4325 toto
3509 4267 3721 4323 inﬁdeles

489 4345 639 4416 quod
666 4344 778 4397 alia
800 4344 1095 4399 translatio
1126 4346 1311 4407 habet,
1347 4350 1409 4401 in
1439 4352 1603 4403 initio
1624 4354 1843 4406 t‘z‘arznn
1882 4357 2069 4421 (Prov.
2098 4344 2143 4354 ’⁷
2164 4362 2315 4414 sunt.
2358 4368 2459 4411 nec
2486 4354 2647 4411 avide
2679 4357 2751 4410 ad
2776 4357 3059 4412 Christum
3095 4354 3354 4415 tendant.
3391 4361 3529 4414 Sunt
3563 4358 3721 4411 autern

485 4432 629 4502 vm).
660 4430 718 4487 Si
743 4432 849 4485 hoc
881 4446 1071 4487 verum
1104 4434 1207 4501 est,
1241 4436 1435 4505 utique
1461 4438 1609 4508 quod
1637 4441 1791 4495 nefas
1818 4446 1903 4496 est
1933 4444 2082 4513 cogi-
2164 4452 2218 4500 et
2272 4444 2521 4517 quidam,
2557 4446 2654 4516 qui
2700 4445 2855 4517 prius
2902 4447 3128 4518 quidem
3179 4442 3411 4503 fuerunt
3465 4447 3650 4518 frigidi,
3677 4448 3721 4497 et

484 4521 798 4587 tare,Deus
814 4521 981 4574 Pater
1018 4523 1225 4577 stultus
1248 4530 1387 4590 erat,
1415 4530 1715 4598 antequam
1748 4531 2078 4600 sapientiam
2165 4535 2360 4589 multis
2393 4534 2720 4589 criminibus
2751 4528 2994 4601 obnoxii,
3029 4537 3126 4590 sed
3163 4537 3494 4608 plerumque
3532 4538 3719 4591 sanctus

483 4624 644 4666 suam
666 4610 1155 4681 gehera‘reLCerte
1176 4611 1284 4682 ipsi
1315 4629 1520 4683 negare
1550 4632 1661 4669 non
1680 4626 1911 4688 possunt
1932 4619 2081 4690 quod
2165 4623 2406 4695 Spiritus
2428 4624 2625 4678 talium
2658 4622 2825 4679 corda
2868 4625 3068 4698 tangit.
3103 4626 3223 4691 (ἔξω)
3251 4626 3599 4690 inflammati,
3630 4625 3721 4677 fer-

485 4700 605 4772 ips'e
629 4700 704 4754 sit
733 4700 831 4754 Dei
853 4700 1301 4770 sapi‘entia,sicut
1337 4704 1639 4773 Apostolus
1671 4706 1750 4759 ait
1784 4702 1835 4776 (Ῑ
1860 4709 1980 4763 Cor.
2015 4708 2074 4775 ι).
2165 4718 2354 4768 ventes
2386 4713 2742 4767 efﬁciuntur:
2774 4713 2870 4784 qui
2902 4716 3113 4784 quanto
3139 4730 3199 4769 se
3228 4722 3544 4786 peccatores
3581 4712 3720 4767 fuisse

484 4788 857 4860 Ideoqaeillis
876 4789 1225 4844 stulti‘ssi'mis
1243 4790 1562 4847 hominibus
1582 4802 1639 4847 et
1656 4795 1877 4849 ratione
1893 4808 2082 4850 caren-
2161 4802 2550 4869 remi-dantur,
2582 4814 2646 4855 eo
2676 4801 2919 4873 amplius
2947 4800 3304 4858 liberatorem
3327 4812 3492 4858 suum
3522 4802 3720 4871 diligere

483 4878 636 4932 tibus
660 4878 956 4959 dicendum
988 4880 1074 4933 est
1097 4896 1108 4931 :
1136 4878 1192 4934 Si
1213 4880 1364 4934 Deus
1392 4882 1598 4935 stultus
1619 4885 1923 4948 erat,unde
1945 4901 2079 4956 ergo
2162 4895 2452 4961 appetunt,
2483 4902 2611 4943 cum
2642 4891 2935 4945 recedente
2965 4892 3282 4962 iniquitate,
3311 4893 3544 4963 ignescit
3572 4882 3719 4943 chari-

482 4971 600 5019 tam
641 4966 928 5036 sapienter
954 4968 1145 5021 omnia
1164 4967 1413 5022 condidit
1433 4968 1461 5021 ε»
1490 4970 1560 5023 Et
1587 4986 1689 5024 nos
1710 4974 2076 5041 quemadmo-
2159 4985 2247 5031 tas
2277 4990 2491 5032 eorum.
2517 4968 2597 5032 De
2624 4979 2831 5033 talith
2862 4981 2918 5033 in
2949 4966 3248 5052 Evangelio
3280 4982 3546 5036 Dominus
3572 4976 3712 5032 dicit:

486 5053 618 5108 dum
640 5054 867 5121 ereavit,
884 5055 931 5108 si
958 5056 1054 5109 ille
1079 5062 1380 5128 antequam
1408 5064 1698 5112 crearetur
1726 5058 1846 5114 sine
1862 5061 2080 5133 sapien-
2161 5067 2435 5121 Gaudium
2453 5073 2526 5120 est
2546 5070 2605 5120 in
2619 5070 2741 5121 ca'to
2762 5084 2924 5137 super
2949 5078 3057 5123 uno
3071 5076 3347 5137 pcccatdrc
3368 5070 3715 5138 panitrnliam

484 5143 565 5196 tia
592 5142 715 5205 fuit,
746 5147 939 5212 utpote
977 5144 1248 5215 insipiens
1278 5150 1336 5199 et
1381 5146 1633 5200 nesciens
1663 5148 1793 5218 quid
1835 5149 2078 5204 faceret?
2160 5158 2355 5222 agente
2388 5153 2532 5219 (an.
2559 5159 2671 5223 xv).
2696 5156 2842 5209 Sunt
2879 5148 3068 5210 autem
3101 5161 3158 5210 et
3188 5156 3415 5227 quidam
3454 5157 3593 5210 intra
3609 5156 3714 5207 sali-

484 5231 611 5286 Non
631 5246 764 5301 ergo
792 5231 915 5301 ipsa
940 5232 1216 5302 sapientia
1238 5240 1427 5287 creata
1451 5241 1534 5289 est
1563 5252 1597 5289 a
1626 5236 1904 5298 Patre,sed
1922 5244 2074 5293 ante-
2156 5248 2303 5296 ctam
2318 5240 2619 5297 Ecclesium
2634 5244 2941 5303 constituti.
2966 5246 3056 5316 qui
3075 5246 3239 5299 vitam
3257 5246 3477 5317 quidem
3498 5244 3563 5297 ab
3588 5236 3714 5295 omni

484 5332 653 5393 quam
684 5324 885 5374 cuncta
909 5321 1129 5406 ﬁerent,
1160 5328 1283 5376 erat
1307 5340 1432 5377 cum
1457 5324 1638 5391 Patre,
1670 5343 1851 5397 neque
1881 5345 1943 5381 ex
1966 5329 2077 5383 alia
2157 5331 2388 5385 crimine
2421 5333 2763 5399 custodiunt,
2798 5335 2894 5388 sed
2926 5340 3116 5389 tamen
3148 5336 3205 5389 in
3234 5334 3448 5406 agendo
3485 5332 3716 5405 quaelibet

483 5408 799 5465 substantia
819 5408 973 5463 Deus
994 5403 1163 5464 Pater
1187 5414 1382 5480 genuit
1403 5408 1622 5468 Filium.
1643 5415 1738 5469 sed
1771 5430 1835 5469 ex
1866 5418 2069 5487 seipso,
2158 5420 2301 5474 bona
2333 5435 2442 5474 non
2473 5423 2867 5492 ass‘urgunLEt
2900 5423 2957 5476 hi
2988 5425 3128 5478 tales
3158 5442 3258 5477 nec
3272 5403 3606 5494 vfrigidiJnec
3637 5435 3714 5471 ca-

484 5498 657 5556 veluti
680 5497 977 5554 consilium
1000 5504 1304 5573 generatur
1328 5500 1389 5555 in
1417 5508 1622 5558 mente.
1646 5497 1791 5558 Nam
1814 5502 1965 5576 quod
1986 5507 2074 5561 di-
2157 5508 2255 5565 lidi
2275 5514 2407 5563 sunt
2444 5511 2575 5585 quia
2604 5520 2714 5566 non
2746 5510 2950 5567 sufﬁcit
2978 5507 3126 5567 mala
3153 5519 3362 5579 cavere,
3388 5512 3492 5566 nisi
3521 5506 3720 5566 studeat
