3884 6154
187 273 278 332 997
1064 273 1444 332 EXPOSITIO
1477 276 1554 330 IN
1581 276 2111 340 APOCALYPSIN.
2144 310 2207 319 —
2240 278 2376 334 LIB.
2426 279 2496 335 ΙΙ.
3351 278 3456 334 99.8

189 415 299 469 quis
321 405 375 450 et
394 395 538 449 bona
561 396 762 449 facere.
782 397 950 449 Juxta
983 397 1119 450 illud
1157 399 1468 452 Psalmistae
1493 426 1503 458 ;
1543 403 1766 454 Declina
1786 406 1831 463 A
1854 409 2175 459 sanctorum
2207 403 2513 458 sociantur.
2547 402 2628 458 De
2651 402 2754 456 hoc
2785 418 2884 456 esu
2912 406 2967 455 et
2997 403 3164 456 Petro
3195 402 3404 456 dicitur
3433 421 3444 455 :

187 505 216 541 a
242 488 380 538 male
408 491 454 537 et
485 487 576 550 fac
615 487 817 537 bonum
849 488 1022 550 (Psat.
1052 488 1234 554 xxxvi)
1276 487 1438 539 Tales
1470 485 1675 559 quippe
1704 491 1772 543 de
1858 492 2041 545 Occide
2065 499 2112 544 cl
2140 494 2420 544 manduca
2445 493 2585 554 (Aet.
2619 507 2669 552 x,
2717 490 2814 559 χι).
2857 490 3096 559 Tepidos
3129 499 3316 544 autem
3343 507 3455 544 non

193 575 298 630 suis
324 573 582 643 operibus
613 574 722 638 fisi,
773 575 955 626 solent
985 574 1207 627 dicere:
1261 575 1396 628 Ecce
1436 577 1617 630 aliena
1661 595 1769 631 non
1855 586 2204 638 convertunt,
2241 579 2371 648 quia
2401 595 2594 632 earum
2645 579 2809 632 verba
2833 579 3168 648 despiciunt,
3221 579 3356 632 dum
3401 579 3460 631 in

188 663 351 733 rapio,
384 662 578 714 illicita
607 662 759 714 nulla
777 663 1086 726 committo,
1121 679 1230 715 non
1259 663 1622 728 adulterium,
1657 681 1765 717 non
1856 686 1956 722 sua
1978 669 2278 723 securitate
2317 674 2644 739 torpescunt
2696 669 2846 730 Quos
2891 674 2943 720 et
2974 667 3279 732 exhortari,
3312 667 3460 720 desi-

187 751 556 813 ὶιοωὶοίάίυῐης
588 767 696 803 ῐιοη
727 749 968 820 denique
1021 751 1106 804 his
1157 752 1363 804 Similia
1413 754 1562 806 mala
1604 753 1764 816 ίτιϐἱο,
1852 765 2026 817 stunt,
2061 763 2115 810 et
2138 757 2305 811 veluti
2339 757 2743 812 infructuosam
2769 763 2978 810 terram
3012 756 3298 818 deserunt,
3330 755 3460 826 quia

188 839 384 894 sufﬁcit
429 840 565 892 mihi
598 840 746 891 mala
795 851 906 892 non
947 856 1137 908 agere,
1169 839 1405 910 ideoque
1442 849 1498 894 et
1528 842 1768 912 propriis
1854 847 1924 900 ad
1948 847 2236 900 meliorem
2257 846 2424 898 vitam
2451 861 2805 915 nequaquam
2828 862 2988 915 posse
3010 845 3305 898 reformari
3332 861 3461 898 con-

189 928 508 982 fiducialiter
537 934 682 981 utor.
737 930 993 998 Dumque
1042 929 1146 981 hoc
1198 929 1351 992 dicit,
1389 927 1771 999 indigentibus
1857 934 2104 1003 Spiciunt
2134 955 2144 988 :
2199 934 2414 988 facilius
2445 941 2532 987 est
2559 934 2706 987 enim
2738 934 3043 1004 quemlibet
3075 950 3356 1003 paganum
3389 933 3463 986 ad

187 1017 408 1088 propria.
440 1031 551 1069 non
584 1016 800 1070 tribuit.
842 1017 908 1070 Et
931 1020 1022 1086 qui
1055 1023 1211 1070 tenet
1241 1018 1516 1088 rapinam,
1536 1035 1635 1071 nec
1664 1036 1776 1071 me-

189 1106 288 1159 tuit
310 1113 503 1158 tenere
520 1106 814 1165 tenaciam,
849 1122 952 1159 nec
981 1106 1309 1159 recordatur
1339 1107 1469 1177 quia
1507 1107 1658 1160 dives
1684 1105 1778 1160 ille

188 1209 289 1248 non
321 1194 448 1247 ideo
479 1193 781 1247 damnatus
802 1201 885 1247 est
911 1195 1055 1263 quod
1088 1195 1269 1247 aliena
1298 1195 1504 1265 rapuit,
1528 1195 1623 1248 sed
1648 1195 1778 1265 quia

187 1282 410 1352 propria
429 1299 538 1336 non
561 1283 847 1336 distribuit
883 1285 1024 1336 Sunt
1038 1300 1258 1353 quoque
1287 1289 1342 1337 et
1358 1284 1451 1336 alii
1475 1283 1570 1353 qui
1593 1284 1777 1337 aliena

187 1387 290 1424 non
312 1373 561 1441 rapiunt,
589 1374 813 1441 propria
827 1371 1191 1434 distribuunt,
1219 1373 1316 1426 sed
1340 1373 1441 1425 hoc
1477 1389 1587 1424 non
1609 1389 1776 1425 causa

185 1460 497 1514 dilectionis
517 1461 614 1514 Dei
632 1467 688 1513 ct
703 1460 1063 1530 proximi,sed
1078 1468 1307 1530 propter
1323 1461 1544 1514 inanem
1560 1462 1776 1528 jactan-

184 1549 342 1613 tiam,
374 1556 438 1602 ut
473 1548 543 1601 ab
593 1548 914 1601 hominibus
960 1549 1277 1609 laudentur,
1315 1550 1457 1602 sicut
1497 1549 1775 1602 faciebant

186 1637 388 1691 Scriba:
411 1646 467 1690 et
494 1633 778 1698 Pharisaei,
805 1638 900 1706 qui
933 1637 1130 1690 dantes
1153 1639 1537 1707 elecmosynas
1569 1645 1698 1690 ante
1720 1655 1777 1689 se

1861 1023 2028 1077 ﬁdem
2067 1023 2273 1076 Christi
2321 1023 2618 1086 adducere,
2649 1039 2818 1092 quam
2847 1023 3044 1077 talium
3089 1021 3395 1092 quemlibet
3427 1037 3460 1074 τι

1864 1128 1965 1166 suo
1991 1118 2218 1181 torpore
2249 1112 2319 1164 ad
2346 1112 2618 1164 fervorem
2647 1111 2875 1181 spiritus
2898 1122 3171 1166 revocare.

1933 1201 2072 1266 ()uia
2104 1201 2241 1251 dicis
2274 1201 2419 1265 quod
2456 1202 2602 1251 dices
2644 1215 2792 1252 sum.
2835 1199 2998 1253 Multi
3042 1205 3171 1254 sunt
3220 1199 3314 1268 qui
3363 1200 3467 1253 hoc

1859 1288 2072 1350 dicunt,
2107 1287 2262 1341 dives
2286 1304 2408 1340 sum
2443 1288 2500 1340 in
2527 1288 2655 1350 ﬁde,
2691 1287 2822 1356 quia
2855 1288 3127 1340 Dominus
3156 1288 3326 1342 dicit:
3359 1290 3466 1354 Qui

1859 1377 2152 1429 crediderit
2181 1381 2229 1428 ct
2255 1377 2563 1441 baptizatus
2578 1378 2752 1441 fuerit
2774 1378 2956 1428 salvus
2971 1379 3079 1428 erit
3110 1378 3465 1444 (Mercari).

1860 1467 1923 1519 Et
1957 1467 2315 1532 locupletatus
2350 1481 2496 1516 sum.
2539 1464 2684 1526 Quia
2714 1470 2772 1517 et
2809 1471 2962 1518 recte
2987 1464 3180 1526 doceo,
3213 1470 3269 1517 et
3307 1465 3471 1517 malis

1859 1553 2121 1622 operibus
2146 1570 2258 1605 non
2292 1553 2489 1606 servio.
2520 1553 2678 1606 Alius
2698 1553 2835 1606 dicit
2860 1571 2875 1606 :-
2909 1555 3137 1606 Nullius
3165 1570 3306 1619 egeo,
3336 1554 3470 1622 quia

1863 1651 2009 1694 recte
2039 1642 2272 1694 credens
2302 1658 2412 1694 non
2457 1642 2638 1694 solum
2673 1642 2822 1694 maia
2869 1658 2982 1696 non
3034 1648 3340 1711 perpetrat,
3369 1643 3472 1696 sed.

183 1727 460 1780 canebant
482 1726 635 1786 tuba,
665 1732 722 1779 et
746 1727 887 1778 tales
917 1725 1086 1778 etiam
1128 1741 1228 1779 nec
1251 1727 1415 1779 calidi
1459 1744 1558 1779 nec
1591 1726 1774 1794 frigidi
1797 1715 1841 1774 Β
1865 1730 2033 1782 etiam
2062 1729 2202 1782 bona
2227 1730 2505 1799 quaelibet,
2542 1731 2668 1783 licet
2689 1747 2800 1782 non
2829 1735 3059 1800 prepter
3081 1730 3286 1794 Deum,
3307 1730 3467 1795 facit;

183 1832 304 1869 esse
337 1822 772 1884 cognoscuntur,
799 1815 932 1884 quia
956 1815 1050 1884 qui
1081 1813 1450 1883 indigentiam
1472 1830 1782 1885 pauperum

182 1905 502 1969 sublevant,
534 1919 660 1956 cum
696 1919 885 1956 amore
914 1902 1206 1955 cbaritatis
1232 1904 1332 1956 hoc
1351 1905 1532 1956 facere
1553 1901 1776 1956 debent.

180 1995 491 2048 Audientes
513 1994 646 2046 illud
667 1993 915 2062 Apostoli
943 2011 953 2044 :
974 1992 1037 2046 Si
1056 1994 1390 2046 distribuere
1406 2010 1590 2046 omnes
1609 1995 1784 2058 [acul-

184 2086 311 2134 tate:
350 2097 494 2133 meas
522 2086 581 2133 in
614 2083 753 2132 cibos
775 2096 1083 2148 pauperum
1101 2083 1149 2150 (Ι
1169 2082 1286 2133 Cor.
1309 2095 1450 2142 Xlllt,
1471 2088 1525 2134 et
1547 2088 1773 2134 cautera.

182 2171 327 2224 Sunt
351 2186 572 2239 quoque
593 2175 647 2222 et
676 2171 893 2240 alii,qui
918 2188 1050 2240 opes
1075 2175 1426 2223 terrenarum
1453 2167 1781 2222 facultatum

182 2259 501 2320 dimittunt,
527 2265 584 2311 et
611 2259 680 2310 ad
713 2262 1112 2311 monasterium
1156 2261 1462 2320 venientes,
1523 2257 1781 2310 habitum

179 2348 476 2417 religionis
504 2352 756 2402 sumunt.
790 2347 992 2399 deinde
1013 2353 1320 2416 torpentes,
1346 2348 1450 2399 sibi
1484 2348 1598 2399 haec
1624 2363 1785 2416 posse

181 2438 249 2488 ad
276 2437 525 2489 salutem
557 2436 812 2488 sufficere
854 2435 1264 2503 credunt,quod
1288 2453 1389 2488 sua
1433 2435 1787 2495 dimiserunt,

185 2526 339 2595 quod
371 2525 521 2577 varia
553 2525 788 2576 erimina
820 2523 922 2576 sub
947 2523 1138 2576 habitu
1173 2524 1455 2593 religionis
1477 2523 1783 2581 constituti,

184 2631 297 2667 non
333 2614 662 2675 admittunt,
704 2619 874 2681 atque
921 2613 1126 2664 idcirco
1158 2613 1466 2667 dormiunt.
1508 2612 1705 2665 bibunt
1734 2619 1790 2664 et

179 2717 386 2754 secure
417 2701 610 2753 vivunt
652 2701 910 2768 Dumque
929 2701 1029 2752 hoc
1044 2699 1273 2762 faciunt,
1297 2699 1470 2769 tepidi
1494 2699 1786 2763 exsistunt,

181 2790 508 2857 meliusque
536 2786 722 2840 fuerat
753 2787 862 2840 illis
895 2789 1101 2841 morari
1133 2789 1189 2840 in
1219 2789 1440 2848 saeculo,
1471 2787 1560 2841 ubi
1585 2794 1640 2840 et
1665 2803 1791 2856 pec-

183 2885 314 2931 cata
348 2893 453 2930 sua
484 2883 947 2945 recognoscerent
976 2881 1032 2930 et
1062 2876 1360 2945 aliquando
1379 2893 1476 2946 per
1501 2877 1598 2930 Dei
1633 2877 1792 2929 mise-

1867 1819 2013 1872 undc
2043 1824 2100 1870 et
2125 1819 2304 1872 adhuc
2326 1818 2584 1871 subditur
2606 1833 2616 1864 :
2639 1822 2808 1870 nescis
2831 1821 2964 1884 quia
2987 1823 3043 1870 tu
3069 1835 3120 1870 es
3138 1819 3466 1881 uiuendum

1868 1907 2226 1976 temetipsum
2258 1907 2486 1976 decipis,
2514 1906 2646 1976 quia
2674 1915 2840 1975 putas
2867 1913 2925 1959 te
2943 1906 3148 1960 salvari-
3176 1923 3276 1976 per
3300 1907 3470 1960 ﬁdem

1868 1996 2240 2058 solummodo,
2277 2011 2404 2048 cum
2435 1995 2706 2064 scriptum
2738 1995 2811 2048 sit
2839 2013 2850 2046 :
2885 1997 3032 2048 Fides
3067 1998 3249 2048 sinon
3273 1995 3468 2047 habeat

1869 2101 2054 2152 opera,
2089 2090 2311 2136 mortua
2341 2091 2414 2136 est
2447 2086 2507 2136 in
2538 2089 2820 2150 semetipsa
2855 2084 3052 2152 (Jacob.
3087 2091 3170 2142 II).
3212 2085 3279 2136 Et
3315 2086 3474 2136 misc-

1871 2169 2085 2221 rubilix.
2121 2168 2263 2230 Quia
2291 2184 2390 2220 nec
2420 2168 2559 2221 illud
2609 2168 2884 2236 intelligis
2914 2168 3061 2237 quod
3106 2168 3473 2237 semetipsum

1870 2257 2089 2310 deludis
2110 2263 2130 2322 ;’
2147 2256 2520 2325 l’auper,quia
2545 2273 2656 2310 non
2676 2256 2848 2308 habes
2869 2273 3038 2325 Opera
3054 2255 3257 2330 quibus
3279 2257 3476 2310 diteris

1871 2345 1929 2398 in
1955 2346 2112 2406 coelo,
2139 2361 2319 2414 neque
2340 2344 2506 2399 etiam
2531 2349 2740 2398 rectam
2758 2345 3050 2398 scientiam
3074 2363 3086 2409 ;
3108 2333 3323 2409 Nudus,
3347 2344 3481 2414 quia

1876 2434 2151 2504 spoliatus
2179 2451 2237 2486 es
2268 2433 2602 2498 virtutibus;
2641 2436 2836 2495 (fucus,
2873 2433 3007 2503 quia
3037 2451 3146 2488 non
3178 2433 3352 2488 habes
3387 2435 3482 2488 lu-

1875 2540 2002 2578 men
2035 2523 2297 2577 scientiae.
2333 2522 2546 2576 Verum
2570 2522 2698 2592 quia
2727 2523 2997 2575 Dominus
3029 2523 3346 2576 misericors
3371 2528 3474 2586 est,

1873 2613 2044 2665 etiam
2081 2612 2222 2666 tales
2255 2617 2318 2664 ut
2345 2611 2415 2664 ad
2441 2611 2712 2664 fervorem
2745 2611 2977 2664 redeant
3024 2610 3308 2676 hortatur,
3347 2626 3478 2664 cum

1874 2701 2164 2772 subiungit
2191 2719 2203 2753 :

1946 2791 2156 2844 Suadeo
2183 2791 2284 2842 tibi
2312 2805 2488 2842 emere
2506 2807 2540 2842 a
2559 2806 2640 2843 me
2657 2806 2866 2844 aurum
2891 2792 3137 2857 ignitum
3159 2790 3482 2856 probatum.

1875 2895 1993 2944 que.
2029 2878 2136 2930 Per
2165 2894 2364 2930 aurum
2397 2878 2658 2946 ignitum,
2683 2878 2738 2930 id
2765 2884 2850 2932 est
2874 2878 3004 2947 igne
3034 2877 3355 2947 probatum,
3383 2878 3478 2931 dei-

181 2966 492 3020 ricordiam
510 2965 1016 3035 compuncti,bonis
1037 2965 1296 3035 operibus
1320 2965 1792 3035 studerentquam
1824 3025 1855 3036 Α
1877 2967 2073 3020 bemus
2116 2966 2428 3035 intelligere
2471 2967 2774 3020 Dominum
2803 2968 2998 3020 Iesum
3042 2966 3349 3031 Christum,
3385 2967 3482 3036 qui

182 3055 244 3108 in
269 3056 620 3107 monasterio
653 3067 898 3115 manere,
933 3061 990 3107 et
1018 3055 1094 3106 ita
1141 3071 1174 3107 a
1205 3054 1360 3106 bonis
1393 3053 1651 3124 operibus
1679 3071 1791 3106 ces—
1815 3025 1856 3087 δ
1879 3055 2148 3125 probatus
2178 3060 2262 3108 est
2293 3055 2420 3124 igne
2444 3055 2738 3124 passionis,
2759 3061 2980 3124 sputus,
3013 3056 3346 3124 ﬂagellatus,
3384 3055 3484 3108 de-

184 3160 338 3197 sare.
373 3143 483 3196 Alii
515 3159 735 3212 quoque
764 3149 913 3203 sunt,
947 3144 1043 3211 qui
1085 3142 1154 3196 ab
1185 3143 1423 3196 infantia
1451 3161 1553 3196 sua
1584 3141 1637 3195 in
1675 3157 1794 3194 mo-

185 3232 463 3286 nasteriis
511 3232 841 3291 consistunt,
891 3232 1050 3285 bonis
1091 3231 1349 3302 operibus
1400 3232 1691 3284 abundant
1741 3231 1795 3284 in

185 3324 417 3375 fervore
447 3321 676 3390 spiritus
725 3329 973 3382 manent.
1010 3327 1064 3374 et
1095 3323 1241 3374 circa
1284 3321 1544 3374 ultimum
1577 3327 1798 3389 tempus

185 3413 322 3464 vitae
359 3426 474 3463 sua:
504 3417 848 3479 torpesc‘Unt,
876 3417 930 3462 et
946 3410 1117 3480 tepidi
1137 3411 1476 3464 efficiuntur.
1508 3410 1573 3462 Et
1593 3406 1799 3461 talibus

184 3501 402 3570 utique
433 3499 693 3552 omnibus
717 3503 892 3552 satius
927 3508 1071 3551 esset
1105 3508 1165 3551 ut
1192 3500 1273 3551 vel
1306 3498 1535 3568 perfecti
1561 3498 1690 3550 boni
1722 3511 1804 3550 es-

187 3596 355 3646 sent.
399 3589 485 3641 vel
515 3604 577 3640 ex
608 3594 728 3640 toto
756 3587 906 3651 mali,
943 3604 1108 3656 quam
1163 3604 1265 3639 nec
1317 3587 1444 3639 boni
1497 3605 1596 3640 nec
1649 3586 1797 3638 mali.

183 3681 392 3747 Atque
415 3675 539 3729 ideo
565 3676 962 3744 subjungitur:
1000 3678 1138 3740 Qui-:2
1175 3679 1384 3741 lepidus
1419 3693 1486 3735 ev,
1537 3678 1802 3742 incipiam

187 3772 242 3819 te
271 3781 527 3819 evomere
549 3781 614 3816 ex
643 3781 733 3816 ore
769 3781 882 3815 meo
933 3765 1132 3816 Nullus
1163 3763 1446 3816 invenitur
1466 3760 1679 3815 calidus
1711 3759 1806 3831 qui

183 3855 365 3926 prius
389 3869 499 3906 non
549 3853 721 3905 fuerit
749 3849 1012 3921 frigidus:
1039 3853 1169 3921 quia
1191 3869 1353 3905 neruo
1372 3858 1455 3904 est
1485 3851 1679 3912 bonus,
1714 3850 1809 3920 qui

184 3961 314 3997 non
356 3943 526 3996 fuerit
544 3943 748 3994 malus.
794 3941 988 3995 Omnes
1032 3945 1181 3993 enim
1210 3944 1567 4009 peccaverunt
1591 3946 1637 3991 et
1659 3945 1810 4005 egent

185 4035 400 4100 gratia
420 4033 518 4085 [lci
543 4033 711 4096 (Hem.
737 4034 845 4093 ιιι).
868 4021 1114 4100 Tepidus
1145 4047 1207 4083 ex
1235 4029 1413 4082 calido
1435 4029 1576 4081 solet
1608 4029 1725 4080 fieri
1761 4032 1813 4080 et

187 4121 441 4192 frigido,
464 4120 598 4190 quia
625 4125 677 4172 et
711 4119 854 4172 alius
887 4136 952 4172 ex
977 4119 1186 4188 frigore
1217 4118 1562 4171 infidelitatis
1586 4133 1815 4170 conver-

1881 3145 2048 3204 risus,
2108 3145 2174 3196 ad
2234 3144 2498 3198 ultimum
2544 3145 2840 3200 crucifixus
2883 3150 2940 3198 et
2990 3150 3264 3208 mortuus,
3296 3151 3492 3199 tamen

1880 3234 1997 3287 huic
2019 3232 2204 3286 omnia
2220 3232 2500 3302 patienter
2514 3232 2698 3286 ferens
2715 3232 2914 3287 orabat
2925 3249 3025 3302 pro
3040 3231 3488 3302 persecutoribus

1881 3323 1994 3376 suis
2025 3323 2216 3376 dicens
2239 3340 2250 3373 :
2282 3322 2466 3386 Pater,
2489 3327 2775 3374 nes-talum
2795 3324 2910 3375 illis
2931 3323 3028 3374 hoc
3049 3323 3484 3390 peecatumMct.

1888 3418 2004 3478 vn).
2027 3411 2241 3466 Dicitur
2271 3428 2402 3480 ergo
2427 3411 2654 3464 cuilibet
2685 3428 2694 3461 :
2738 3411 2953 3464 Suadeo
2987 3413 3090 3464 tibi
3127 3426 3320 3464 emere.
3359 3410 3492 3464 Eme

1890 3517 2114 3560 aurum,
2162 3500 2217 3552 id
2267 3504 2370 3562 est,
2405 3499 2451 3551 si
2485 3500 2562 3552 vis
2590 3498 2891 3552 virtutibus
2919 3498 3228 3554 abundare.
3263 3499 3488 3550 studcto

1888 3589 2099 3641 imitari
2130 3588 2437 3653 Christum,
2465 3589 2577 3640 sive
2609 3604 2733 3639 cum
2768 3604 2802 3640 θ
2849 3589 2962 3640 Deo
3019 3587 3343 3653 ﬂagellaris,
3378 3587 3494 3638 sive

1888 3694 2013 3730 cum
2038 3695 2070 3728 a
2097 3676 2362 3746 proximis
2394 3676 2552 3727 illata
2582 3677 2729 3727 mala
2759 3676 3030 3739 sustines,
3059 3681 3124 3728 ut
3152 3683 3208 3727 et
3238 3674 3354 3743 ipse
3384 3675 3484 3726 tias

1891 3781 2091 3817 aurum
2124 3762 2381 3816 incendio
2415 3762 3131 3824 tribulationisdecoctum,
3161 3762 3324 3831 juxta
3354 3761 3494 3814 illud

1896 3852 2205 3908 l’salmistze
2238 3853 2402 3915 (Plat.
2449 3853 2575 3908 1.xv)
2607 3868 2618 3901 :
2654 3852 2903 3903 Probasti
2934 3868 3050 3914 nos,
3086 3850 3287 3920 inquit,
3324 3852 3486 3914 Deus,

1897 3945 2018 4008 igne.
2047 3953 2140 3992 nos
2172 3940 2512 3991 examines-ti
2531 3941 2671 3991 sicut
2702 3941 3396 4005 examinaturargentum.
3431 3935 3500 3992 Et

1898 4031 2100 4083 iterum
2121 4046 2131 4080 :
2150 4029 2532 4080 Transieimus
2547 4043 2643 4094 per
2658 4029 2838 4092 ignem
2862 4031 2909 4078 et
2928 4043 3152 4094 aquam.
3186 4025 3244 4080 Ut
3267 4029 3498 4094 locuples

1898 4124 2018 4186 ﬁas,
2043 4110 2100 4170 id
2129 4122 2230 4182 est,
2267 4121 2328 4169 ut
2357 4115 2545 4170 multis
2592 4113 2892 4168 virtutibus
2918 4113 3190 4170 abundes.
3237 4111 3300 4168 Et
3338 4118 3498 4168 resti-

188 4228 306 4264 sus
327 4210 402 4264 ad
446 4209 752 4278 perfectum
791 4208 1023 4277 justitize
1061 4209 1343 4261 fervorem
1375 4223 1485 4260 non
1514 4206 1732 4264 transit.
1762 4211 1819 4259 et
1903 4210 2100 4260 mentis
2119 4208 2261 4259 albis
2285 4206 2565 4266 induaris,
2591 4211 2639 4258 et
2658 4221 2766 4257 non
2791 4205 3318 4272 appareatconfusio
3341 4205 3505 4256 nudi~

193 4301 363 4353 alius
394 4297 467 4350 ab
497 4297 615 4368 ipso
640 4297 872 4367 justitiae
920 4298 1122 4361 calore,
1167 4297 1312 4366 quod
1357 4295 1510 4366 prius
1557 4294 1822 4360 fervebat,
1845 4295 2038 4353 Dialis
2063 4301 2184 4348 tum.
2210 4285 2555 4348 Vestimenta
2579 4292 2761 4350 inhoc
2785 4293 2905 4345 loco
2930 4283 3505 4362 intelligunturinno-

196 4387 475 4442 animum
507 4392 776 4456 actusque
804 4386 1066 4438 deﬂectit.
1093 4386 1300 4438 Omnes
1331 4384 1499 4445 enim,
1527 4390 1589 4437 ut
1607 4383 1817 4436 dictum
1900 4384 2084 4440 cent-ia
2111 4382 2465 4453 baptismatis
2504 4388 2910 4448 eternamenta
2941 4382 3232 4446 virtutum,
3254 4376 3382 4434 fidei
3398 4376 3508 4434 sci-

199 4483 304 4532 est
337 4474 1171 4545 cognoscimusquiafrigidum
1197 4475 1278 4526 vel
1296 4473 1538 4526 calidum
1571 4474 1730 4526 facile
1761 4474 1819 4526 in
1903 4475 2026 4527 licet
2053 4480 2106 4526 et
2129 4472 2439 4535 charitatis,
2469 4477 2915 4540 czetcrorumque
2952 4469 3224 4523 bonorum
3254 4487 3510 4539 operum,

199 4582 430 4637 corpus
449 4562 1004 4632 trajicitur,tcpidum
1025 4568 1212 4615 autem
1236 4579 1362 4615 cum
1389 4579 1591 4631 magna
1610 4579 1821 4615 nausea
1909 4561 2110 4633 quibus
2142 4562 2396 4630 Operitur
2416 4561 2670 4614 confusio
2701 4557 3065 4612 nuditatis.id
3099 4563 3182 4610 est
3212 4565 3371 4628 tepor
3401 4557 3512 4627 pri-

200 4664 269 4711 et
308 4655 534 4708 vomitu
561 4653 629 4705 ab
653 4652 772 4722 ipso
795 4652 964 4705 etiam
993 4668 1088 4704 ore
1121 4651 1412 4721 projicitur
1463 4654 1538 4704 Us
1575 4651 1673 4704 Dei
1696 4657 1829 4705 sunt
1912 4653 2070 4705 stince
2096 4650 2553 4705 conversationis.
2588 4649 2894 4702 Possumus
2929 4663 3149 4716 quoque
3182 4662 3280 4713 per
3306 4661 3510 4697 aurum

202 4745 628 4817 pradicatores
653 4742 852 4806 sancti,
874 4741 1023 4794 unde
1045 4757 1190 4810 saepe
1215 4739 1502 4810 propheta:
1517 4740 1779 4794 (licebant
1811 4759 1822 4792 :
1914 4742 2041 4810 igne
2073 4740 2365 4810 probatum
2399 4737 2712 4806 intelligere
2743 4735 3274 4802 charitatem,quam
3296 4732 3389 4801 qui
3414 4729 3510 4784 ha-

204 4837 298 4890 Os
349 4833 501 4887 enim
552 4831 772 4885 Domini
805 4832 1052 4884 locutum
1104 4836 1189 4882 est
1219 4830 1341 4893 hoc,
1389 4829 1521 4898 quia
1562 4830 1831 4882 sanctitas
1914 4819 3513 4896 bucrit,locopletabitur,quiaomnibusvirtutibusabun-

204 4931 398 4978 tanta
423 4927 547 4975 erat
574 4921 632 4974 in
653 4921 780 4984 illis,
813 4920 958 4972 utin
989 4935 1181 4972 eorum
1207 4918 1466 4972 cordibus
1499 4920 1646 4973 Deus
1675 4917 1833 4971 habi-
1918 4918 2092 4970 dabit.
2144 4918 2270 4986 Ipsa
2301 4921 2386 4969 est
2416 4915 2565 4968 enim
2614 4913 2767 4965 radix
2797 4909 3048 4963 omnium
3079 4909 3350 4963 bonorum
3391 4928 3516 4981 quae

203 5019 403 5076 taret,
424 5017 480 5064 et
501 5027 599 5080 per
619 5027 714 5062 eos
732 5009 1072 5077 loqueretur.
1103 5008 1215 5061 Ora
1235 5023 1368 5076 ergo
1396 5007 1496 5060 Dei
1519 5013 1651 5060 sunt
1670 5017 1838 5059 evan-
1920 5009 2049 5076 igne
2080 5005 2366 5075 probatur,
2399 5004 2527 5073 quia
2563 5018 2659 5072 per
2688 5016 2938 5052 amorem
2985 4995 3216 5068 spiritus
3246 5000 3517 5055 veraciter

206 5102 474 5174 gelistae,
495 5107 548 5152 et
569 5098 752 5152 cazteri
775 5098 1049 5160 doctores,
1074 5113 1173 5165 per
1195 5111 1433 5165 quorum
1461 5095 1835 5148 ministerium

209 5190 496 5262 quotidie
545 5189 694 5241 Deus
732 5187 788 5239 in
819 5202 1020 5256 corpus
1049 5201 1233 5250 suum,
1259 5185 1409 5253 quod
1445 5192 1534 5238 est
1572 5183 1833 5245 Ecclesia,

208 5279 470 5348 trajicit,
533 5283 590 5329 et
635 5275 864 5338 calidos,
907 5275 958 5327 id
993 5281 1077 5326 est
1107 5273 1380 5326 ferventes
1404 5273 1537 5326 dum
1581 5271 1839 5326 meliores

211 5370 430 5425 adhuc
446 5366 765 5418 efﬁciuntur
785 5381 882 5433 per
902 5363 1144 5416 divinam
1165 5363 1635 5432 przedicationem,
1655 5368 1710 5415 et
1744 5362 1806 5414 tri
1821 5392 1838 5401 -

209 5459 430 5530 gaios,
480 5454 664 5508 id-est
711 5453 983 5516 infideles,
1020 5452 1242 5522 quando
1276 5449 1510 5521 quilibet
1554 5452 1637 5504 vel
1666 5450 1843 5504 Judaei

213 5547 329 5602 vel
370 5543 573 5616 pagani
603 5540 675 5596 ad
709 5543 830 5612 ejus
859 5541 1026 5595 ﬁdem
1059 5547 1481 5613 convertuntur,
1514 5545 1571 5594 ct
1609 5555 1844 5594 numero

1921 5096 2262 5148 accenditur.
2290 5107 2454 5163 quam
2488 5091 2582 5160 qui
2646 5088 2922 5149 habuerit,
2976 5085 3322 5142 vestimentis
3376 5087 3518 5145 albis

1923 5185 2206 5247 induetur,
2241 5179 2371 5252 quia
2395 5184 2747 5250 peccatorum
2782 5175 3074 5247 nigredine
3108 5183 3522 5252 purgatus,per

1923 5273 2175 5327 eamdem
2210 5271 2540 5323 charitatem
2575 5284 2695 5337 quae
2726 5266 2909 5332 operit
2948 5266 3367 5322 multitudinem
3400 5287 3520 5339 pec-

1925 5370 2197 5420 catorum,
2261 5355 2449 5410 multis
2488 5355 2789 5408 virtutibus
2843 5355 3218 5409 decorabitur.
3263 5356 3404 5409 Alba
3432 5355 3519 5408 di-

1927 5451 2069 5503 citur
2084 5447 2488 5516 charitas,quia
2503 5451 2856 5516 peccatorum
2873 5446 3148 5498 maculam
3164 5450 3259 5498 aut
3273 5441 3519 5513 aliquam

1931 5536 2319 5608 (laplicitatem
2349 5535 2559 5591 habere
2592 5551 2704 5591 non
2755 5535 2926 5590 novit.
2962 5533 3027 5588 Et
3058 5534 3285 5602 collyrio
3315 5533 3524 5602 inuitae.
