3992 6166
456 239 562 297 999

841 231 1251 292 ἨΑΥΜΟΝΙδ
1291 234 1780 291 HALBERSTAT.
1823 235 2046 290 EPISC.

2142 241 2248 294 PP.
2294 241 2478 297 PARS
2517 243 2561 297 Ι.
2605 273 2671 286 -
2711 242 3083 299 COMMENT.
3123 246 3302 302 BIBL.

3561 248 3676 309 1000

454 369 634 458 οσυιίξε
665 371 803 430 tuo":
909 365 1112 418 νίάθαεο
1152 363 1258 416 Ρθν
1285 360 1756 458 οριιγνίξξωνίιξιοά
1891 366 2276 449 terraAfacit,
2300 387 2485 456 justos
2505 403 2606 458 per
2629 387 2926 442 innumera
2940 393 3221 444 tormenta
3247 395 3306 444 et
3335 391 3506 445 varias
3530 392 3680 447 tribu—
3704 371 3714 380 ’

454 454 704 508 nascitur
725 459 782 508 et
795 453 1083 522 pulverem
1097 456 1262 504 terra:
1279 450 1348 503 ab
1371 451 1547 504 oculis
1564 449 2045 513 aufert,debemus
2127 449 2364 528 lation'es
2393 449 2608 546 amiéit’
2633 483 2697 530 ut
2725 477 3080 546 postmodum
3105 478 3161 531 in
3181 479 3318 532 coelo
3345 481 3679 550 requiescant,

453 543 763 612 intelligere
781 541 1079 595 Dominum
1111 540 1298 593 Jesum
1323 538 1732 608 Christum,qui
1761 546 1926 592 natus
1963 547 2047 593 est

454 631 524 686 de
552 629 730 696 terra,
747 631 849 684 hoc
877 635 963 682 est
989 629 1059 681 de
1090 627 1264 680 Maria
1288 627 1517 695 virgine,
1535 627 1696 695 juxta
1718 627 1856 680 illud
1877 645 1886 678 :
1910 630 2048 681 [)cus

455 727 638 775 noster
675 723 929 787 operatus
967 721 1042 770 est
1083 718 1318 769 salutem
1351 718 1412 768 in
1439 716 1618 768 medio
1654 719 1812 769 terra;
1855 715 2036 784 [Psat.

455 811 641 875 vau).
697 808 938 874 Collyrio
991 807 1201 871 inunge
1246 803 1426 855 oculos
1457 807 1596 868 tuos,
1620 801 1678 855 id
1709 809 1796 856 est
1824 802 2048 857 imitare

451 899 842 968 paupertatem
865 893 986 948 Filii
1009 892 1128 950 Dei.
1157 891 1272 961 qui,
1308 906 1435 943 cum
1458 889 1612 942 dives
1642 897 1810 954 esset,
1836 908 2049 962 pauper

453 1001 556 1057 pro
578 983 737 1038 nobis
767 984 947 1036 factus
977 988 1076 1046 est,
1095 981 1152 1034 in
1171 985 1392 1034 tantum
1425 983 1490 1032 ut
1517 994 1628 1032 non
1653 979 1884 1034 haberet
1903 981 2050 1034 sicut

451 1074 645 1144 vulpes
669 1072 765 1126 ubi
791 1076 960 1142 caput
987 1070 1305 1124 reclinaret.
1343 1065 1500 1122 Unde
1525 1066 1583 1120 in
1615 1066 1857 1138 hospitio
1887 1084 2053 1124 natus

454 1167 556 1226 est,
577 1159 864 1214 vilissimis
883 1159 1084 1230 pannis
1114 1157 1420 1211 obvolutus
1435 1160 1492 1208 et
1519 1153 1578 1207 in
1603 1157 1871 1226 praesepio
1898 1157 2050 1227 posi-

452 1254 566 1316 tus,
598 1249 729 1320 quia
775 1263 887 1302 non
911 1253 1035 1301 erat
1073 1247 1122 1300 ei
1149 1247 1303 1298 locus
1348 1243 1406 1296 in
1446 1240 1772 1296 diversorio.
1807 1247 2049 1314 Collyrio

455 1355 602 1406 unge
628 1340 808 1391 oculos
837 1343 954 1390 tuos
1005 1340 1065 1388 ut
1094 1336 1293 1399 rideas,
1327 1332 1385 1385 id
1411 1337 1498 1384 est
1545 1333 1676 1404 quia
1705 1335 1896 1388 oculos
1939 1340 2050 1388 tuae

455 1425 662 1480 mentis
679 1431 916 1479 terrenae
932 1425 1271 1489 clauserant,
1298 1431 1354 1478 et
1377 1429 1790 1479 excmcaverant
1804 1423 2050 1476 delecta-

453 1514 656 1580 tiones,
687 1513 1084 1583 Redemptoris
1117 1512 1200 1566 tui
1231 1518 1543 1583 egestatem
1564 1511 1948 1576 considera,et
1974 1510 2052 1564 sic

455 1603 656 1673 evigila
692 1602 763 1656 ad
805 1607 1128 1656 sanctorum
1158 1601 1350 1654 futura
1379 1601 1631 1672 praemia.
1661 1601 1805 1653 Hinc
1843 1600 1961 1670 ipse
1992 1599 2049 1652 in

455 1691 754 1761 Evangelia
774 1690 1042 1757 dicitzoui
1059 1693 1312 1757 sequitur
1333 1707 1554 1754 me,non
1569 1691 1818 1743 ambulat
1839 1691 1902 1741 in
1916 1693 2054 1740 tcne—
2069 1679 2114 1738 B

456 1781 686 1845 bris,sed
707 1780 920 1834 habebit
943 1781 1129 1832 lumen
1156 1782 1276 1832 vitae
1295 1782 1470 1841 (.loan.
1499 1787 1639 1846 vm).
1663 1778 1764 1831 Vel
1783 1783 1932 1830 certe
1954 1793 2054 1846 per

455 1868 748 1940 collyrium
779 1884 890 1938 quo
916 1867 1310 1921 illuminantur
1339 1868 1504 1933 oculi,
1527 1882 1823 1938 possumus
1848 1865 2053 1918 intelli-

453 1974 587 2029 gere
601 1956 1141 2027 divinaeloquia.qui
1151 1955 1250 2010 bus
1269 1956 1470 2010 mentis
1483 1955 1625 2009 oculi
1637 1953 2048 2020 illuminantur,

451 2047 614 2117 juxta
635 2046 772 2120 illud
798 2063 809 2097 :
837 2047 1170 2112 Praceptum
1191 2046 1420 2098 Dom-ini
1445 2045 1693 2098 lucidum
1715 2045 2052 2096 ittuminans

457 2137 637 2189 oculos
667 2135 834 2204 (Psal.
857 2141 1030 2195 xvm).
1068 2135 1310 2200 Collyrio
1341 2149 1481 2200 ungc
1506 2135 1685 2186 oculos
1715 2137 1851 2196 tuos,
1881 2131 1938 2184 id
1969 2137 2056 2185 est

457 2222 659 2276 adhibe
686 2227 964 2292 praecepta
989 2221 1178 2274 divina
1208 2221 1416 2275 mentis
1447 2219 1641 2285 oculis,
1677 2225 1740 2272 ut
1779 2219 2049 2273 virtutum

457 2310 659 2375 lucem,
694 2325 933 2380 quarum
962 2309 1173 2379 pateris
1202 2309 1514 2362 nuditatem
1536 2307 1746 2370 videas,
1774 2312 1833 2360 ct
1859 2306 2050 2360 videns

458 2415 559 2470 per
572 2397 718 2452 bona
731 2413 902 2467 opera
921 2397 1142 2468 operire
1159 2397 1408 2462 festines,
1423 2403 1488 2450 ut
1498 2396 1853 2467 postmodum
1871 2395 2051 2449 Deum

457 2486 668 2540 videas.
687 2487 840 2540 Beati
865 2489 1014 2539 enim
1041 2487 1248 2540 mundo
1271 2487 1721 2553 corde,quoniam
1741 2487 1846 2552 ipsi
1877 2485 2052 2538 Deum

457 2575 716 2628 videbunt
748 2575 967 2645 (Matth.
998 2572 1072 2644 v).
1101 2574 1242 2628 Cum
1259 2574 1410 2628 enim
1441 2573 1677 2645 quilibet
1696 2588 1935 2644 superna
1960 2589 2052 2626 as-

458 2663 738 2735 piratione
765 2679 864 2734 per
895 2663 1146 2733 singulas
1180 2663 1596 2734 Scripturarum
1625 2662 1880 2733 paginas,
1904 2660 2052 2732 quod

455 2753 730 2808 Dominus
752 2752 985 2823 jusserit
1006 2752 1264 2822 legendo,
1288 2751 1588 2816 audiendo,
1607 2752 1679 2804 ad
1697 2756 1941 2804 mentem
1963 2766 2052 2804 re-

457 2847 642 2908 vocat,
672 2841 824 2894 videt
841 2840 1108 2895 nimirum
1134 2847 1410 2912 quantum
1441 2857 1508 2894 ex
1534 2839 1832 2893 virtutibus
1862 2838 2048 2892 minus

455 2931 644 2994 habet,
679 2929 762 2984 vel
791 2933 941 2983 certe
965 2929 1012 2982 si
1039 2945 1107 2983 ex
1133 2935 1251 2983 toto
1282 2928 1420 2982 nihil
1439 2927 1636 2981 habet:
1673 2927 1862 2998 sicque
1892 2927 2050 2998 quasi

459 3036 529 3074 ex
553 3018 820 3073 unctione
838 3016 1057 3088 collyrii
1078 3023 1376 3088 reparatur
1393 3015 1463 3069 ad
1491 3016 1792 3070 videndum
1821 2993 2104 3079 clarius,C

459 3109 594 3162 dum
615 3123 717 3178 per
747 3106 850 3160 Dei
879 3106 1109 3160 verbum
1143 3105 1499 3159 illuminatur
1543 3105 1904 3158 intrinsecus.
1949 3103 2058 3166 Qui

457 3212 588 3250 vero
618 3196 690 3249 ad
715 3211 852 3248 usus
879 3194 1223 3248 necessarios
1268 3198 1602 3258 reservatur,
1630 3193 1768 3264 jugo
1825 3199 1883 3246 et
1919 3193 2053 3246 loris

457 3283 738 3347 domatur,
773 3281 1019 3336 stimulis
1053 3282 1341 3352 pangitur,
1371 3281 1692 3336 verberibus
1719 3281 1966 3346 caeditur,
1995 3287 2052 3335 et

457 3387 607 3442 aegro
627 3372 788 3441 cujus
816 3371 929 3424 vita
953 3371 1302 3442 desperatur,
1328 3369 1599 3442 quidquid
1632 3371 1819 3424 animo
1841 3387 2048 3424 concu-

457 3460 646 3532 pierit,
677 3458 849 3514 etiam
879 3459 1047 3513 saluti
1077 3460 1200 3529 ejus
1243 3458 1586 3513 contrarium
1617 3475 1652 3512 a
1679 3459 1895 3512 medico
1935 3475 2048 3513 non

458 3554 716 3620 negatur,
748 3548 864 3602 imo
901 3548 1243 3602 conceditur.
1279 3549 1452 3618 Cujus
1496 3564 1623 3602 vero
1669 3548 2051 3618 recuperanda

457 3639 612 3692 salus
632 3637 966 3703 aestimatur,
985 3654 1220 3708 quaeque
1251 3642 1384 3692 sunt
1411 3636 1600 3691 animo
1629 3637 1748 3706 ejus
1777 3636 2058 3692 desidera-

460 3727 592 3782 bilia
620 3727 898 3798 salutique
917 3727 1199 3780 contraria
1221 3725 1456 3780 omnino
1487 3731 1784 3795 negantur.

525 3853 635 3922 Ego
657 3869 788 3923 quos
814 3869 941 3907 amo
969 3868 1146 3920 arguo
1167 3857 1215 3906 et
1243 3853 1465 3919 castigo.
1484 3850 1675 3904 Multis
1701 3851 1885 3905 modis
1909 3852 2058 3906 Deus

456 3942 830 4013 omnipotens,
855 3941 1171 3996 misericors
1193 3945 1249 3994 et
1277 3941 1576 3994 miserator
1600 3939 1790 4012 arguit
1817 3945 1874 3994 et
1898 3940 2060 3994 casti-

453 4036 554 4103 gat
573 4047 712 4102 quos
735 4029 1155 4100 amat,ideoque
1193 4027 1435 4082 libenter
1467 4029 1589 4098 ejus
1610 4028 1905 4082 toleranda
1929 4033 2062 4082 sunt

455 4119 623 4174 verba
653 4124 710 4174 et
733 4118 984 4174 verbera.
1015 4117 1336 4188 Aliquando
1365 4117 1471 4170 hoc
1516 4117 1634 4188 agit
1663 4133 1766 4188 per
1811 4117 2058 4187 ﬂagella,

459 4206 762 4279 aliquando
789 4224 890 4278 per
919 4206 1194 4260 occultam
1225 4211 1282 4260 et
1317 4205 1562 4259 divinam
1604 4205 2054 4277 inspirationem,

459 4313 560 4352 seu
590 4295 1014 4366 quibuscunque
1045 4299 1103 4348 et
1130 4293 1298 4348 variis
1337 4293 1764 4349 tribulationum
1804 4301 1860 4350 et
1879 4312 2058 4366 angu-

462 4385 702 4438 stiarum
753 4377 1064 4444 etfectibus,
1103 4383 1235 4436 hinc
1267 4399 1367 4454 per
1405 4383 1763 4438 Salomonem
1799 4385 2047 4439 dicitur:

462 4474 630 4540 Quem
641 4475 790 4526 enim
809 4473 996 4540 diligit
1010 4471 1276 4526 Dominus
1294 4475 1524 4542 corripit
1546 4475 1720 4542 (Prov.
1745 4474 1846 4542 III),
1867 4473 2054 4544 ﬂagel-

457 4563 542 4618 lat
558 4567 750 4617 autem
782 4577 1007 4616 omnem
1028 4561 1206 4616 ﬁlium
1238 4579 1404 4632 quem
1431 4561 1647 4632 recipit,
1667 4561 1914 4632 facitque
1941 4563 2053 4616 Do-

457 4653 650 4708 minus
666 4651 790 4719 hoc,
806 4650 852 4706 si
868 4651 1117 4705 humana
1127 4667 1247 4705 com
1255 4651 1504 4722 paranda
1520 4657 1653 4704 sunt
1668 4650 1888 4716 divinis,
1899 4667 2053 4704 more

457 4739 698 4813 piissimi
727 4740 904 4812 patris
929 4741 1070 4794 duos
1104 4740 1248 4794 ﬁlios
1288 4739 1566 4802 habentis,
1599 4755 1837 4810 quorum
1876 4756 2053 4794 unum

461 4846 629 4901 quem
653 4829 772 4883 vult
796 4827 902 4883 sibi
927 4829 1267 4883 substituere
1283 4829 1582 4889 haeredem,
1615 4827 1849 4882 diversis
1875 4829 2055 4883 modis

458 4919 727 4988 ﬂagellat,
750 4923 851 4973 aut
869 4917 990 4972 cibo
1005 4923 1107 4972 aut
1117 4923 1250 4989 potu
1273 4917 1738 4988 excommunicat,
1753 4917 2054 4989 aliquando

459 5005 632 5061 etiam
686 5005 880 5060 vinctis
927 5005 1163 5078 pedibus
1189 5011 1310 5061 tota
1337 5011 1501 5061 nocte
1530 5007 1875 5061 immobilem
1903 5013 2052 5062 stare

459 5093 612 5162 facit,
642 5094 1048 5150 incessentibus
1065 5094 1420 5150 contumeliis
1444 5093 1636 5157 afficit,
1663 5099 1719 5146 et
1745 5095 2050 5165 aliquando

459 5183 632 5238 veluti
677 5189 1005 5238 extraneum
1035 5182 1218 5235 alieno
1261 5181 1527 5252 obsequio
1567 5179 1773 5236 subdit.
1816 5185 2048 5236 Aterum

459 5288 592 5327 vero
613 5289 779 5343 quem
816 5271 924 5325 sibi
945 5270 1222 5324 haeredem
1249 5285 1360 5323 non
1383 5270 1910 5338 destinatfuturum,
1937 5289 2051 5327 suae

457 5360 765 5416 voluntatis
794 5375 914 5413 esse
965 5357 1259 5428 permittit,
1291 5358 1618 5413 comedendi
1649 5365 1705 5414 et
1734 5358 1958 5414 bibendi
1989 5361 2052 5414 li-

459 5450 704 5505 centiam
730 5446 950 5513 tribuit,
972 5446 1042 5500 ad
1073 5446 1472 5501 ambulandum
1499 5464 1831 5520 quocunque
1861 5449 2050 5504 volue-

459 5538 538 5598 rit
559 5537 766 5594 liberos
781 5551 1008 5606 gressus
1032 5535 1301 5590 concedit-
1324 5535 1412 5591 Ita
1431 5541 1490 5592 et
1517 5537 1873 5608 omnipotens
1901 5538 2050 5594 Deus

2131 568 2188 615 et
2212 563 2592 618 haereditate")
2625 571 2846 619 (eterna;
2873 565 3232 620 beatitudinis
3281 576 3679 638 consequantur.

2132 653 2460 714 Econtra,re
2468 653 2668 723 probos
2685 655 2739 707 in
2756 655 2874 708 suis
2897 655 3274 725 voluptatibus
3293 673 3568 710 remanere
3585 675 3686 727 per-

2129 740 2324 803 mittit,
2327 742 2453 811 juxt
2463 742 2654 796 aillud:
2665 743 2883 796 Dimisit
2899 760 2992 797 eos
3005 745 3308 799 secundum
3321 745 3583 800 desideria
3591 763 3687 800 cor-

2131 829 2216 882 dis
2242 846 2437 883 eorum
2465 832 2630 897 (Rom.
2655 833 2708 898 ι).
2733 832 3020 902 Reprobos
3043 833 3233 902 itaque
3253 833 3348 904 qui
3369 850 3509 888 nunc
3521 835 3686 890 mundi

2131 917 2420 972 desideriis
2445 923 2504 972 et
2537 919 2914 990 voluptatibus
2942 920 3116 974 dediti
3144 927 3292 986 sunt,
3310 927 3511 975 aeterna
3529 938 3688 992 exspe-

2133 1010 2288 1059 ctant
2315 1007 2622 1078 supplicia:
2644 1008 2783 1078 justi
2816 1025 2942 1062 vero
2965 1009 3061 1078 qui
3080 1025 3226 1063 nunc
3256 1010 3492 1079 ﬂagellis
3508 1017 3690 1081 tempo-

2134 1093 2345 1149 ralibus
2365 1100 2704 1159 atteruntur,
2720 1097 2790 1150 ab
2813 1104 3021 1151 aeterno
3041 1103 3174 1152 sunt
3185 1098 3408 1152 verbere
3427 1098 3684 1165 liberandi,

2134 1183 2267 1254 quia
2296 1190 2353 1237 et
2369 1183 2575 1238 vitulus
2595 1185 2690 1255 qui
2712 1185 2974 1258 occisioni
2995 1191 3362 1256 praeparatur,
3379 1187 3595 1240 liberius
3612 1203 3689 1257 pa-

2131 1272 2280 1325 scuis
2298 1272 2545 1342 saginari
2561 1274 2906 1343 permittitur
2929 1289 2940 1321 ε
2961 1275 3100 1342 licet
3119 1281 3309 1328 autem
3325 1275 3430 1328 hoc
3453 1275 3686 1330 Dominus

2132 1361 2326 1414 multis
2355 1361 2532 1414 modis
2562 1369 2847 1431 agat,cum
2880 1362 3127 1433 quinque
3145 1370 3281 1418 sunt
3307 1363 3454 1417 modi
3475 1364 3689 1434 speciali-

2131 1450 2448 1521 ter,quibus
2464 1467 2496 1504 a
2511 1453 2744 1506 Domino
2761 1453 3118 1522 ﬂagellantur
3133 1453 3686 1524 homines.Aliquando

2134 1539 2202 1592 ad
2245 1541 2664 1610 augmentanda
2691 1542 2912 1604 merita,
2949 1543 3095 1596 sicut
3121 1543 3226 1598 Job
3258 1549 3318 1598 et
3345 1543 3570 1608 Tobias;
3598 1543 3686 1596 ali-

2136 1628 2358 1698 quando
2377 1629 2449 1682 ad
2469 1629 2780 1683 custodiam
2804 1631 3166 1694 virtutum,ut
3178 1633 3408 1698 Paulus;
3427 1630 3687 1702 aliquando

2134 1721 2198 1769 ut
2227 1724 2453 1786 peccata
2483 1719 2765 1788 praeterita
2789 1720 3162 1790 corrigantur,
3187 1721 3337 1775 sicut
3363 1719 3684 1791 paralyticus,

2133 1804 2223 1859 cui
2252 1805 2463 1859 dictum
2495 1813 2580 1860 est
2609 1826 2620 1860 τ
2653 1808 2780 1861 Ecce
2794 1824 2965 1862 sanus
2983 1811 3167 1876 factus
3189 1827 3262 1876 cs,
3293 1811 3412 1863 uide
3431 1825 3493 1862 ne
3523 1823 3686 1876 pecces,

2137 1911 2202 1947 ne
2219 1896 2462 1949 deterius
2483 1898 2584 1949 tibi
2603 1898 2823 1964 aliquid
2841 1903 3126 1965 contingat
3144 1901 3406 1966 (Joan.v);
3429 1895 3689 1967 aliquando

2137 2000 2248 2037 non
2285 1990 2349 2037 ut
2370 1985 2756 2044 emendentur,
2786 1985 2880 2039 sed
2923 1992 2984 2039 ut
3020 1987 3230 2058 duplici
3269 1993 3498 2058 pereant
3535 1983 3690 2056 perdi-

2133 2073 2308 2136 tione,
2339 2079 2404 2127 ut
2427 2073 2736 2128 Antiochus
2757 2080 2813 2128 et
2840 2075 3106 2141 Herodes,
3138 2076 3209 2130 de
3240 2075 3442 2146 quibus
3469 2074 3649 2128 dicitur
3675 2091 3686 2124 :

2135 2163 2360 2230 Duplici
2383 2165 2714 2216 contritione
2742 2168 2956 2217 contere
2981 2181 3082 2224 eos,
3114 2166 3348 2218 Domine
3380 2167 3516 2233 (Jer.
3549 2163 3686 2230 xm);

2135 2250 2437 2320 aliquando
2467 2257 2530 2304 ut
2557 2251 2658 2304 Dei
2684 2251 2867 2321 gloria
2897 2269 2996 2322 per
3024 2253 3128 2306 hoc
3167 2253 3499 2308 ostendatur
3537 2249 3688 2304 mani-

2133 2337 2294 2401 festa,
2327 2339 2470 2393 sicut
2498 2340 2740 2393 Lazarus
2767 2346 2824 2394 et
2846 2357 3023 2396 caecus
3053 2347 3242 2396 natus.
3272 2341 3379 2396 Sed
3402 2341 3551 2394 electi
3573 2354 3688 2409 quo-

2133 2443 2352 2498 cunque
2401 2427 2566 2482 modo
2611 2429 2990 2498 ﬂagellantur,
3027 2431 3291 2484 meliores
3320 2429 3616 2483 efﬁciuntur
3639 2443 3689 2480 ex

2136 2516 2378 2586 ﬂagello,
2403 2516 2552 2569 unde
2575 2523 2631 2569 et
2650 2517 2968 2571 exhortatio
2989 2517 3487 2580 subiufertur.cum
3501 2515 3685 2570 dicitur:

2134 2606 2196 2658 1E
2201 2607 2414 2657 mutare
2428 2621 2552 2671 ergo
2569 2609 2618 2658 et
2633 2609 3012 2672 panitentiam
3029 2607 3408 2674 age..Emulus
3425 2605 3687 2667 studiosus,

2135 2698 2192 2746 et
2219 2693 2456 2746 aemulus
2483 2691 2722 2754 invidus,
2767 2700 2824 2746 ct
2853 2695 3090 2748 aemulus
3120 2695 3375 2749 imitator
3393 2695 3599 2755 dicitur,
3618 2691 3690 2744 hic

2136 2787 2323 2835 autem
2356 2797 2456 2851 pro
2487 2781 2803 2835 imitatione
2825 2783 3072 2852 ponitur.
3091 2783 3266 2836 Erant
3287 2783 3430 2837 enim
3454 2783 3506 2836 in
3528 2780 3688 2834 eadem

2135 2869 2561 2923 Laodicensium
2595 2870 2842 2924 Ecclesia
2871 2887 3010 2940 quos
3031 2870 3289 2925 Christus
3319 2870 3686 2940 ﬂagellaverat:

2135 2957 2370 3029 ideoque
2391 2966 2454 3012 ut
2483 2975 2578 3013 eos
2607 2959 2790 3013 caeteri
2813 2959 3179 3013 imitarentur
3207 2960 3484 3020 hortatur,
3506 2956 3606 3010 acsi
3623 2953 3688 3008 eis

2142 3046 2424 3101 diceretur
2455 3065 2466 3100 :
2502 3048 2646 3102 Dum
2703 3047 2981 3119 quoslibet
3017 3065 3080 3102 ex
3110 3047 3269 3102 vobis
3307 3045 3563 3118 ﬂagellari
3586 3059 3690 3096 con-

2142 3137 2374 3208 spicitis,
2405 3153 2600 3191 eorum
2650 3137 2952 3191 imitamini
3002 3138 3358 3208 patientiam,
3390 3135 3688 3190 sustinentes

2135 3227 2414 3297 patienter
2443 3226 2666 3295 ﬂagella
2691 3226 2748 3279 in
2774 3227 3053 3298 praesenti,
3073 3233 3136 3280 ut
3164 3233 3364 3297 postea
3389 3221 3685 3279 consortium

2133 3313 2480 3367 mereamini.
2515 3314 2584 3368 Et
2609 3331 2713 3384 age
2747 3315 3134 3385 paenitentiam
3182 3322 3414 3386 propter
3447 3314 3543 3368 hoc
3567 3309 3686 3382 quod

2131 3402 2320 3457 dixisti
2351 3421 2362 3456 :
2393 3405 2539 3456 dives
2561 3419 2686 3457 sum
2715 3409 2763 3457 ct
2796 3407 3011 3458 nullius
3040 3421 3178 3473 egeo,
3216 3411 3331 3459 ete.

2205 3493 2332 3546 Ecce
2349 3497 2430 3546 sto
2448 3493 2522 3546 ad
2544 3497 2745 3547 ostium
2774 3498 2821 3546 et
2843 3495 3017 3562 pulso.
3036 3494 3177 3548 Cum
3201 3495 3356 3548 Deus
3377 3491 3687 3561 omnipotens

2137 3579 2344 3650 ubique
2373 3597 2475 3650 per
2505 3581 2857 3651 praesentiam
2883 3599 2999 3636 suae
3019 3582 3336 3636 divinitatis
3355 3588 3411 3637 et
3438 3580 3613 3634 caelum
3643 3579 3688 3628 et

2140 3675 2349 3723 terram
2373 3669 2763 3744 impleat,quid
2793 3672 2896 3725 hoc
2931 3671 3050 3725 loco
3071 3688 3172 3742 per
3189 3673 3397 3726 ostium
3418 3667 3686 3736 intelligere

2143 3757 2430 3820 debemus.
2463 3758 2570 3812 nisi
2595 3759 3028 3829 intelligentiam
3059 3760 3241 3814 cordis
3260 3761 3286 3813 ?
3318 3761 3440 3815 Stat
3459 3773 3578 3828 ergo
3604 3754 3684 3808 Do-

2142 3847 2329 3901 minus
2365 3847 2436 3900 ad
2475 3848 2680 3902 ostium
2703 3855 2761 3902 et
2781 3849 3214 3920 pulsat,quando
3235 3865 3336 3903 cor
3349 3843 3684 3909 hominis,sive

2143 3953 2242 4006 per
2269 3936 2548 3990 internam
2582 3937 3158 4007 inspirationem,sive
3179 3955 3281 4008 per
3309 3938 3684 4010 praedicatorum

2141 4023 2453 4078 doctrinam
2481 4025 2782 4082 illuminat.
2814 4026 3136 4080 Pulsantem
3162 4033 3356 4081 autem
3372 4027 3520 4079 illum
3540 4021 3683 4084 audit,

2145 4114 2398 4185 quisquis
2427 4114 2578 4169 illius
2608 4114 2818 4168 monita
2849 4131 3018 4186 opere
3036 4115 3305 4172 custodit.
3336 4116 3398 4172 Si
3429 4117 3541 4184 quis
3561 4124 3682 4180 ergo:

2141 4203 2343 4273 inquit,
2361 4205 2610 4258 audierit
2628 4221 2805 4258 vocem
2821 4221 3018 4271 meam,
3046 4206 3130 4259 vel
3153 4205 3274 4276 ipse
3293 4207 3477 4261 divina
3503 4197 3686 4270 eloquia

2143 4291 2399 4362 legendo,
2432 4293 2517 4346 vel
2545 4292 2615 4346 ab
2643 4292 2768 4346 aliis
2798 4295 3143 4364 exponendo,
3185 4300 3234 4348 et
3262 4295 3535 4364 aperuerit
3571 4287 3687 4341 mihi

2125 4383 2372 4448 januam
2411 4381 2592 4436 cordis
2619 4382 2724 4447 sui,
2752 4387 2818 4436 ut
2837 4399 2902 4436 ea
2931 4399 3055 4453 quae
3079 4382 3346 4453 intelligit
3366 4397 3523 4454 opere
3547 4377 3683 4450 perﬁ-

2135 4469 2264 4537 ciat,
2280 4472 2502 4525 intrabo
2523 4473 2596 4524 ad
2619 4471 2870 4536 illum,id
2893 4471 3320 4526 estilluminabo
3335 4467 3681 4527 secretaillius,

2135 4565 2183 4612 et
2205 4561 2417 4614 caenabo
2445 4577 2570 4614 cum
2602 4563 2720 4626 illo,
2749 4565 2797 4614 et
2828 4563 2936 4628 ipse
2966 4577 3200 4614 mecum.
3223 4562 3304 4616 De
3335 4563 3437 4616 hoc
3459 4561 3512 4614 in
3534 4558 3683 4611 Evan-

2133 4649 2280 4718 gelio
2311 4649 2578 4719 loquitur,
2610 4649 2826 4704 dicens:
2852 4651 2917 4706 Si
2937 4653 3061 4719 quis
3087 4651 3274 4718 diligit
3298 4668 3401 4710 me.
3423 4657 3684 4704 sermonem

2136 4754 2321 4791 meum
2343 4740 2602 4804 servabit,
2626 4744 2674 4792 et
2701 4741 2862 4792 Pater
2880 4755 3034 4792 meus
3067 4741 3257 4806 diliget
3283 4757 3428 4803 eum,
3451 4736 3681 4791 etadeum

2135 4830 2434 4892 renicmus,
2466 4832 2514 4880 et
2545 4831 2890 4882 mansionem
2917 4829 3068 4896 apud
3103 4845 3228 4882 eum
3259 4830 3514 4896 faciemus
3530 4826 3680 4893 (Joan-

2135 4927 2264 4981 x1v).
2301 4915 2358 4969 Si
2378 4921 2569 4970 autem
2605 4916 2908 4986 quaerimus
2929 4917 3064 4987 quid
3093 4917 3168 4971 sit
3189 4916 3346 4972 cibus
3371 4913 3572 4978 Christi,
3595 4922 3682 4980 quo

2137 5021 2264 5059 eum
2285 5004 2710 5076 reficimus,ipse
2727 5005 2922 5076 utique
2936 5006 3261 5060 manifestat
3280 5007 3377 5076 qui
3391 5005 3532 5059 dicit:
3549 5001 3682 5056 Cibus

2134 5111 2286 5148 meus
2309 5099 2402 5160 est,
2428 5099 2490 5146 ut
2520 5097 2728 5161 faciam.
2747 5097 3084 5149 voluntatem
3105 5097 3289 5149 Patris
3313 5098 3418 5150 mei
3435 5095 3581 5164 (Joan
3605 5095 3674 5150 IV)-

2135 5183 2294 5236 Unde
2320 5182 2560 5253 legimus
2588 5183 2644 5236 iu
2677 5183 2978 5252 Evangelio
3024 5202 3035 5236 :
3090 5183 3224 5255 quia
3269 5181 3678 5255 appropinquans

2134 5271 2400 5341 passioni,
2423 5271 2560 5326 dixit
2588 5271 2874 5343 discipulis
2905 5273 3020 5327 suis
3057 5293 3068 5326 :
3117 5275 3262 5327 Venit
3295 5277 3439 5326 enim
3463 5271 3677 5338 prince!”

2135 5361 2338 5414 mundi
2359 5361 2599 5428 hujus,et
2611 5365 2672 5415 in
2692 5378 2776 5414 me
2793 5377 2904 5415 non
2920 5363 3073 5415 habet
3091 5355 3668 5430 quidquam/Icaria“),

2135 5455 2192 5504 et
2219 5450 2380 5520 quasi
2407 5449 2616 5503 diceret
2643 5449 2847 5520 aliquis
2872 5468 2883 5502 :
2915 5451 3028 5504 Cur
3054 5467 3188 5520 ergo
3218 5448 3482 5512 morieris,
3509 5441 3670 5498 statim

2131 5537 2450 5610 subjungit:
2466 5537 2570 5592 Sed
2596 5543 2659 5592 ut
2677 5545 2957 5608 cognoscat
2989 5541 3233 5594 mundus
3261 5542 3391 5608 quia
3418 5537 3570 5602 diligo
3586 5532 3668 5584 Pa-

3901 4479 3903 4620 φ

3902 5369 3903 5460 l
