3992 6166
230 271 370 331 1001

1159 267 1543 326 EXPOSITIO
1575 271 1655 325 IN
1679 246 2205 327 APOCALYPSIN.
2248 301 2313 313 -
2344 271 2487 335 LIB.
2517 269 2596 328 II.

3360 269 3500 330 1002

215 404 393 463 ,trem,
410 401 461 451 et
478 397 623 451 sicut
635 395 971 449 mandatum
983 394 1130 448 dedit
1144 395 1291 447 mihi
1308 397 1483 457 Pater,
1500 398 1577 449 sic
1590 397 1821 463 faciam,
1841 396 1891 456 Α
1907 398 2409 467 conversationem,
2436 405 2494 455 et
2518 400 2595 455 sic
2615 400 2686 454 ad
2708 403 2977 454 aeternam
2997 398 3249 469 pervenit
3262 397 3503 453 beatitu-

228 488 460 555 surgite,
483 500 671 539 eamus
691 486 877 554 (Joan.
899 486 1030 551 XIV).
1048 483 1415 538 Voluntatem
1431 483 1624 554 itaque
1644 485 1828 538 Patris
1909 484 2117 552 dinem,
2134 488 2388 558 nunquid
2405 506 2538 559 ergo
2549 488 2793 560 aequales
2805 491 2972 541 erunt
2985 486 3041 540 in
3053 486 3243 541 futuro
3249 486 3375 556 ,qui
3389 502 3501 540 non

230 574 509 645 implevit,
526 572 751 644 quando
768 588 870 642 pro
881 571 1044 625 nobis
1063 572 1136 625 ad
1154 572 1352 625 mortis
1367 573 1686 642 passionem
1706 588 1829 643 per—
1909 574 2201 645 aequaliter
2211 576 2461 632 vicerunt
2474 578 2532 632 in
2545 577 2839 649 praesenti?
2853 578 2979 631 Non
2990 576 3187 646 utique
3203 574 3336 645 quia
3345 576 3504 628 stella

230 664 404 718 venit.
428 663 599 718 C(ena
636 660 842 715 dicitur
869 660 1184 715 communis
1212 661 1462 727 refectio,
1497 661 1629 732 quia
1666 662 1826 713 κοίνον
1910 665 3508 731 astelladi/I‘ertinclaritate,sicetresurrectiomortuorum

233 753 426 807 Graece
459 750 666 805 dicitur
707 765 1019 813 commune.
1063 748 1208 803 Item
1245 754 1431 803 coenet
1464 750 1657 820 itaque
1699 765 1829 803 cum

231 840 504 896 membris
522 845 711 911 caput,
731 844 786 893 et
810 837 1065 893 membra
1083 855 1212 893 cum
1233 838 1434 910 capite,
1458 839 1592 909 quia
1610 844 1668 892 et
1680 838 1834 893 Chri-

232 937 356 985 stus
373 934 629 985 mortuus
644 932 730 983 est
751 945 852 999 pro
869 926 1081 993 electis,
1105 931 1160 982 et
1182 927 1344 981 electi
1369 927 1690 981 moriuntur
1706 940 1833 980 cum

233 1020 356 1087 illo,
388 1024 454 1074 ut
482 1024 538 1074 et
559 1018 668 1089 ipsi
697 1017 996 1089 perﬁciant
1033 1016 1380 1071 voluntatem
1409 1016 1614 1071 Patris.
1650 1014 1837 1069 Pascit

234 1126 340 1164 nos
371 1108 648 1173 Christus,
673 1106 807 1177 quia
828 1106 1115 1160 illuminat
1142 1121 1246 1160 nos
1267 1105 1378 1159 ﬁde
1401 1121 1525 1159 sua.
1547 1103 1835 1158 Pascimus

235 1205 296 1255 et
327 1215 430 1252 nos
450 1195 691 1251 vicissim
715 1194 1025 1259 Christum,
1049 1194 1184 1265 quia
1205 1193 1557 1248 laetiticamus
1582 1208 1712 1246 eum
1734 1208 1836 1246 nos

235 1288 350 1344 ﬁde
368 1288 564 1341 nostra
582 1289 640 1339 et
658 1300 848 1356 opere.
860 1282 1095 1338 Dicatur
1113 1282 1306 1353 itaque
1331 1301 1343 1336 :
1369 1282 1433 1338 Si
1448 1284 1575 1350 quis
1590 1283 1839 1335 audierit

236 1392 421 1432 vocem
448 1390 649 1440 meam,
672 1378 721 1427 et
747 1375 1031 1440 aperuerit
1058 1372 1202 1426 mihi
1219 1374 1486 1440 januam,
1509 1372 1731 1424 intrabo
1764 1369 1837 1422 ad

238 1468 433 1529 illum,
449 1467 501 1517 et
520 1463 733 1517 caenabo
761 1477 889 1515 cum
909 1463 1041 1528 ipso,
1067 1465 1115 1514 et
1137 1463 1248 1529 ipse
1267 1476 1500 1527 mecum,
1525 1476 1590 1513 ac
1616 1458 1664 1513 si
1692 1457 1838 1512 dice-

237 1559 401 1609 retur
424 1570 436 1605 :
463 1551 568 1616 Qui
589 1549 872 1621 operando
892 1552 951 1603 et
968 1548 1209 1602 amando
1229 1563 1518 1603 sermones
1538 1563 1693 1601 meos
1709 1546 1834 1601 fue-

239 1642 317 1697 rit
353 1644 668 1704 exsecutus,
701 1643 755 1693 et
783 1637 856 1692 ad
892 1636 1313 1708 percipiendam
1346 1652 1487 1691 mete
1530 1633 1838 1690 divinitatis

1914 749 1963 818 (I
1990 751 2111 805 Cor.
2144 756 2255 821 xv).
2288 754 2692 819 Verumtamen
2727 754 3015 809 sciendum
3045 758 3148 819 est,
3187 752 3320 824 quia
3357 753 3509 823 quod

1914 838 1995 892 illi
2019 838 2161 894 tales
2190 846 2247 895 et
2274 843 2459 897 caeteri
2482 860 2594 899 non
2620 843 2908 898 habebunt
2935 843 2995 897 in
3023 858 3102 908 se,
3131 841 3419 896 habebunt
3446 842 3508 896 in

1915 928 2162 998 praelatis
2187 930 2322 985 suis.
2348 932 2456 996 Qui
2481 950 2614 1003 ergo
2643 949 2745 1004 per
2771 949 2831 987 se
2851 949 2964 986 non
2987 930 3340 1001 judicabunt,
3360 930 3510 1001 judi-

1916 1014 2125 1069 cabunt
2167 1017 2364 1089 utique
2405 1036 2507 1090 per
2558 1036 2690 1074 suos
2735 1019 3082 1091 praepositos.
3132 1020 3314 1074 Tanta
3357 1018 3511 1073 enim

1918 1103 2026 1157 erit
2047 1104 2105 1158 in
2130 1103 2243 1158 illis
2286 1106 2548 1175 Charitas,
2602 1113 2666 1161 ut
2695 1107 2842 1178 quod
2866 1106 3102 1178 quisque
3120 1106 3323 1161 viderit
3350 1106 3409 1161 in
3430 1107 3510 1161 al-

1916 1197 2062 1255 tero,
2085 1208 2250 1247 suum
2270 1194 2519 1265 deputet.
2544 1195 2787 1266 Ideoque
2803 1196 2952 1266 quod
2972 1211 3085 1248 non
3102 1194 3331 1250 habebit
3347 1196 3407 1249 in
3428 1213 3507 1264 se,

1919 1279 2148 1335 habebit
2174 1282 2235 1336 in
2275 1283 2475 1349 altero,
2504 1283 2697 1355 sicque
2739 1300 2933 1337 omnes
2974 1284 3137 1337 electi
3173 1288 3512 1355 potestatem

1917 1368 2206 1425 habebunt
2230 1371 2289 1426 in
2322 1372 2586 1443 pralatis,
2608 1372 2754 1426 sicut
2782 1372 2954 1425 etiam
2982 1371 3153 1426 habet
3176 1378 3514 1443 potestatem

1918 1462 2100 1512 totum
2130 1476 2335 1531 corpus
2360 1461 2605 1516 hominis
2632 1461 2785 1531 loqui
2815 1476 2915 1531 per
2934 1476 3014 1521 os,
3043 1460 3231 1515 videre
3261 1477 3363 1532 per
3390 1478 3519 1516 ocu-

1919 1544 2023 1613 los,
2055 1547 2253 1602 audire
2297 1565 2401 1619 per
2442 1565 2631 1617 aures,
2682 1550 2902 1604 odorari
2942 1566 3044 1620 per
3080 1566 3265 1615 nares,
3298 1549 3525 1622 operari

1920 1650 2023 1705 per
2067 1651 2286 1704 manus,
2335 1654 2463 1692 cum
2500 1639 2725 1709 singula
2763 1639 3019 1693 membra
3056 1637 3303 1693 habeant
3336 1639 3522 1693 ofﬁcia

241 1719 605 1784 dulcedinem
650 1726 938 1792 dilatatus,
970 1726 1123 1779 hunc
1150 1742 1252 1796 per
1276 1725 1561 1779 internam
1602 1723 1846 1794 gratiam
1865 1713 2050 1789 Bsua,
2075 1725 2210 1795 quia
2237 1727 2383 1797 quod
2405 1727 2846 1798 unumquodque
2876 1727 3192 1782 membrum
3214 1744 3327 1782 non
3353 1726 3523 1782 habet

241 1823 508 1888 tangens,
549 1813 831 1869 irradiabo
858 1819 916 1868 et
951 1813 1182 1868 ccenabo
1212 1829 1341 1868 cum
1367 1813 1484 1879 illo,
1516 1818 1575 1867 et
1600 1813 1697 1867 ille
1725 1828 1847 1866 me-

244 1922 398 1971 cum,
432 1904 566 1975 quia
610 1903 670 1957 in
715 1902 970 1957 faciendo
1006 1902 1358 1957 voluntatem
1403 1901 1611 1964 Patris,
1646 1904 1702 1955 et
1745 1916 1849 1971 ego

242 1994 423 2059 illius,
453 2000 512 2047 et
534 1993 674 2063 gipse
722 1992 863 2047 meis
891 1990 1374 2063 compassionibus
1417 1994 1850 2061 concorporatus

245 2089 488 2153 uterque
517 2081 905 2138 delectabitur.

322 2174 432 2239 Qui
454 2173 666 2235 vicerit,
689 2171 900 2237 faciam
930 2173 1097 2225 illum
1124 2172 1303 2225 sedere
1322 2188 1536 2226 mecum
1566 2176 1629 2227 in
1652 2174 1847 2227 throno

246 2276 389 2313 meo.
423 2257 567 2322 Quia
604 2258 842 2311 thronus
878 2263 964 2312 est
1000 2258 1161 2312 sedes
1184 2258 1412 2329 judicis.
1445 2261 1554 2314 Per
1579 2261 1849 2315 thronum

241 2347 548 2419 judiciaria
578 2345 905 2416 designatur
934 2352 1203 2418 potestas,
1232 2347 1293 2401 in
1323 2364 1435 2417 qua
1460 2349 1683 2403 venturi
1723 2353 1854 2403 sunt

250 2436 439 2491 sancti
468 2436 537 2489 ad
561 2434 839 2506 judicium
868 2452 996 2489 cum
1030 2436 1212 2507 capite
1257 2452 1392 2503 suo;
1426 2436 1811 2508 dicaturergo
1844 2454 1855 2489 :

252 2526 368 2590 Qui
395 2523 590 2579 vicerit
618 2529 974 2577 tentamenta
993 2523 1267 2579 diabolica
1293 2529 1350 2578 et
1374 2525 1652 2580 desideria
1677 2526 1862 2579 carnis

253 2631 395 2680 suae,
430 2611 629 2667 faciam
658 2612 818 2666 illum
852 2612 1050 2667 sedere
1080 2612 1140 2666 in
1168 2613 1374 2668 throno
1402 2631 1547 2680 meo,
1580 2614 1639 2668 id
1660 2620 1763 2681 est,
1785 2615 1864 2668 fa-

254 2703 405 2757 ciam
434 2702 592 2756 illum
628 2717 868 2772 regnare
907 2706 965 2755 et
998 2701 1059 2755 in
1081 2701 1294 2771 judicio
1318 2702 1594 2773 judicare.
1626 2702 1783 2757 Sicut
1813 2707 1863 2756 et

250 2809 351 2861 ego
381 2795 490 2845 vici
516 2790 823 2855 diabolum,
856 2795 906 2843 et
933 2791 1050 2843 sedi
1068 2806 1195 2844 cum
1227 2793 1387 2845 Patre
1420 2808 1537 2846 meo
1563 2795 1628 2846 in
1668 2792 1862 2845 throno

255 2885 397 2951 ejus.
430 2879 580 2933 Vicit
623 2879 743 2950 ipse
792 2878 1099 2945 diabolum,
1148 2879 1283 2949 quia
1325 2880 1469 2934 sicut
1514 2880 1758 2951 legimus
1802 2880 1863 2933 in

256 2968 581 3039 Evangelio,
605 2966 842 3021 tentavit
859 2984 989 3021 eum
1008 2967 1192 3022 tribus
1213 2968 1414 3033 modis,
1436 2969 1534 3022 sed
1563 2978 1862 3039 superatus

1926 1810 1988 1866 in
2016 1829 2094 1878 se,
2126 1813 2296 1869 habet
2338 1815 2398 1869 in
2438 1817 2637 1872 altero.
2672 1817 2780 1871 Sed
2816 1821 2882 1871 ut
2908 1817 2980 1870 ad
3011 1816 3157 1871 hanc
3187 1816 3523 1887 dignitatem

1930 1901 2219 1972 perveniat
2249 1903 2513 1971 Ecclesia,
2547 1905 2607 1959 in
2654 1904 2759 1958 hac
2808 1903 3032 1959 interim
3074 1904 3526 1976 peregrinatione

1931 1999 2231 2054 humiliata
2264 2001 2461 2071 gemit,
2503 2017 2606 2056 nec
2644 2002 2844 2072 quaerit
2881 2002 3230 2057 celsitudinis
3280 2003 3529 2071 culmen,

1925 2086 2024 2142 ubi
2059 2093 2181 2144 tota
2219 2090 2334 2144 vita
2370 2095 2693 2145 sanctorum
2733 2091 3142 2145 humiliationis
3171 2090 3390 2146 obtinet
3425 2107 3529 2145 no-

1928 2193 2076 2231 men.

2008 2267 2114 2334 Qui
2141 2268 2297 2320 habet
2317 2282 2535 2331 aurem,
2556 2266 2613 2320 id
2640 2271 2726 2320 est
2752 2268 3183 2339 intelligentiam
3204 2268 3407 2333 cordis,
3431 2285 3539 2323 au-

1937 2356 2075 2419 diat,
2102 2354 2161 2407 id
2189 2360 2274 2409 est
2301 2355 2584 2425 intelligat
2611 2357 2748 2424 quid
2777 2356 3023 2424 Spiritus
3063 2359 3211 2411 dicat
3250 2358 3527 2415 Ecclesiis.

1944 2443 2048 2497 Hic
2061 2450 2253 2515 aperte
2270 2449 2634 2510 monstratur,
2651 2444 2782 2515 quia
2798 2446 2944 2515 quod
2966 2446 3268 2517 unicuique
3289 2446 3545 2501 Ecclesiae

1944 2531 2154 2585 dictum
2186 2538 2289 2595 est,
2321 2532 2582 2587 omnibus
2614 2533 2872 2587 Ecclesiis
2890 2534 3233 2603 generaliter
3261 2535 3523 2589 convenit

1945 2621 2270 2675 Notandum
2300 2627 2489 2676 autem
2520 2622 2667 2692 quod
2713 2637 2824 2675 non
2873 2622 3009 2676 dicit
3047 2623 3301 2694 angelus,
3346 2610 3568 2678 audiat.

1945 2711 2077 2782 quid
2107 2711 2282 2765 Filius
2324 2712 2472 2765 dicat
2501 2711 2767 2775 ecclesiis,
2798 2728 2924 2766 cum
2956 2713 3274 2783 specialiter
3308 2712 3368 2766 in
3419 2730 3544 2784 per-

1944 2815 2084 2853 sona
2110 2799 2262 2853 illius
2292 2799 2573 2870 apparuit,
2595 2799 2690 2853 sed
2720 2800 2855 2870 quid
2883 2800 3114 2871 spiritus
3139 2801 3309 2855 dicat.
3338 2802 3403 2856 In
3430 2818 3540 2873 quo

1944 2887 2173 2941 nomine
2209 2886 2433 2941 trinitas
2462 2893 2583 2942 tota
2610 2887 2968 2958 intelligitur,
2997 2890 3128 2959 quia
3157 2906 3394 2960 quorum
3426 2906 3543 2945 una

1946 2981 2031 3031 est
2049 2975 2379 3037 substantia,
2398 2992 2513 3029 una
2532 2976 2803 3047 operatio,
2823 2992 2937 3030 una
2957 2980 3014 3030 et
3033 2978 3238 3032 locutio
3257 2984 3363 3032 est.
3379 2979 3542 3042 Quod

255 3063 347 3113 est
365 3056 438 3111 ab
465 3057 582 3111 illo.
604 3056 765 3112 Unde
789 3063 838 3111 et
858 3059 1044 3124 angeli
1065 3058 1369 3111 accedentes
1387 3057 1787 3111 ministrabant
1808 3057 1859 3108 ei
1877 3069 1919 3129 ο
1944 3064 2075 3118 enin
2103 3064 2330 3118 nomine
2358 3063 2588 3135 spiritus
2630 3069 2752 3119 tota
2780 3065 3127 3135 signiﬁcetur
3148 3066 3393 3133 trinitas,
3425 3069 3538 3123 Do-

262 3147 483 3218 (Matth.
502 3153 595 3215 IV).
608 3145 757 3199 Vicit
773 3146 1016 3205 Iudaeos.
1031 3145 1127 3216 qui
1147 3161 1277 3199 eum
1296 3145 1465 3199 morti
1477 3144 1856 3212 tradiderunt,

260 3234 492 3307 quando
522 3239 649 3305 post
694 3240 808 3287 tres
846 3233 967 3287 dies
1011 3233 1229 3288 devicta
1257 3239 1438 3287 morte
1466 3233 1773 3287 resurrexit
1801 3233 1859 3286 in

254 3331 538 3380 mternum
562 3323 830 3378 victurus.
857 3322 1027 3377 Sedet
1046 3327 1104 3375 et
1130 3323 1190 3374 in
1210 3322 1417 3375 throno
1444 3321 1647 3387 Patris,
1675 3321 1732 3375 id
1753 3326 1856 3386 est,

254 3412 559 3484 coaequalis
573 3412 656 3466 illi
674 3417 732 3466 et
750 3417 1060 3465 coaeternus
1077 3414 1269 3464 manet
1288 3410 1345 3463 in
1366 3410 1562 3464 eadem
1582 3409 1856 3481 potentia.

252 3502 377 3556 Nec
395 3506 621 3554 moveat
647 3515 925 3571 quemque
952 3498 1102 3568 quod
1126 3513 1275 3552 unus
1303 3498 1541 3552 thronus
1563 3496 1862 3567 judiciaria

252 3594 511 3662 potestas
541 3588 895 3658 intelligitur,
919 3602 1047 3641 cum
1072 3585 1132 3640 in
1156 3586 1456 3657 Evangelio
1488 3586 1728 3657 legimus
1755 3587 1863 3642 Do-

251 3679 416 3733 mino
464 3677 684 3732 dicente
736 3675 1025 3755 discipulis
1072 3693 1084 3728 :
1144 3676 1234 3728 Vo‘s
1273 3678 1371 3743 qui
1407 3678 1579 3728 secuti
1614 3678 1739 3729 estis
1778 3692 1863 3729 me

251 3768 480 3832 (Matth.
505 3773 644 3830 xxx),
671 3771 778 3819 etc.
813 3767 878 3819 In
907 3763 1275 3834 sequentibus
1297 3779 1519 3834 quoque
1540 3762 1671 3816 libri
1696 3764 1863 3833 hujus

251 3857 506 3926 legimus
532 3854 727 3924 viginti
759 3859 1000 3925 quatuor
1026 3853 1276 3916 thronos,
1312 3851 1691 3905 duodenarius
1711 3851 1864 3906 enim

252 3945 351 4001 bis
365 3945 571 3998 ductus
582 3957 703 3997 xxnv
716 3942 993 3996 reddit.In
1006 3957 1117 4011 quo
1131 3956 1366 3994 numero
1383 3956 1503 3993 com
1509 3939 1867 4010 prehendun-

251 4039 360 4088 tur
368 4048 566 4087 omnes
576 4030 927 4103 patriarchae,
944 4036 1003 4083 et
1016 4030 1272 4100 apostoli.
1288 4044 1594 4098 omnesque
1610 4027 1862 4099 perfecti,

254 4121 364 4193 qui
389 4136 519 4174 cum
540 4119 779 4173 Domino
799 4118 1020 4173 venturi
1049 4122 1183 4171 sunt
1210 4117 1281 4171 ad
1304 4115 1602 4186 judicium.
1633 4117 1779 4170 Nam
1806 4116 1865 4170 in

254 4208 564 4264 duodecim
612 4207 948 4279 patriarchis
1006 4222 1202 4260 omnes
1266 4206 1464 4260 Patres
1515 4204 1743 4275 perfecti
1808 4204 1867 4258 in

253 4297 461 4353 Veteri
473 4298 835 4352 Testamento
851 4294 1431 4366 comprehenduntur:
1455 4311 1556 4365 per
1573 4290 1867 4348 duodecim

1941 3152 2130 3208 minus
2156 3152 2215 3206 in
2239 3152 2539 3223 Evangelio
2559 3153 2900 3219 manifestat,
2934 3154 3124 3209 dicens
3148 3173 3160 3208 :
3194 3158 3445 3224 Spiritus
3463 3161 3540 3211 est

1941 3244 2101 3305 Deus,
2132 3246 2181 3295 et
2210 3258 2293 3295 eos
2321 3244 2421 3309 qui
2447 3243 2687 3295 adorant
2715 3259 2862 3308 eum,
2895 3245 2955 3295 in
2997 3246 3204 3311 spiritu
3235 3250 3283 3298 et
3311 3247 3541 3299 veritate

1943 3335 2148 3399 oportet
2175 3332 2412 3384 adorare
2440 3332 2623 3400 (Joan.
2655 3332 2752 3400 1v).
2788 3332 3103 3403 Aliquando
3150 3339 3339 3388 autem
3366 3333 3541 3389 Filius

1943 3420 2045 3473 Dei
2064 3419 2314 3490 loquitur
2333 3419 2403 3473 de
2425 3435 2526 3473 sua
2548 3419 2842 3474 divinitate
2877 3421 3212 3491 specialiter.
3242 3422 3402 3477 Unde
3422 3429 3534 3478 est:

1948 3509 2161 3577 Oportet
2188 3510 2397 3561 Filium
2418 3509 2662 3561 hominis
2682 3512 2826 3576 pati,
2850 3511 3120 3577 cruciﬁgi,
3152 3513 3300 3563 mori
3326 3516 3375 3564 et
3402 3527 3540 3580 sepe-

1946 3599 2048 3650 liri
2069 3596 2285 3664 (Matth.
2304 3601 2469 3662 xxvxl,
2487 3596 2636 3666 quod
2658 3596 3011 3650 solummodo
3030 3597 3101 3650 ad
3126 3614 3253 3652 eum
3272 3598 3542 3668 pertinet,

1946 3684 2201 3754 quamvis
2230 3687 2288 3737 et
2327 3683 2446 3736 haec
2483 3683 2604 3736 sine
2636 3683 2847 3754 Spiritu
2888 3683 2997 3737 dici
3025 3700 3138 3738 non
3167 3684 3402 3755 possint.
3437 3685 3542 3740 Hic

1944 3777 2135 3826 autem
2166 3789 2231 3826 ex
2258 3788 2499 3842 persona
2535 3771 2762 3825 deitatis
2791 3772 3057 3843 loquitur.
3102 3771 3349 3845 Ideoque
3370 3773 3542 3829 verba

1945 3861 2073 3916 Filii
2103 3860 2272 3916 verba
2301 3867 2435 3915 sunt
2464 3860 2643 3915 Patris
2673 3866 2731 3915 et
2760 3861 3001 3932 Spiritus
3029 3863 3227 3920 sancti.

2556 3984 2789 4041 CAPUT
2827 3987 2921 4041 IV.

2018 4112 2139 4164 Post
2163 4110 2270 4164 hac
2292 4112 2427 4165 vidi.
2456 4109 2581 4165 Mos
2621 4116 2710 4166 est
2748 4112 3149 4183 praphetarum
3177 4114 3542 4186 antiquorum

1948 4199 2177 4253 visionis
2206 4216 2321 4253 suae
2355 4204 2611 4271 tempora
2647 4201 2963 4255 describere
3001 4218 3100 4273 per
3127 4219 3308 4274 reges,
3339 4209 3397 4258 et
3433 4221 3544 4260 nu-

1949 4303 2170 4341 merum
2200 4303 2499 4354 annorum,
2542 4294 2599 4342 et
2643 4289 2948 4360 mensium,
2988 4295 3047 4344 et
3087 4291 3254 4345 etiam
3287 4292 3535 4351 dierum.

255 4387 556 4459 apostolos
582 4401 779 4439 omnes
796 4385 856 4439 in
874 4383 1049 4450 Novo,
1074 4383 1223 4437 sicut
1255 4399 1356 4453 per
1375 4382 1670 4436 duodecim
1690 4370 1935 4435 tribusD
1953 4376 2113 4431 Unde
2142 4376 2394 4431 Ezechiel
2418 4377 2556 4431 dicit
2585 4396 2597 4430 :
2628 4378 2695 4433 In
2732 4395 2881 4433 anno
2924 4380 3142 4451 quinto,
3170 4382 3546 4452 transmigra-

255 4476 449 4532 Israel
496 4490 689 4528 omnes
733 4478 948 4544 gentes.
990 4472 1210 4527 Dicitur
1245 4472 1437 4542 itaque
1464 4487 1610 4525 unus
1633 4470 1871 4524 thronus

256 4563 656 4634 singulariter,
672 4567 906 4633 propter
929 4577 1102 4616 unam
1131 4565 1467 4631 potestatem
1488 4558 1870 4628 judiciariam.

255 4654 553 4710 Dicuntur
569 4650 863 4706 duodecim
885 4655 1116 4721 propter
1138 4649 1539 4720 perfectionem
1567 4649 1873 4702 electorum

258 4742 373 4815 qui
395 4739 703 4812 judicaturi
734 4744 884 4793 sunt.
918 4739 1194 4793 Dicuntur
1220 4736 1419 4808 viginti
1448 4742 1709 4807 quatuor,
1740 4751 1873 4807 pro-

253 4836 404 4903 pter
426 4844 522 4883 eos
552 4827 650 4899 qui
696 4827 755 4881 in
792 4832 1033 4898 utroque
1068 4827 1428 4880 Testamento
1470 4825 1700 4896 perfecti
1746 4840 1873 4878 cum

252 4917 518 4975 Domino
546 4917 615 4970 ad
636 4916 913 4985 judicium
932 4920 1066 4970 sunt
1091 4914 1334 4970 venturi.
1362 4914 1470 4969 Sed
1501 4930 1626 4969 cum
1658 4917 1876 4968 constet

1951 4464 2122 4519 tionis
2140 4465 2413 4530 Joachim,
2435 4466 2493 4520 in
2519 4483 2712 4522 mense
2733 4468 2930 4539 quinto
2966 4470 3183 4524 decima
3210 4471 3301 4524 die.
3337 4472 3546 4526 mensis

1953 4555 2163 4609 factum
2184 4554 2255 4607 ad
2274 4572 2333 4608 se
2354 4554 2581 4609 verbum
2603 4557 2846 4611 Domini.
2875 4557 3143 4612 Similiter
3162 4558 3380 4625 Daniel,
3396 4576 3544 4615 anno

1954 4642 2122 4698 tertio
2146 4643 2307 4714 regni
2334 4643 2873 4711 Nabuchodonosor,
2892 4650 2996 4700 etc.
3021 4647 3132 4700 Iste
3150 4655 3339 4700 autem
3372 4664 3547 4702 novus

1954 4732 2229 4804 propheta
2251 4737 2475 4803 tempus
2504 4749 2618 4787 suae
2641 4733 2946 4803 prophetiae
2966 4750 3318 4805 nequaquam
3342 4735 3550 4791 descri-

1955 4821 2038 4875 bit
2064 4838 2165 4892 per
2190 4826 2466 4893 tempora,
2497 4821 2553 4875 id
2580 4828 2667 4875 est
2706 4838 2803 4892 per
2846 4838 3021 4887 annos
3050 4828 3151 4877 aut
3178 4840 3418 4892 menses,
3450 4827 3548 4881 sed

1956 4914 2178 4965 tantum
2205 4909 2550 4964 mentionem
2579 4909 2711 4963 facit
2734 4909 2903 4964 unius
2923 4911 3054 4976 diei,
3077 4928 3202 4965 cum
3224 4913 3359 4969 dicit
3389 4931 3403 4971 :
3444 4916 3550 4972 Fui

255 5007 413 5080 quia
431 5022 547 5059 non
569 5021 762 5059 omnes
783 5005 880 5075 qui
900 5004 1148 5070 vincunt,
1171 5004 1229 5057 in
1250 5003 1461 5074 judicio
1481 5019 1608 5058 cum
1637 5002 1875 5057 Domino
1959 5000 2019 5053 in
2044 4999 2247 5070 spiritu
2265 4999 2322 5052 in
2341 4999 2430 5053 die
2449 4997 2759 5064 Dominica,
2776 4998 2925 5053 unde
2944 4999 3112 5053 datur
3132 5000 3393 5074 intelligi,
3416 5008 3553 5079 quia

253 5094 493 5152 sessuri
520 5104 672 5154 sunt,
697 5093 795 5147 sed
813 5098 1035 5147 tantum
1056 5093 1436 5164 perfectiores,
1459 5091 1661 5146 merito
1682 5089 1880 5162 quaeri-
1960 5103 2186 5142 omnem
2234 5087 2379 5141 hanc
2426 5085 2775 5157 prophetiam
2823 5103 2938 5141 una
2982 5087 3075 5142 die
3113 5089 3270 5146 vidit.
3311 5093 3555 5168 Ideoque

254 5194 377 5242 tur
404 5200 581 5255 quare
618 5182 714 5236 hic
755 5181 1022 5237 Dominus
1067 5180 1375 5253 promittat,
1413 5180 1510 5252 qui
1537 5180 1750 5245 vicerit,
1794 5179 1880 5233 fa-
1963 5176 2112 5248 quod
2141 5175 2364 5239 dicitur,
2397 5180 2523 5246 post
2552 5175 2671 5230 haec
2709 5175 2842 5243 vidi,
2874 5192 2986 5231 non
3016 5178 3087 5232 ad
3118 5179 3557 5240 vicissitudinem

252 5275 429 5331 ciam
460 5272 623 5326 illum
659 5271 856 5325 sedere
900 5270 959 5324 in
987 5271 1190 5325 throno
1219 5287 1345 5325 meo
1384 5288 1397 5323 :
1451 5274 1508 5323 et
1535 5274 1600 5323 ut
1632 5267 1881 5339 apertius
1961 5270 2281 5335 temporum
2325 5263 2680 5318 referendum
2722 5270 2828 5331 est,
2865 5266 2963 5320 sed
3005 5267 3075 5321 ad
3106 5270 3360 5326 ordinem
3388 5274 3578 5328 visio-~

251 5365 389 5419 hoc
414 5361 533 5421 ﬁat,
563 5375 844 5429 ponamus
873 5358 1015 5413 duos
1040 5359 1299 5413 homines
1326 5357 1429 5412 sub
1450 5356 1721 5427 exemplo,
1752 5373 1886 5427 quo-
1964 5369 2124 5408 num.
2157 5353 2360 5406 Postea
2385 5351 2600 5406 scilicet
2625 5370 2794 5425 quam
2814 5356 3073 5426 superius
3093 5358 3325 5427 viderat,
3344 5362 3484 5416 vidit
3502 5369 3560 5417 et

252 5465 412 5508 rum
432 5464 583 5503 unus
598 5464 799 5519 passus
813 5452 900 5501 est
916 5464 1018 5518 pro
1032 5446 1435 5511 Christo,alter
1451 5450 1642 5499 autem
1663 5450 1886 5500 tantum
1967 5443 2079 5497 ista
2114 5458 2238 5512 quae
2281 5440 2553 5512 sequitur.
2586 5442 2742 5497 Vidit
2784 5452 2972 5500 autem
3009 5447 3114 5502 hoc
3150 5466 3264 5504 non
3293 5467 3560 5521 corporeo

250 5536 579 5597 diabolum
617 5542 673 5591 et
708 5535 993 5591 incentiva
1028 5536 1238 5606 carnis,
1267 5534 1728 5605 mundanamque
1758 5532 1890 5589 vicit
1968 5531 2198 5603 intuitu,
2242 5531 2343 5586 sed
2384 5537 2593 5602 mente,
2641 5533 2787 5589 sicut
2822 5541 2951 5606 post
2983 5536 3315 5593 videbimus.
3349 5540 3415 5594 Et
3452 5555 3563 5594 ecce

534 5637 810 5700 PATROL.
857 5636 1094 5700 CXVII.
3242 5630 3321 5694 32

3522 5735 3552 5743 -ο
