3992 6166
198 266 341 343 mea
1109 269 1494 337 annosum
1521 271 1600 331 IN
1630 271 2157 336 APOCALYPSIN.
2194 306 2271 320 -
2294 277 2427 335 LlB.
2456 276 2531 335 ιι.
2866 312 2891 318 ς
3326 279 3471 363 ωας,

191 395 444 487 aspectui
471 396 680 487 lapidis
710 394 965 487 iaspidis
990 399 1050 487 et
1090 396 1350 487 sardinis.
1402 397 1511 487 Per
1546 397 1790 487 lapidem
1808 400 2007 482 Aquia
2032 401 2293 459 videlicet
2315 403 2375 459 in
2411 403 2635 457 Christo
2661 402 2845 458 omnis
2874 408 3070 463 nostra
3093 403 3244 463 salus
3264 386 3322 463 et
3348 424 3477 487 pro-

185 483 489 573 jaspidem,
523 486 619 556 qui
642 485 837 559 utique
866 483 1104 544 viridem
1133 486 1377 540 colorem
1414 486 1602 552 habet,
1627 486 1796 543 debee
1877 489 2096 560 pitiatio
2126 491 2401 546 consistit.
2436 490 2597 565 Unde
2620 492 2806 569 angeli
2836 492 2894 547 in
2915 493 3034 573 eius
3065 483 3363 553 nativitate
3379 512 3474 566 pa-

192 588 319 626 mus
339 572 657 642 intelligere
677 573 992 635 claritatem
1014 573 1323 633 divinitatis
1346 574 1449 632 Dei
1465 574 1688 649 Filii,in
1705 592 1798 631 cu-
1877 594 2000 637 cem
2043 580 2545 651 annuntiaverunt,
2587 580 2834 634 dicentes
2867 599 2879 633 :
2923 572 3110 654 Gloria
3153 585 3219 639 in
3255 587 3474 642 excelsis

184 661 280 730 jus
292 661 768 741 contemplatione
784 666 1003 721 constat
1019 661 1251 720 satietas
1264 667 1319 716 et
1332 678 1554 717 summa
1565 662 1794 717 refectio

191 748 453 807 omnium
477 754 824 821 sanctorum.
855 750 1015 805 Unde
1046 754 1131 804 est
1159 749 1300 805 illud
1333 768 1344 803 :
1373 752 1475 805 Per
1498 767 1582 804 me
1604 754 1654 804 si
1673 755 1796 827 quis

193 840 504 917 introierit,
533 840 873 908 retrahitur,
893 844 940 892 et
974 854 1181 907 pascua
1212 841 1451 895 inveniet
1481 840 1671 907 (Joan.
1706 841 1787 907 Χ).

194 925 327 991 Haec
350 926 501 981 enim
523 925 634 980 erit
661 926 1044 999 remuneratio
1094 927 1424 1005 electorum,
1461 927 1675 983 scilicet
1694 927 1798 986 Dei

191 1015 400 1077 vultus,
427 1015 487 1083 in
503 1017 664 1095 cuius
683 1016 896 1073 visione
916 1015 1273 1075 satiabuntur
1305 1016 1564 1075 omnibus
1594 1017 1795 1073 modis.

192 1103 356 1159 Unde
401 1112 488 1161 est
519 1119 529 1151 ε
565 1106 692 1160 Oves
736 1121 865 1158 mea:
905 1122 1082 1159 uocem
1129 1122 1310 1159 meam
1341 1107 1588 1170 audient,
1623 1111 1671 1159 et
1710 1122 1801 1174 ego

192 1195 369 1255 vitam
396 1197 662 1249 zicrnam
688 1196 754 1249 do
782 1197 859 1249 eis
892 1195 1094 1264 (Ibid).
1148 1194 1400 1248 Sardinis
1439 1199 1629 1251 autem
1657 1193 1803 1265 lapis

192 1287 361 1353 terrae
380 1281 565 1339 rubrae
585 1283 1016 1339 similitudinem
1039 1282 1226 1348 habet,
1247 1289 1303 1339 et
1328 1281 1531 1347 idcirco
1555 1299 1654 1363 per
1674 1298 1805 1339 eum

192 1370 525 1437 humanitas
548 1372 676 1427 Filii
703 1372 805 1427 Dei
832 1372 1111 1442 signatur,
1140 1388 1263 1442 quae
1295 1370 1498 1430 rubore
1515 1370 1810 1443 sanguinis

1876 669 2007 741 Deo,
2038 672 2088 721 et
2143 672 2208 741 in.
2261 674 2411 724 terra
2455 684 2571 740 pax
2607 669 2921 741 hominibus
2972 672 3120 731 bona:
3173 674 3477 729 voluntatis

1875 755 2027 823 (Luc.
2050 755 2127 821 ιι).
2154 754 2229 812 Et
2248 755 2368 825 ipse
2389 754 2695 810 ascendens
2705 755 2776 812 ad
2796 755 3045 822 Patrem,
3072 757 3209 812 dicit
3230 758 3478 833 discipu-

1878 839 1948 896 lis
1976 841 2093 897 suis
2123 861 2138 895 :
2171 845 2365 897 Pacem
2395 859 2575 897 meum
2599 844 2666 896 do
2696 846 2865 913 vobis,
2887 861 3082 925 pacem
3096 835 3275 925 meum
3303 851 3481 906 relin-

1880 928 1984 1000 quo
2014 933 2159 987 vobis
2190 933 2370 990 σοαπ.
2395 932 2832 997 xw).Undeirin
2854 933 2902 987 si
2921 934 3147 995 additur
3165 953 3279 995 una
3293 936 3485 1001 littera,
3530 986 3543 989 _

1883 1019 1941 1073 in
1962 1019 2175 1084 Οτι-ωδε),
2201 1019 2259 1077 id
2285 1025 2391 1085 est,
2412 1023 2455 1087 i,
2473 1025 2538 1077 ut
2559 1020 2937 1087 irinidicatur,
2963 1023 3068 1078 hoc
3083 1024 3271 1099 ipsum
3294 1009 3486 1099 sonat,

1885 1108 2018 1178 quia
2044 1105 2208 1178 εἰρήνη
2235 1125 2343 1183 pax
2365 1107 2586 1165 dicitur.
2620 1109 2725 1167 Iris
2754 1110 2948 1191 itaque
2977 1118 3100 1183 erat
3146 1112 3205 1175 in
3244 1096 3485 1191 circuitu

1885 1196 2056 1259 sedis,
2084 1196 2216 1266 quia
2243 1196 2362 1268 ipse
2391 1202 2475 1253 est
2503 1213 2710 1253 corona
2752 1204 2811 1253 et
2846 1201 3117 1269 protectio
3160 1209 3484 1265 sanctorum

1886 1301 2139 1349 suorum.
2173 1285 2318 1341 Nam
2350 1289 2407 1338 et
2434 1284 2493 1351 in
2520 1301 2656 1341 arcu
2685 1286 2796 1343 duo
2825 1293 2958 1345 sunt
2975 1289 3318 1371 principales
3338 1293 3479 1347 cold

1886 1390 1993 1429 res.
2029 1373 2223 1428 viridis
2251 1373 2484 1437 scilicet,
2527 1373 2583 1428 id
2633 1380 2720 1429 est
2765 1392 3035 1446 aquosus,
3059 1383 3120 1431 et
3155 1380 3382 1437 rubeus.
3416 1381 3489 1439 In

192 1459 429 1528 perfusa
449 1466 536 1514 est
560 1466 817 1540 tempore
842 1460 1147 1539 passionis,
1168 1460 1317 1515 unde
1347 1466 1407 1515 et
1423 1461 1613 1533 angeli
1637 1458 1807 1516 inter-
1888 1461 2090 1539 quibus
2112 1461 2382 1517 nimirum
2398 1462 2728 1534 designatur
2746 1469 2939 1543 aperte
2965 1482 3111 1535 aqua
3134 1465 3487 1541 baptismatis

194 1553 470 1620 rogantes
485 1549 852 1616 aiunt:0uare
864 1550 1103 1605 rubrum
1120 1553 1193 1603 est
1212 1551 1600 1608 indumentum
1621 1554 1809 1615 tuum,
1890 1555 1948 1611 et
1973 1549 2204 1619 sanguis
2232 1549 2652 1620 redemptionis.
2676 1551 2764 1605 vel
2800 1552 2988 1624 gratia
3016 1552 3263 1624 Spiritus
3283 1556 3485 1619 sancti.

195 1641 245 1689 et
270 1638 594 1697 vestimenta
620 1643 717 1691 tua
740 1640 883 1699 sicut
903 1640 1243 1693 calcantium
1265 1639 1328 1690 in
1351 1641 1649 1692 torculari?
1666 1638 1803 1708 (Isa.
1889 1639 1996 1695 Per
2041 1640 2159 1694 haec
2202 1639 2352 1694 enim
2402 1639 2513 1694 duo
2561 1638 2632 1693 ab
2660 1640 2922 1695 omnibus
2954 1642 3331 1715 emundamur
3357 1626 3492 1716 pec:

195 1725 502 1807 mn.)Qui
533 1725 724 1797 itaque
758 1725 929 1781 habet
960 1726 1199 1781 virorem
1228 1725 1287 1785 in
1316 1725 1625 1783 divinitatis
1641 1725 2046 1809 clari-Bestia.
2099 1729 2179 1787 De
2226 1727 2428 1801 quibus
2467 1727 2684 1785 duobus
2739 1729 3024 1800 mysteriis
3074 1736 3197 1791 tota
3245 1732 3491 1789 Ecclesia

196 1818 340 1879 tate,
371 1813 543 1868 habet
563 1815 731 1871 etiam
766 1814 1033 1871 ruborem
1050 1815 1114 1869 in
1132 1814 1508 1879 humanitate,
1525 1830 1807 1884 perquam
1891 1816 2153 1893 cingitur,
2188 1821 2245 1873 et
2274 1833 2373 1887 per
2399 1816 2516 1872 haec
2544 1816 2603 1871 in
2632 1817 2938 1875 novitatem
2968 1818 3166 1891 gratiae
3194 1821 3295 1879 Dei
3318 1838 3495 1879 rene-2

197 1908 258 1956 et
286 1902 489 1967 Adam,
522 1902 619 1981 qui
648 1901 822 1956 rubra
847 1907 995 1958 testa
1017 1902 1444 1976 interpretatur,
1470 1902 1542 1956 ad
1562 1896 1811 1960 cceles'tia
1891 1911 2070 1963 vatur.
2111 1905 2214 1960 Vel
2240 1922 2339 1976 per
2374 1905 2476 1959 hos
2502 1904 2646 1961 duos
2671 1906 2886 1963 colores
2934 1924 3231 1987 possumus
3277 1910 3494 1967 intelli-

198 1990 500 2047 revocavit.
528 1990 697 2049 Aliud
726 1997 811 2046 est
840 1993 989 2047 enim
1021 1991 1169 2063 quod
1198 1992 1359 2058 viret,
1394 1996 1455 2045 et
1479 1990 1630 2049 aliud
1660 1990 1810 2061 quod

200 2078 389 2134 rubet.
418 2080 527 2134 Sed
556 2080 661 2134 hoc
691 2086 912 2138 tantum
934 2097 1048 2137 non
1063 2081 1197 2147 duo,
1216 2080 1314 2143 sed
1336 2067 1816 2151 unus,quiaunus.

201 2168 376 2225 homo
404 2174 463 2223 et
490 2168 638 2229 Deus
665 2186 731 2229 ex
756 2169 975 2224 duabus
1004 2175 1226 2225 constat
1253 2169 1491 2229 naturis.
1521 2158 1809 2229 Perfectus

202 2257 359 2329 enim
386 2257 555 2322 Deus,
589 2257 869 2329 perfectus
899 2263 985 2314 est
1013 2264 1069 2314 et
1111 2259 1304 2324 homo,
1329 2262 1385 2315 et
1412 2257 1538 2313 ideo
1568 2257 1719 2328 quod
1749 2256 1815 2311 in

202 2361 271 2400 eo
293 2344 462 2415 viret,
484 2347 749 2422 potentiae
780 2353 888 2412 est,
918 2347 1068 2418 quod
1096 2346 1265 2402 rubet
1292 2345 1707 2401 misericordias.
1741 2346 1817 2407 Et

203 2433 305 2505 qui
333 2450 402 2489 ex
428 2449 493 2491 eo
520 2435 668 2504 quod
692 2435 851 2500 viret,
876 2452 978 2490 nos
1000 2434 1240 2491 creavit:
1267 2450 1333 2493 ex
1353 2451 1418 2491 eo
1445 2434 1593 2505 quod
1623 2433 1806 2501 rubet,

203 2538 309 2581 nos
335 2522 594 2579 redemit.
618 2523 927 2581 Possumus
944 2528 1001 2577 et
1020 2540 1120 2594 per
1144 2523 1247 2576 hos
1267 2510 1483 2593 lapides
1514 2514 1812 2576 Ecclesium

199 2611 543 2683 intelligere,
575 2628 697 2683 quae
734 2612 978 2667 virorem
1002 2611 1241 2682 jaspidis
1270 2610 1441 2671 habet
1470 2610 1528 2665 in
1558 2615 1810 2665 contem-

199 2700 459 2771 platione
496 2700 599 2754 Dei
627 2718 881 2766 manens,
911 2707 1080 2772 atque
1109 2700 1235 2754 ideo
1259 2699 1377 2770 jam
1418 2698 1587 2768 hujus
1616 2698 1820 2755 mundi

207 2805 490 2863 prospera
519 2805 621 2859 pro
667 2789 844 2844 nihilo
874 2790 1127 2862 deputat,
1152 2790 1287 2851 dum
1328 2788 1550 2860 pascuis
1593 2793 1820 2845 aeternae

202 2877 512 2943 viriditatis
541 2877 800 2933 inhaeret.
830 2878 932 2935 Cui
958 2879 1017 2933 in
1038 2878 1287 2933 Canticis
1317 2877 1662 2937 canticorum
1681 2876 1814 2933 dici-

1889 2010 2024 2067 gere
2074 1993 2184 2047 duo
2237 1992 2450 2071 judicia
2502 2010 2513 2045 :
2566 2010 2745 2054 unum
2799 1994 2949 2064 quod
2988 1996 3199 2055 factum
3247 2003 3334 2054 est
3390 2015 3492 2071 per

1893 2097 2098 2152 aquam
2132 2099 2143 2133 :
2179 2085 2348 2160 atque
2370 2079 2523 2143 aliud
2537 2080 2685 2153 quod
2706 2080 3021 2141 faciendum
3045 2090 3126 2141 est
3148 2101 3251 2161 per
3275 2076 3487 2158 ignem.

1894 2170 2019 2227 Sive
2050 2185 2150 2240 per
2185 2168 2391 2227 nubem
2430 2167 2781 2227 imbriferam
2831 2187 3128 2249 possumus
3173 2173 3494 2245 intelligere

1892 2263 2143 2321 sanctos,
2172 2256 2269 2335 qui
2295 2257 2498 2327 pluunt
2530 2255 2735 2327 verbis,
2776 2265 3073 2315 coruscant
3100 2261 3409 2335 miraculis,
3437 2268 3499 2337 et

1892 2345 2147 2401 claritate
2175 2342 2406 2417 superni
2429 2342 2658 2403 luminis
2687 2344 2946 2400 irradiati
2976 2353 3038 2401 et
3059 2347 3325 2413 illustrati
3353 2350 3495 2423 piis-

1892 2435 2052 2488 simis
2080 2432 2581 2504 supplicationibus
2618 2450 2720 2511 pro
2749 2433 2910 2490 nobis
2932 2435 3215 2505 justitiam
3245 2438 3497 2499 condito:

1896 2522 1975 2581 ris
2004 2522 2072 2579 ad
2101 2520 2368 2591 pietatem
2408 2520 2723 2587 inﬂectunt,
2757 2521 2903 2579 sicut
2928 2523 3170 2594 Moyses,
3200 2525 3303 2597 qui.
3323 2526 3498 2583 inter-

1896 2610 2099 2667 cedens
2127 2626 2229 2680 pro
2258 2609 2465 2680 populo
2499 2609 2696 2681 Israel,
2734 2609 2957 2665 dicebat
2984 2629 2996 2664 :
3026 2613 3138 2666 Aut
3166 2602 3384 2683 dimitte
3416 2617 3493 2673 eis
3520 2626 3523 2635 '

1896 2699 1992 2757 hoc
2014 2686 2435 2765 peccatum,aut
2464 2699 2577 2751 dele
2608 2713 2693 2751 me
2716 2698 2779 2753 de
2807 2700 2948 2752 libro
2966 2704 3058 2754 tuo
3084 2701 3274 2761 (Ewod.
3298 2706 3493 2772 xxxn).

1894 2787 2055 2868 Quod
2082 2791 2268 2841 autem
2296 2786 2552 2856 sequitur
2588 2802 2603 2839 :
2633 2784 2842 2844 Similis
2870 2786 3071 2844 visioni
3096 2774 3492 2863 smaragdinai,

1903 2875 2035 2945 quia
2060 2875 2390 2944 smaragdus
2417 2872 2559 2957 lapis
2594 2879 2682 2930 est
2724 2874 2917 2935 viridis
2963 2877 3187 2957 coloris,
3217 2895 3317 2950 per
3346 2880 3498 2949 hunc

207 2971 308 3023 tur
344 2985 357 3018 :
394 2968 522 3034 Quae
553 2967 770 3022 habitas
800 2971 856 3023 in
892 2969 1266 3033 hortis,amici
1291 2970 1617 3022 ausmiuant
1642 2972 1708 3031 te,
1731 2968 1867 3035 fac_
1902 2963 2143 3035 lapidem
2170 2962 2317 3017 sicut
2339 2967 2397 3016 et
2422 2952 2593 3032 supra
2630 2979 2731 3033 per
2766 2964 3044 3035 jaspidem
3087 2952 3347 3023 divinitas
3373 2968 3500 3022 Filii

209 3073 297 3121 me
324 3024 527 3113 audire
555 3074 730 3112 vocem
765 3063 920 3113 tuam
942 3024 1126 3125 (Cant.
1158 3057 1500 3131 vin).Habet
1520 3024 1741 3128 quoque
1761 3024 1873 3113 etC
1899 3024 2000 3107 Dei
2027 3051 2379 3123 exprimitur,
2413 3024 2513 3122 per
2539 3024 2707 3123 quem
2754 3024 2880 3109 tota
2917 3053 3163 3111 Ecclesia
3190 3057 3499 3117 mandatur

211 3145 490 3211 sardium,
514 3145 611 3215 qui
630 3145 792 3216 lapis,
817 3152 881 3217 ut
902 3145 1167 3213 diximus,
1191 3145 1427 3203 rubrum
1464 3145 1637 3199 habet
1674 3145 1819 3199 colo-

210 3250 358 3303 rem,
394 3234 658 3305 quoniam
690 3235 851 3289 electi
882 3251 955 3289 ne
993 3235 1183 3289 divina
1214 3234 1556 3289 extollantur
1585 3233 1823 3298 visione,

212 3322 528 3395 fragilitate
557 3323 929 3379 humanitatis
958 3330 1276 3379 monentur.
1319 3322 1472 3377 Unde
1517 3328 1573 3377 et
1600 3322 1823 3376 Danieli

212 3413 307 3466 vel
326 3411 603 3467 Ezechieli
631 3412 823 3467 divina
868 3412 1139 3485 mysteria
1167 3411 1563 3467 mutuantibus
1590 3411 1823 3481 angelus

215 3500 378 3565 dicit,
410 3501 543 3554 Filii
558 3501 818 3564 hominis,
854 3519 917 3556 ac
946 3503 992 3557 si
1021 3503 1101 3557 eis
1126 3502 1340 3557 diceret
1370 3520 1383 3555 ι
1417 3501 1485 3554 Et
1509 3499 1825 3556 claritatem

215 3606 481 3661 superna:
526 3591 724 3661 gratia:
769 3591 1041 3665 aspicitis,
1099 3596 1295 3645 tamen
1338 3606 1617 3644 memores
1643 3593 1823 3645 estote

215 3678 354 3754 quia
370 3677 626 3732 homines
644 3678 874 3743 estis,et
906 3679 977 3732 de
1006 3678 1314 3751 propagine
1340 3677 1585 3732 hominis
1631 3691 1822 3747 pecca-

215 3766 363 3820 toris
393 3766 782 3830 descendistis,
821 3766 1062 3839 ideoque
1092 3783 1155 3820 ex
1202 3767 1451 3820 humana
1491 3764 1823 3819 inﬁrmitate

216 3855 404 3917 rubra
414 3860 568 3913 terra
580 3856 735 3911 estis.
755 3857 820 3910 Et
834 3858 941 3909 iris
964 3861 1085 3909 erat
1113 3858 1178 3909 in
1197 3857 1437 3910 circuitu
1457 3856 1595 3908 sed-is
1618 3854 1822 3906 similis

218 3947 431 3999 uisiom‘
454 3946 849 4013 smaragdina’.
877 3944 1006 4015 Ἶρις
1034 3944 1243 4009 Graece,
1267 3940 1469 3997 Latine
1496 3940 1701 3997 dicitur
1729 3956 1820 4001 are

219 4049 346 4087 cus.
375 4034 563 4088 Arcus
578 4039 764 4088 autem
788 4033 845 4087 in
877 4032 967 4087 die
993 4032 1192 4103 pluvia
1221 4036 1401 4103 paret,
1421 4035 1478 4084 et
1496 4035 1582 4085 est
1600 4031 1823 4101 signum

220 4121 663 4194 propitiationis,
695 4122 914 4176 dicente
942 4120 1185 4179 Domino
1236 4126 1488 4195 tempore
1531 4116 1725 4173 diluvii
1753 4117 1824 4172 ad

218 4210 345 4265 Noe
369 4229 381 4264 :
406 4211 615 4264 Panum
635 4227 833 4273 arcum
856 4228 1042 4267 meum
1068 4214 1133 4264 in
1158 4211 1414 4273 nubibus,
1435 4214 1485 4264 et
1504 4208 1827 4265 recordabar

1901 3146 1961 3196 et
1985 3140 2353 3211 gubernatur.

1976 3231 2039 3289 Et
2062 3234 2125 3283 in
2146 3232 2387 3285 circuitu
2407 3231 2547 3284 sedis
2561 3231 2758 3286 sedilia
2780 3233 2987 3300 viginti
2999 3238 3315 3301 quatuor,et
3334 3250 3499 3304 super

1907 3319 2126 3372 thronos
2137 3321 2338 3387 viginti
2355 3323 2596 3386 quatuor
2609 3323 2848 3374 seniores
2871 3322 3132 3376 sedentes.
3148 3312 3422 3379 Dominus
3436 3324 3500 3380 in

1906 3404 2206 3498 Evangelia
2250 3408 2547 3463 duodecim
2587 3414 2807 3498 tantum
2851 3411 3109 3479 thronos,
3143 3430 3315 3485 super
3360 3433 3502 3498 quos

1907 3497 2208 3557 duodecim
2234 3502 2477 3551 testatur
2502 3512 2758 3551 sessuros
2784 3497 2841 3551 in
2864 3499 3077 3567 judicio
3107 3497 3391 3572 apostolos
3419 3504 3501 3567 di.

1902 3586 2320 3641 cens:Sedebitis
2351 3600 2516 3653 super
2538 3586 2685 3639 sedes
2708 3586 3013 3649 duodecim,
3032 3574 3339 3653 iudicantes
3362 3594 3500 3659 duo-

1903 3675 2077 3728 decim
2108 3675 2287 3726 tribus
2318 3674 2495 3727 Israel
2510 3673 2733 3740 (Matth.
2750 3674 2886 3739 χιχ),
2914 3690 3091 3743 quare
3109 3692 3242 3748 ergo
3257 3680 3505 3736 Joannes

1903 3761 2100 3832 viginti
2122 3767 2365 3833 quatuor
2378 3762 2815 3815 commemorat?
2832 3762 3112 3823 Nimirum
3142 3772 3372 3845 propter
3398 3785 3503 3841 ge-

1906 3850 2122 3904 minum
2151 3851 2599 3914 Testamentum,
2623 3850 2798 3905 Vetus
2817 3850 3033 3909 scilicet
3052 3860 3113 3909 et
3134 3855 3376 3913 Novum.
3409 3857 3504 3914 Di-

1904 3944 2109 3997 cuntur
2125 3939 2324 4009 itaque
2336 3937 2629 3993 duodecim
2644 3943 2873 4010 prOpter
2893 3939 2924 3995 d
2934 3941 3227 4019 ignitatem
3238 3928 3503 4016 apostoli.

1906 4043 2048 4085 cam.
2082 4027 2359 4083 Dicuntur
2404 4032 2462 4081 et
2497 4026 2695 4097 viginti
2749 4033 2995 4098 quatuor
3034 4036 3263 4105 propter
3302 4033 3500 4090 Patres

1905 4114 2203 4184 utriusque
2231 4113 2599 4178 Testamenti,
2614 4114 2710 4184 qui
2735 4132 2861 4171 cum
2875 4116 3115 4173 Domino
3135 4123 3356 4193 venturi
3369 4129 3506 4180 sunt

1909 4202 1979 4274 ad
2002 4202 2313 4285 judicium.
2334 4202 2478 4259 Nam
2508 4208 2567 4256 et
2609 4203 2665 4257 in
2712 4203 3006 4262 duodecim
3041 4192 3305 4271 tribubus
3323 4192 3506 4271 Israel

220 4300 449 4367 [aderis
470 4303 579 4352 mei
618 4300 765 4371 (Gen.
799 4303 900 4368 ix).
924 4299 1071 4363 Quid
1090 4299 1282 4370 itaque
1312 4314 1414 4373 per
1441 4313 1635 4352 arcum
1666 4294 1830 4350 debe-
1910 4307 2105 4347 omnes
2128 4296 2325 4362 gentes
2354 4290 2775 4361 intelliguntur.
2815 4294 2881 4351 In
2909 4292 3204 4353 duodecim
3234 4303 3506 4371 apostolis

220 4403 356 4449 mus
392 4386 727 4460 intelligere,
758 4386 869 4441 nisi
905 4372 1209 4445 Dominum
1250 4372 1444 4440 Iesum
1485 4383 1773 4438 Christum
1800 4373 1893 4435 ἹΙ)
1911 4397 2107 4437 omnes
2136 4379 2388 4452 perfecti,
2413 4381 2509 4452 qui
2528 4383 2847 4453 exemplum
2875 4388 3255 4456 apostolorum
3273 4391 3334 4447 in
3361 4408 3507 4463 pria-

222 4475 393 4540 Quod
412 4480 565 4529 certe
590 4475 640 4530 si
663 4476 900 4530 solerter
928 4475 1243 4553 inspicitur,
1276 4475 1505 4530 ell'ectus
1532 4472 1709 4544 ipsius
1730 4472 1828 4527 iris

224 4565 481 4629 indicare
509 4564 749 4619 videtur.
768 4565 817 4619 Ν
822 4581 914 4618 am
939 4564 1256 4635 ingreditur
1273 4563 1464 4618 radius
1487 4562 1621 4617 solis
1648 4562 1709 4618 in
1728 4577 1830 4617 nu-

224 4653 361 4710 bem
406 4652 781 4720 imbriferam,
812 4658 870 4707 et
904 4653 984 4708 sic
1025 4651 1299 4723 formatus
1339 4658 1425 4707 est
1469 4668 1648 4716 arcus,
1680 4649 1829 4729 quod

221 4742 433 4812 utique
456 4741 614 4797 valde
635 4741 856 4797 Christo
879 4740 1152 4812 wngruit.
1180 4742 1306 4811 Ipse
1330 4744 1416 4794 est
1450 4739 1608 4795 enim
1628 4739 1710 4793 sol
1732 4753 1830 4808 per

222 4830 607 4895 divinitatem.
629 4830 699 4885 de
717 4847 826 4901 quo
867 4816 1137 4901 scriptum
1161 4835 1280 4884 est:
1301 4828 1471 4885 Vobis
1502 4826 1832 4883 timentibus

224 4936 440 4985 nomen
469 4936 659 4975 meum
680 4919 894 4975 orietur
922 4919 1006 4973 sol
1028 4918 1285 4991 iustitiae.
1316 4917 1527 4979 Radius
1555 4916 1718 4972 istius
1747 4932 1833 4971 so-

224 5009 322 5080 lis,
348 5009 414 5065 id
438 5014 534 5063 est.
552 5008 780 5063 claritas
809 5007 949 5064 Lucis
978 5012 1201 5062 aeternae
1232 5007 1488 5078 ingressa
1504 5012 1590 5061 est
1605 5004 1831 5072 nubem,

227 5098 459 5169 quando
485 5100 547 5152 in
590 5101 751 5152 utero
804 5096 1030 5174 virginis
1081 5096 1294 5169 accepit
1336 5112 1580 5150 carnem.
1614 5094 1695 5149 De
1733 5094 1838 5149 hac

1911 4469 2055 4526 senti
2089 4468 2199 4524 vita
2226 4475 2359 4524 sunt
2383 4470 2580 4535 secuti,
2615 4471 2762 4527 sicut
2788 4472 2847 4526 in
2878 4473 3044 4533 Petro
3065 4479 3250 4533 caeteri
3268 4466 3510 4551 apostoli

1912 4559 2385 4630 et'praedicatores
2414 4566 2753 4641 acceperunt
2794 4562 2978 4619 claves
3018 4568 3176 4637 regni
3216 4569 3506 4627 caelorum.

1911 4648 2011 4717 Est
2034 4664 2255 4720 quoque
2272 4664 2416 4707 unus
2438 4647 2696 4714 thronus,
2716 4649 2861 4707 sicut
2875 4668 3051 4722 supra
3065 4654 3325 4725 legimus,
3346 4658 3404 4713 id
3424 4664 3512 4717 est

1912 4736 2343 4807 unajudiciaria
2363 4742 2640 4809 potestas:
2669 4744 2804 4793 sunt
2821 4741 3082 4811 etviginti
3102 4749 3362 4815 quatuor,
3384 4763 3513 4819 pro,-

1913 4831 2040 4907 pter
2056 4842 2358 4881 numerum
2377 4827 2868 4898 prophetarum,et
2886 4830 3267 4899 apostolorum
3289 4838 3513 4891 caetero-

1915 4931 2155 4986 rumque
2176 4914 2447 4972 ﬁdelium.
2464 4914 2575 4993 Ipsi
2596 4914 2799 4985 quippe
2820 4922 2984 4970 erunt
3012 4916 3172 4975 sedes
3190 4920 3250 4975 in
3270 4939 3513 4995 quorum

1918 5004 2177 5060 cordibus
2198 5004 2348 5059 Deus
2369 5003 2604 5069 sedebit,
2624 5003 2732 5075 ipsi
2755 5008 2813 5059 et
2831 5005 3124 5072 sedebant,
3147 5009 3281 5089 quia
3299 5013 3516 5075 etalios

1916 5093 2277 5165 iudicabunt.
2311 5092 2471 5151 Unde
2493 5097 2551 5147 et
2570 5091 2869 5148 Psalmista
2895 5112 2906 5147 :
2932 5097 3062 5151 Illic
3080 5098 3337 5155 sederunt
3375 5104 3518 5160 sede:

228 5186 447 5263 quippe
471 5185 621 5243 nube
639 5203 743 5258 per
769 5185 1106 5259 prophetam
1130 5184 1335 5241 dicitur
1370 5202 1384 5238 :
1416 5185 1543 5239 Ecce
1567 5184 1839 5237 Dominus
1922 5186 1983 5236 in
2001 5183 2220 5249 judicio
2255 5181 2420 5251 (Psal.
2456 5180 2617 5251 exn).
2646 5182 2722 5236 De
2761 5181 2963 5259 quibus
2996 5184 3182 5240 adhuc
3208 5187 3471 5259 subditur
3502 5210 3515 5245 :

226 5276 478 5345 ascendit
508 5290 674 5343 super
702 5277 905 5328 nubem
931 5277 1096 5330 levem
1112 5279 1161 5327 et
1181 5272 1529 5349 ingredietur
1544 5273 1838 5349 zEgyptum
1925 5270 2347 5327 Gircumamicti
2366 5271 2699 5323 vestimentis
2719 5271 2878 5327 albis.
2895 5272 3013 5327 Hoc
3030 5274 3180 5329 enim
3204 5293 3317 5332 non
3337 5281 3520 5335 solum

223 5362 371 5437 (Lm.
402 5367 531 5425 xxx).
574 5364 713 5428 Quae
751 5362 955 5428 nubes,
1001 5362 1059 5417 id
1106 5368 1210 5429 est,
1255 5348 1385 5415 eam
1416 5348 1658 5424 Domini,
1692 5364 1841 5417 recte
1928 5359 1998 5415 ad
2028 5359 2313 5437 apostolos
2338 5356 2603 5436 pertinet,
2637 5359 2734 5413 sed
2765 5365 2822 5415 et
2858 5364 3199 5432 generaliter
3225 5366 3297 5420 ad
3328 5348 3521 5421 omnes

227 5451 537 5507 imbrifera
556 5452 782 5525 dicitur,
807 5456 1038 5527 propter
1058 5450 1480 5509 multitudinem
1508 5449 1723 5505 scilicet
1750 5448 1845 5502 do-
1929 5448 2023 5527 qui
2052 5447 2387 5505 vestimenta
2418 5445 2779 5516 baptismatis
2818 5450 3088 5516 inviolata
3115 5471 3151 5508 a
3191 5455 3522 5533 capitalibus

607 5540 711 5613 list
730 5548 933 5615 autem
950 5557 1116 5615 assus
1147 5539 1377 5619 signum
1403 5537 1843 5615 propitiat-iouia,
1927 5534 2266 5597 criminibus
2279 5535 2622 5593 custodiunt.
2642 5537 2916 5621 Baptizati
2931 5541 3083 5598 enim
3094 5541 3523 5599 Christum-sunt
