3992 6166
517 285 659 347 1007
963 256 1341 343 aAYMONIs
1384 283 1874 338 HALBERSTAT.
1910 250 2088 338 Ερὶε(

2173 282 2331 338 ΟΡΡ.
2359 283 2544 339 PARS
2572 284 2617 338 l.
2652 313 2716 322 —
2749 282 3125 339 COMMENT.
3164 281 3354 339 BIBL.
3649 277 3797 337 1008

519 413 722 479 induti,
740 414 893 484 juxta
914 412 1052 467 illud
1064 409 1317 482 Apostoli
1343 430 1353 463 :
1381 411 1645 475 Quotquot
1669 409 1936 475 baptizati
1963 411 2106 473 estis,
2127 410 2175 466 A
2195 424 2297 477 per
2322 412 2534 461 rectam
2559 407 2726 461 ﬁdem
2744 408 3038 474 voluerint,
3053 408 3330 479 accipiant
3352 423 3554 462 manus
3576 408 3796 477 episco-

520 502 800 556 Christum
820 503 1085 556 induistis
1108 501 1305 562 (Gatat.
1332 500 1436 566 In).
1454 496 1679 567 Ipsique
1708 496 1917 550 habent
1944 496 2111 549 vcsti-
2193 512 2392 565 porum
2425 495 2860 566 impositionem,
2882 501 3163 566 quatenus
3188 496 3268 548 sic
3298 495 3511 566 possint
3541 495 3795 565 recipere

521 595 713 645 menta
738 590 887 655 alba,
920 589 969 643 si
996 588 1261 642 inviolata
1293 591 1520 640 servant
1546 584 1899 655 baptismatis
1929 600 2110 637 sacra-
2193 584 2464 655 Spiritum
2493 588 2747 639 sanctum
2778 600 2946 654 quem
2975 584 3359 655 perdiderunt.

519 683 730 732 menta.
757 678 826 731 Et
854 680 917 731 in
958 676 1229 743 capitibus
1276 689 1468 727 eorum
1515 688 1723 726 corona
1751 688 1950 726 aurea.
1983 671 2110 725 Vidi
2263 674 2329 727 Et
2342 675 2404 726 in
2425 678 2707 740 conspectu
2727 674 2864 726 sedis
2879 678 3150 740 tanquam
3173 688 3327 726 mare
3346 675 3590 726 vitreum
3604 673 3794 724 simile

519 764 807 821 subaudis.
836 764 982 829 Quia
1007 763 1245 818 victores
1282 761 1566 832 accipiunt
1589 777 1853 814 coronam
1885 760 2109 831 quando

2190 764 2473 830 crystallo.
2510 762 2665 815 Mare
2685 760 3623 832 appellatluterem,legimusenim
3637 760 3790 831 quod
3864 770 3871 771 '

516 852 873 925 triumphant
897 852 967 907 de
993 851 1269 917 hostibus,
1300 867 1413 905 non
1442 850 1726 903 immerito
1745 866 1845 920 per
1874 865 2110 904 coronas

511 948 839 997 sanctorum
868 957 1108 1011 regnum
1133 946 1191 994 et
1228 938 1610 993 remuneratio
1647 937 1985 1008 intelligitur
2013 954 2108 992 eo-

513 1047 665 1099 rum,
680 1030 777 1102 qui
800 1029 869 1084 de
886 1030 1085 1084 mortis
1103 1033 1335 1083 auctore
1354 1027 1726 1097 triumphant.
1751 1027 1859 1081 Sed
1877 1027 2024 1080 sicut
2049 1027 2109 1081 in

516 1120 614 1175 illo
640 1120 901 1174 sedentes
915 1119 1188 1189 judicant,
1211 1118 1293 1171 ita
1308 1133 1408 1187 per
1438 1116 1600 1169 illum
1618 1114 1907 1169 victoriam
1930 1115 2110 1186 possi-

512 1208 669 1277 dent,
698 1209 795 1280 qui
823 1208 959 1262 dicit
988 1222 1000 1257 :
1034 1207 1315 1273 Conﬁdite,
1345 1221 1436 1272 ego
1463 1206 1572 1258 eici
1608 1205 1885 1257 mundum
1916 1205 2098 1273 (Joan.

510 1298 846 1369 xvr).Potest
861 1306 918 1349 et
938 1295 1041 1349 sub
1055 1294 1166 1348 alio
1183 1294 1469 1347 intellectu
1487 1292 1681 1346 eadem
1701 1292 1950 1345 Ecclesia
1969 1293 2109 1362 ﬁgu-

512 1387 627 1440 rari
649 1386 709 1439 in
725 1384 926 1455 viginti
948 1388 1191 1453 quatuor
1210 1381 1541 1436 senioribus.
1575 1382 1808 1434 Constat
1841 1381 1990 1433 enim
2016 1380 2107 1434 hic

2192 850 2458 905 Salomon
2480 849 2676 904 fecerit
2690 865 2863 916 mare,
2877 850 2935 904 id
2974 855 3061 905 est
3081 850 3343 906 laterem.
3366 851 3476 904 Per
3498 866 3659 903 mare
3686 864 3792 902 au-

2189 942 2304 991 tem
2332 937 2604 992 debemus
2633 937 2949 1008 intelligere
2972 937 3339 1009 baptismum,
3358 942 3609 992 testante
3637 940 3793 1009 Apo-

2190 1028 2353 1091 stolo,
2382 1027 2476 1099 qui
2508 1027 2647 1081 dicit
2677 1045 2690 1080 :
2726 1029 3002 1096 Quoniam
3029 1033 3211 1096 patres
3249 1032 3432 1081 nostri
3468 1042 3661 1081 omnes
3689 1024 3793 1077 sub

2190 1117 2332 1170 nube
2360 1118 2614 1183 fuerunt,
2646 1122 2694 1170 et
2724 1132 2908 1170 omnes
2939 1117 3205 1184 baptizati
3222 1121 3354 1170 sunt
3378 1119 3443 1169 in
3473 1117 3617 1169 nube
3648 1118 3703 1167 et
3732 1116 3791 1166 in

2191 1207 2342 1258 mari
2364 1207 2418 1272 (Ι
2442 1206 2563 1260 Cor.
2588 1205 2661 1274 χ).
2693 1205 2853 1259 Vitro
2879 1210 3070 1260 autem
3096 1209 3458 1275 comparatur
3484 1203 3637 1275 quod
3659 1217 3793 1274 per-

2189 1294 2446 1365 spicuum
2464 1299 2550 1348 est
2566 1293 2878 1355 metallum,
2906 1299 3136 1365 propter
3165 1294 3470 1364 puritatem
3490 1292 3646 1356 ﬁdei,
3667 1308 3791 1362 quae

2188 1384 2247 1438 in
2270 1385 2548 1456 baptismo
2570 1385 3013 1448 demonstratur,
3031 1401 3157 1437 cum
3196 1382 3515 1454 baptizandi
3558 1381 3791 1436 credere

2188 1489 2248 1527 se.
2275 1474 2333 1527 in
2354 1474 2531 1528 Deum
2562 1474 2788 1527 Patrem
2819 1479 2877 1527 et
2897 1472 3104 1527 Filium
3136 1479 3193 1526 et
3224 1471 3494 1543 Spiritum
3526 1476 3788 1525 sanctum

2188 1563 2653 1617 fateantur.Mare
2675 1562 2914 1616 vitreum
2947 1562 3100 1615 intus
3116 1567 3172 1614 et
3191 1561 3329 1614 foris
3347 1560 3630 1631 splendet,
3657 1559 3790 1630 quia

513 1490 784 1528 numerus
814 1489 880 1527 ex
931 1471 1153 1525 senario
1200 1476 1257 1524 et
1308 1469 1687 1540 quaternario,
1729 1468 1859 1539 quia
1908 1474 2109 1539 quater

511 1562 634 1618 seni
659 1561 855 1632 viginti
883 1565 1127 1631 quatuor
1155 1563 1305 1613 sunt.
1326 1558 1592 1612 Senarius
1616 1557 1860 1611 refertur
1876 1558 1946 1611 ad
1971 1575 2106 1629 ope-

508 1652 809 1715 rationem,
841 1649 974 1720 quia
1002 1665 1097 1702 sex
1124 1647 1319 1701 diebus
1348 1648 1499 1700 Deus
1528 1646 1882 1717 omnipotens
1916 1647 2107 1701 omnia
2187 1651 2354 1705 corde
2374 1652 2620 1705 creditur
2648 1651 2716 1705 ad
2733 1650 3039 1721 justitiam,
3062 1667 3158 1703 ore
3182 1656 3373 1703 autem
3409 1649 3694 1703 confessio
3728 1649 3791 1702 ﬁt

503 1755 676 1811 opera
711 1755 815 1793 sua
854 1736 1107 1809 perfecit,
1172 1740 1230 1790 et
1256 1740 1410 1789 sexto
1454 1735 1545 1788 dic
1583 1741 1754 1805 atque
1783 1740 1940 1789 sexta
1966 1736 2107 1790 hora
2122 1722 2169 1782 Β
2186 1740 2258 1794 ad
2277 1740 2867 1795 salutem.Notandum
2882 1744 3070 1793 autem
3090 1739 3238 1811 quod
3258 1738 3408 1792 idem
3428 1755 3587 1792 mare
3601 1736 3788 1791 simile

504 1828 793 1884 hominem
843 1826 1102 1880 redemit.
1150 1823 1556 1888 Quaternarius
1586 1840 1716 1877 vero
1759 1824 1829 1877 ad
1863 1829 2105 1894 quatuor
2185 1829 2450 1899 crystallo
2481 1828 2705 1882 dicitur.
2741 1828 3082 1899 Crystallum
3112 1828 3264 1881 enim
3304 1844 3372 1881 ex
3409 1843 3563 1897 aqua
3597 1826 3788 1880 nasci-

505 1917 677 1972 libros
715 1916 894 1970 sancti
935 1912 1222 1983 Evangelii
1251 1912 1513 1983 pertinet.
1546 1912 1691 1976 Quia
1737 1929 1868 1982 ergo
1906 1918 2102 1967 sancta
2183 1922 2295 1982 tur,
2328 1923 2384 1971 et
2411 1918 2591 1971 multo
2639 1917 2849 1987 frigore
2897 1916 3143 1971 durescit
3169 1916 3239 1970 ad
3286 1916 3569 1986 lapidem;
3601 1915 3687 1968 ita
3733 1920 3790 1968 et

504 2005 749 2060 Ecclesia
770 2004 884 2059 sive
907 2004 967 2057 in
986 2001 1175 2056 Veteri
1190 2002 1551 2055 Testamento
1571 2001 1686 2054 sive
1712 2000 1770 2054 in
1791 2002 1965 2066 Novo,
1997 2002 2099 2056 Dei
2182 2005 2359 2060 sancti
2375 2022 2476 2075 per
2486 2005 3212 2076 tribulationempreesentis
3226 2004 3352 2058 vitae
3364 2004 3435 2058 ad
3450 2003 3784 2057 ﬁrmitatem

501 2093 889 2166 Operationem
920 2091 1134 2156 recolit,
1167 2096 1225 2143 et
1246 2095 1567 2155 veneratur,
1599 2095 1657 2143 et
1702 2088 1873 2143 libros
1919 2090 2097 2144 sancti
2180 2095 2581 2164 perducuntur.
2604 2096 2750 2148 Ante
2773 2094 3043 2148 thronum
3065 2093 3240 2164 igitur
3266 2099 3400 2147 sunt
3421 2098 3641 2163 septem
3674 2092 3788 2163 spi-

501 2181 791 2253 Evangelii
810 2179 1298 2246 custodit,etrecte
1312 2178 1371 2231 in
1385 2178 1583 2247 viginti
1602 2182 1844 2247 quatuor
1859 2179 2096 2233 seniori-
2178 2182 2322 2236 ritus
2348 2183 2470 2238 Dei.
2500 2186 2557 2237 et
2589 2199 2745 2236 mare
2774 2182 3015 2237 vitreum
3047 2182 3234 2236 simile
3264 2181 3551 2253 crystallo,
3575 2180 3785 2251 quiain

498 2267 1384 2340 buscomprehenditur,velcerte
1399 2272 1629 2337 prOpter
1644 2266 1839 2336 viginti
1855 2273 2098 2337 quatuor
2177 2270 2422 2325 Ecclesia
2466 2272 2858 2325 tantummodo
2907 2270 3070 2325 ardet
3117 2271 3362 2341 Spiritus
3417 2275 3671 2332 sanctus,
3726 2274 3785 2322 et

496 2358 670 2413 libros
698 2357 919 2412 Veteris
942 2355 1307 2419 Testamenti,
1343 2354 1546 2425 quibus
1576 2354 1758 2409 utitur
1786 2356 2093 2409 secundum

495 2446 821 2501 canonicam
836 2443 1311 2509 auctoritatem,in
1326 2442 1529 2514 quibus
1543 2443 1758 2499 Novum
1771 2444 2095 2498 Testamen-

496 2537 639 2599 tum,
655 2541 712 2590 et
731 2550 799 2589 ea
827 2550 949 2605 quae
965 2533 1026 2587 in
1046 2550 1111 2587 eo
1134 2532 1412 2603 completa
1433 2537 1565 2585 sunt
1587 2533 1965 2602 praenuntiata
2004 2548 2092 2585 co-

490 2624 734 2697 gnoscit.
782 2623 943 2678 Unde
991 2626 1048 2677 et
1089 2620 1445 2692 Evangelista
1488 2619 1623 2674 dicit
1674 2623 1865 2684 (Mare.
1898 2625 1988 2688 xv)
2020 2620 2089 2675 de

488 2712 710 2768 duobus
738 2710 1050 2766 latronibus
1083 2710 1181 2781 qui
1201 2726 1329 2763 cum
1360 2709 1597 2764 Domino
1626 2715 1760 2763 sunt
1787 2709 2037 2763 cruciﬁxi
2070 2728 2082 2762 :

488 2801 616 2857 ideo
636 2802 742 2856 hoc
761 2802 1061 2860 factu‘m,ut
1079 2798 1412 2869 impleretur
1433 2798 1742 2869 Scriptura,
1768 2815 1889 2869 qua:
1908 2798 2047 2851 dicit
2069 2816 2083 2852 :

490 2889 560 2947 Et
590 2907 717 2946 cum.
744 2890 959 2958 iniquis
988 2890 1280 2957 deputatus
1310 2892 1385 2940 est
1415 2885 1553 2955 (Isa.
1587 2891 1725 2949 Lm).

563 2979 625 3034 Et
645 2980 709 3033 de
724 2980 920 3033 throno
939 2978 1237 3046 procedunt
1251 2978 1313 3042 fu
1322 2978 1413 3043 lgu
1422 2980 1561 3038 ra,et
1580 2980 1799 3037 voces,et
1812 2978 2082 3029 tonitrua.

491 3069 754 3124 Thronus
790 3067 892 3122 Dei
931 3068 1053 3139 ipsa
1091 3072 1177 3121 est
1214 3066 1520 3121 electorum
1563 3066 1825 3133 Ecclesia,
1867 3067 1936 3119 de
1976 3082 2085 3136 qua

489 3158 802 3230 procedunt
839 3157 1084 3226 fulgura,
1126 3155 1184 3209 id
1224 3161 1310 3209 est
1346 3155 1508 3225 signa
1545 3156 1967 3221 miraculorum,
2018 3155 2086 3208 de

489 3246 695 3317 quibus
721 3245 925 3299 dicitur
955 3264 966 3297 :
998 3246 1322 3298 [tinxerunt
1344 3246 1577 3311 fulgura
1627 3250 1722 3298 tua
1764 3247 1885 3299 orbi
1929 3250 2087 3298 terra;

491 3337 655 3402 (Psat,
707 3333 903 3401 LXXVI).
947 3333 1081 3396 Qua:
1125 3331 1266 3385 bene
1303 3332 1615 3402 fulgoribus
1662 3338 2080 3403 comparantur,

489 3422 623 3494 quia
642 3426 860 3476 terrent
872 3426 929 3475 et
944 3420 1283 3474 illuminant.
1303 3420 1549 3490 Fulgura
1569 3421 1736 3474 etiam
1759 3439 1824 3475 ex
1840 3420 2083 3475 nubibus

488 3510 853 3566 descendunt.
870 3515 928 3564 et
942 3508 1145 3564 sanctii
1152 3509 1235 3579 psi
1251 3514 1382 3563 sunt
1395 3508 1592 3577 nubes,
1623 3510 1716 3580 qui
1746 3510 1949 3580 pluunt
1966 3527 2086 3563 ver-

486 3601 575 3656 bis
593 3605 650 3655 et
664 3603 961 3654 coruscant
979 3597 1282 3654 miraculis.
1307 3598 1586 3652 Emittunt
1612 3614 1833 3668 quoque
1848 3614 2008 3651 voces
2029 3604 2086 3652 et

485 3688 820 3755 tonitrua,id
842 3692 928 3742 est
941 3685 1108 3740 verba
1124 3686 1536 3757 praedicationis
1555 3692 1611 3739 et
1631 3686 2083 3740 comminationis

488 3778 739 3833 dicentes
759 3793 771 3824 :
796 3775 987 3832 Omnis
1003 3777 1170 3829 arbor
1190 3791 1308 3843 qua:
1326 3791 1437 3828 non
1458 3776 1593 3841 facit
1611 3776 1861 3842 fructum
1881 3777 2082 3829 bonum

488 3868 768 3921 excidetur
796 3869 847 3918 et
867 3867 930 3917 in
949 3866 1130 3932 ignem
1149 3866 1403 3917 mittetur
1426 3864 1635 3932 (Matth.
1655 3865 1785 3925 XIX).
1802 3863 1961 3917 Unde
1976 3869 2078 3917 est:

456 3963 463 3971 ‘
498 3956 604 4011 νὸω
625 3955 865 4009 tonitrui
885 3952 969 4006 tui
990 3955 1051 4006 in
1070 3957 1190 4005 rota
1206 3952 1373 4019 (Psat.
1404 3952 1611 4021 LXXVI).
1638 3951 1706 4005 Et
1723 3951 1853 4021 quia
1866 3952 1934 4005 de
1954 3952 2084 4006 sede

489 4040 661 4099 dicit:
684 4041 1001 4099 Procedunt
1030 4040 1256 4110 fulgura
1284 4043 1341 4092 et
1366 4054 1527 4094 voces
1566 4045 1625 4094 et
1650 4040 1922 4107 tonitrua,
1956 4056 2082 4095 cum

490 4132 608 4189 haec
627 4147 742 4187 non
757 4130 896 4196 sedi,
921 4129 1020 4184 sed
1038 4128 1280 4184 nubibus
1304 4128 1657 4193 conveniant,
1681 4129 1861 4199 ipsam
1893 4130 2083 4183 sedem

490 4222 697 4278 nubem
723 4221 845 4275 vult
871 4218 1108 4289 intelligi
1138 4218 1206 4272 de
1236 4233 1347 4288 qua
1368 4216 1597 4284 imbres,
1620 4217 1844 4288 fulgura
1868 4223 1924 4271 et
1942 4221 2085 4272 toni-

2105 3035 2150 3095 ϐ

2174 2359 2466 2414 Trinitatis
2475 2359 3306 2430 baptismatribuiturJdeoque
3317 2359 3457 2412 ﬁdes
3469 2358 3783 2412 electorum

2174 2447 2821 2517 manifestatur,vitaque
2842 2447 3067 2501 illorum
3081 2449 3376 2506 conﬂatur.
3391 2452 3451 2500 et
3469 2445 3781 2499 asordibus

2172 2536 2433 2590 vitiorum
2458 2541 2750 2607 purgatur.
2779 2537 2842 2590 Et
2870 2539 2932 2589 in
2960 2538 3138 2590 medio
3167 2537 3327 2599 sedis,
3359 2541 3404 2589 et
3437 2539 3500 2588 in
3530 2538 3780 2589 circuitu

2170 2627 2309 2678 sedis
2337 2630 2580 2693 quatuor
2606 2627 2906 2691 animalia,
2935 2629 3064 2678 ante
3092 2631 3140 2679 et
3178 2631 3328 2678 retro
3365 2626 3527 2693 plena
3572 2625 3773 2677 oculis.

2169 2711 2324 2766 Nulli
2353 2712 2607 2777 dubium,
2642 2712 2777 2783 quin
2806 2712 2922 2767 haec
2949 2711 3219 2766 animalia
3246 2712 3548 2766 Dominum
3571 2711 3773 2764 Iesum

2169 2801 2454 2856 Christum
2493 2801 2829 2872 significent,
2872 2807 2930 2855 et
2966 2817 3161 2855 omnes
3199 2807 3442 2865 sanctos,
3484 2799 3773 2870 praecipue

2169 2896 2413 2961 quatuor
2437 2890 2838 2960 Evangelistas,
2869 2889 2966 2961 qui
2991 2890 3048 2943 in
3083 2889 3269 2943 medio
3299 2889 3448 2943 sedis
3478 2895 3538 2942 et
3562 2889 3620 2942 in
3650 2889 3772 2942 cir-

2167 2980 2321 3034 cuitu
2352 2996 2473 3033 esse
2495 2979 2778 3044 dicuntur,
2813 2979 2943 3049 quia
2976 2978 3309 3048 incipientes
3333 2977 3404 3031 ab
3444 2977 3770 3031 Jerusalem

2167 3067 2521 3138 praedicando
2546 3072 2919 3138 pervenerunt
2933 3084 3113 3137 usque
3131 3067 3203 3121 ad
3232 3068 3371 3121 fines
3390 3072 3574 3120 terra}.
3604 3066 3771 3120 Jeru-

2168 3156 2345 3209 salem
2376 3155 2584 3225 quippe
2606 3155 2664 3208 in
2704 3155 2890 3209 medio
2930 3160 3016 3209 est
3052 3154 3203 3209 orbis
3240 3161 3424 3212 terrae.
3469 3154 3615 3208 sicut
3661 3171 3774 3225 per

2166 3244 2499 3315 prophetam
2525 3249 2767 3298 testatur
2812 3243 3122 3299 Dominus:
3165 3246 3231 3297 In
3280 3243 3459 3296 medio
3507 3246 3771 3319 gentium

2161 3336 2324 3399 posui
2352 3350 2491 3393 eam,
2525 3337 2573 3385 et
2606 3336 2668 3386 in
2697 3336 2940 3386 circuitu
2969 3336 3084 3401 ejus
3117 3339 3293 3385 terras
3318 3332 3533 3402 (Ezech.
3563 3331 3633 3399 ν).
3652 3332 3773 3386 Per

2166 3421 2357 3474 oculos
2381 3426 2568 3475 autem
2600 3421 2952 3483 animalium,
2981 3421 3297 3475 divinarum
3338 3420 3768 3490 Scripturarum

2166 3515 2520 3563 sacramenta
2556 3509 2961 3579 significantur.
3002 3509 3178 3563 Plena
3214 3525 3346 3578 ergo
3399 3514 3532 3562 sunt
3583 3507 3769 3561 oculis

2165 3596 2450 3663 animalia,
2470 3596 2603 3666 quia
2619 3602 2756 3667 quot
2774 3601 2907 3650 sunt
2924 3596 3331 3667 scripturarum
3347 3596 3769 3666 eloquia,quasi

2163 3690 2251 3739 tot
2263 3692 2394 3739 sunt
2412 3690 2733 3739 sanctorum
2750 3685 2984 3748 lumina,
3010 3685 3213 3756 quibus
3227 3685 3311 3738 illi
3332 3684 3499 3738 corda
3522 3700 3769 3738 suorum

2163 3773 2488 3828 illuminant
2510 3774 2855 3830 auditorum.
2880 3776 3028 3827 Ante
3049 3778 3107 3827 et
3133 3778 3286 3828 retro
3313 3773 3501 3827 oculos
3523 3771 3763 3837 habent,

2167 3862 2301 3933 quia
2325 3867 2442 3916 tam
2471 3863 2541 3917 de
2561 3863 2649 3917 his
2671 3879 2795 3934 qua:
2818 3863 2966 3917 facta
2980 3867 3131 3928 sunt,
3155 3878 3322 3933 quam
3341 3862 3410 3916 de
3430 3861 3501 3915 iis
3527 3878 3659 3931 qua:
3685 3862 3770 3916 fa-

2122 3950 2131 3957 “
2165 3951 2361 4005 cienda
2377 3958 2529 4016 sunt,
2539 3952 2861 4017 loquuntur.
2890 3951 3178 4006 Haecenim
3197 3950 3466 4005 orationis
3480 3951 3770 4020 particula

2170 4040 2474 4111 aliquando
2488 4057 2589 4112 pro
2603 4041 2888 4112 praeterito
2899 4041 3147 4112 ponitur,
3171 4046 3235 4094 ut
3269 4046 3355 4094 est
3386 4039 3527 4093 illud
3551 4058 3563 4090 :
3590 4042 3768 4094 Ante-

2166 4144 2335 4196 quam
2350 4130 2633 4184 Abraham
2646 4133 2816 4198 ﬁeret,
2837 4146 2929 4199 ego
2944 4146 3069 4183 sum
3092 4130 3273 4199 (Joan.
3298 4127 3767 4199 vm).Aliquando

2166 4234 2296 4272 vero
2308 4234 2408 4289 pro
2424 4218 2630 4284 futuro,
2640 4224 2704 4273 ut
2714 4224 2801 4272 est
2814 4218 2954 4273 illud
2964 4217 3218 4289 Apostoli
3236 4236 3246 4270 :
3259 4219 3437 4271 Unum
3450 4218 3598 4285 quod
3610 4222 3767 4270 retro

490 4317 622 4366 trua
648 4309 973 4381 procedunt.
1006 4308 1071 4361 Et
1099 4312 1296 4374 septem
1339 4308 1614 4375 lampades
1660 4308 1912 4361 ardentes
1956 4312 2083 4361 ante
2100 4307 2147 4365 D
2165 4311 2240 4359 est
2269 4308 2604 4371 obliviscens,
2638 4310 2702 4360 in
2730 4312 2857 4360 ante
2882 4323 2966 4360 me
2991 4307 3217 4360 extendo
3239 4306 3468 4375 (Philip.
3489 4310 3598 4369 ιιι).
3615 4306 3769 4359 Ante

495 4401 906 4465 thronum,qum
924 4400 1053 4450 sunt
1066 4400 1262 4462 septem
1275 4397 1509 4464 spiritus
1529 4396 1875 4466 Dei.Septem
1895 4400 2083 4449 autem

491 4486 724 4559 spiritus
744 4485 1009 4538 dicuntur
1026 4499 1154 4537 cum
1178 4497 1325 4537 unus
1344 4482 1435 4548 sit,
1458 4488 1686 4553 propter
1701 4483 2084 4553 septiformem

490 4577 755 4651 gratiam,
780 4591 902 4645 quae
922 4589 1092 4645 super
1112 4572 1413 4627 Dominum
1432 4571 1770 4642 requievisse
1798 4578 2080 4638 narratur,

491 4668 711 4724 dicente
729 4663 1329 4736 prophetazRequiescet
1348 4675 1513 4728 super
1528 4676 1652 4713 eum
1665 4662 2084 4727 spiritusDomi-

492 4757 815 4825 ni,spiritus
832 4754 1053 4808 consilii
1072 4757 1120 4805 et
1138 4752 1511 4819 fortitudinis,
1529 4751 1759 4817 spiritus
1773 4753 2009 4804 scientia:
2034 4756 2083 4804 et

483 4847 728 4917 pietatis,
752 4846 802 4895 et
822 4841 1045 4908 reptebit
1062 4855 1186 4892 eum
1208 4841 1443 4906 spiritus
1474 4838 1689 4890 timoris
1709 4838 1936 4891 Domini
1952 4840 2075 4902 Usa.

490 4937 585 5000 χι).
617 4932 769 4987 Bene
820 4934 1008 4983 autem
1048 4925 1402 4997 lampadibus
1451 4929 1808 4995 comparatur
1842 4925 2084 4996 Spiritus

487 5025 735 5087 sanctus,
769 5018 901 5090 quia
928 5017 999 5071 ad
1029 5015 1129 5070 Dei
1174 5030 1422 5068 amorem
1466 5018 1688 5067 sanctos
1717 5014 1986 5078 accendit,
2028 5018 2086 5069 et

489 5109 702 5166 lumine
731 5107 863 5161 fidei
884 5104 1189 5169 illuminat,
1213 5120 1284 5157 ne
1303 5103 1519 5156 foveam
1541 5102 1747 5156 erroris
1771 5101 2078 5158 incurrant.

489 5196 735 5268 Lampas
760 5194 969 5265 quippe
1003 5192 1212 5256 Graece,
1248 5193 1477 5244 ﬂamma
1500 5190 1708 5245 dicitur
1736 5189 1955 5256 Latine,
1989 5208 2083 5246 ne-

490 5302 598 5358 que
628 5284 761 5339 alibi
798 5282 908 5337 nisi
954 5285 1084 5335 ante
1129 5281 1397 5335 thronum
1443 5281 1610 5345 lucet,
1644 5279 1776 5349 quia
1825 5279 2083 5334 videlicet

487 5377 761 5449 Spiritum
791 5376 1046 5427 sanctum
1072 5369 1277 5423 habere
1311 5386 1422 5423 non
1463 5375 1717 5439 possunt,
1760 5368 2079 5439 quicunque

488 5472 646 5522 extra
674 5460 976 5518 Ecclesiam
1005 5464 1155 5520 sunt,
1183 5457 1329 5512 sicut
1348 5456 1612 5512 haeretici.
1639 5457 1799 5512 Unde
1827 5464 1885 5511 et
1906 5458 1967 5512 in
1984 5473 2079 5511 ca-

487 5553 730 5610 nonibus
752 5548 978 5617 dicitur,
1001 5552 1069 5603 ut
1083 5547 1132 5602 si
1146 5547 1287 5602 tales
1306 5545 1510 5601 iterum
1533 5546 1790 5602 Ecclesiae
1812 5546 2078 5618 conjungi

2165 4393 2356 4465 itaque
2379 4400 2435 4448 et
2458 4400 2611 4449 retro
2631 4395 2899 4449 animalia
2916 4396 3084 4466 plena
3105 4400 3241 4449 sunt
3258 4394 3451 4455 oculis,
3487 4394 3620 4464 quia
3637 4409 3770 4464 per-

2166 4482 2309 4537 fecte
2324 4483 2544 4537 Veteris
2566 4500 2631 4537 ac
2650 4484 2790 4538 Novi
2805 4483 3153 4538 Testamenti
3182 4483 3441 4537 universa
3468 4483 3769 4537 continent

2166 4578 2538 4636 sacramenta,
2558 4589 2683 4643 quae
2710 4572 2919 4627 scilicet
2946 4566 3332 4644 principaliter
3349 4572 3521 4626 trium
3543 4577 3768 4642 tempo-

2166 4678 2295 4715 rum
2334 4678 2531 4716 causas
2568 4668 2853 4725 enarrant,
2873 4662 2927 4716 id
2961 4667 3045 4716 est
3070 4661 3361 4732 praeteriti,
3386 4661 3679 4732 prmsenﬁs
3708 4668 3773 4715 et

2164 4750 2358 4804 futuri.
2380 4751 2450 4803 Et
2476 4750 2587 4803 alia
2618 4751 2844 4820 quidem
2866 4750 3154 4822 praedicta,
3183 4750 3298 4804 alia
3317 4756 3507 4804 autem
3522 4750 3639 4819 jam
3652 4750 3773 4803 im-

2164 4838 2333 4908 pleta,
2370 4838 2482 4891 alia
2505 4854 2635 4892 vero
2662 4839 2844 4892 adhuc
2870 4837 3156 4909 implenda
3182 4838 3549 4909 pronuntiant
3578 4857 3591 4891 :
3620 4854 3773 4909 pra-

2165 4926 2313 4980 dicta
2344 4928 2556 4982 scilicet
2583 4928 2853 4999 mysteria
2873 4926 3174 4982 Dominicis
3202 4926 3623 4992 incarnationis,
3652 4927 3772 4980 im.

2164 5016 2374 5086 pletam
2396 5016 2513 5087 jam
2540 5017 2792 5087 ejusdem
2817 5016 3210 5087 Redemptoris
3230 5017 3408 5071 nostri
3438 5014 3771 5087 dispositio-

2164 5120 2315 5170 nem,
2338 5105 2680 5175 implendam
2704 5121 2832 5159 vero
2847 5104 3131 5175 justorum
3147 5111 3317 5175 atque
3337 5103 3632 5176 impiorum
3662 5120 3772 5157 se-

2163 5193 2532 5262 parationem.
2557 5192 2911 5246 Concordant
2938 5197 3131 5246 autem
3157 5191 3263 5246 sibi
3291 5191 3393 5246 isti
3416 5191 3576 5252 oculi,
3617 5191 3771 5259 quia.

2165 5281 2313 5351 quod
2334 5281 2479 5335 lucet
2500 5280 2557 5334 in
2576 5281 2763 5335 Veteri
2784 5282 3163 5348 Testamento,
3178 5281 3283 5335 hoc
3303 5280 3479 5350 fulget
3496 5280 3552 5332 in
3570 5278 3765 5333 Novo.

2162 5369 2266 5423 Vel
2286 5375 2436 5424 certe
2447 5369 2714 5424 animalia
2731 5374 2862 5424 ante
2882 5376 2940 5425 et
2966 5376 3119 5425 retro
3142 5369 3332 5423 oculos
3352 5368 3571 5425 habent.
3613 5368 3766 5437 quia

2163 5474 2357 5512 omnes
2382 5458 2541 5513 electi
2578 5458 2991 5529 redemptorem
3039 5474 3206 5513 suum
3250 5464 3308 5511 et
3345 5456 3657 5527 judicatum
3693 5456 3764 5511 in

2160 5546 2345 5619 primo
2373 5547 2711 5602 humilitatis
2739 5564 2854 5603 suae
2881 5548 3144 5616 adventu,
3175 5552 3233 5602 et
3266 5546 3647 5617 judicaturum
3690 5544 3762 5600 in
