3992 6166
270 235 410 296 1009

1200 237 1579 313 ΕΧΡΟΞΙΤΙΟ
1621 239 1699 295 ΙΝ
1729 234 2254 311 ΑΡΟΟᾼΕΥΡΞΙΝ.
2286 268 2356 281 —
2386 240 2524 297 LIB.
2549 242 2624 296 II.

3416 239 3554 300 1010

267 364 515 420 secundo
541 362 887 418 celsitudinis
936 378 1051 416 suae
1098 378 1320 433 semper
1366 364 1684 419 attendunt.
1724 363 2073 426 CumAcem
2099 364 2274 434 patris
2312 365 2602 430 excitatur,
2637 365 2718 421 ita
2767 370 2824 419 et
2880 364 3136 420 Christus
3182 381 3314 421 voce
3363 367 3549 424 Patris

268 455 443 509 etiam
481 452 717 524 quilibet
734 451 899 506 electi
927 450 1110 505 verbis
1151 452 1635 522 Evangelistarum
1664 451 1865 513 edocti,

266 541 556 614 praeterita
576 544 801 611 peccata
819 539 1129 594 recolentes
1151 539 1445 608 deﬂent,et
1459 557 1584 611 quae
1605 539 1869 610 subsequi

267 636 529 705 possunt,
560 629 797 683 sollicite
827 633 1162 698 praecavent,
1195 635 1329 683 ante
1377 634 1434 682 et
1468 634 1619 684 retro
1657 630 1868 683 anima-

266 719 347 773 lia
395 720 587 773 oculos
627 718 854 772 habent.
888 718 1067 772 Multa
1104 717 1235 772 hinc
1282 717 1392 772 dici
1447 724 1702 790 possunt,
1744 735 1868 789 quae

268 807 531 863 brevitati
568 808 858 863 studentes
891 807 1225 862 omittimus.

340 900 407 954 Et
434 901 654 953 animal
678 901 934 966 primum
962 900 1145 951 simile
1178 899 1399 959 teoni,et
1422 899 1723 952 secundum
1745 900 1870 953 ani-

266 991 386 1042 mal
414 989 597 1041 simile
624 989 818 1052 vitulo,
837 992 888 1041 et
922 988 1155 1040 tertium
1183 988 1404 1040 animal
1434 987 1637 1041 habens
1670 989 1869 1055 faciem

264 1079 433 1145 quasi
464 1077 779 1142 hominis,et
803 1080 1071 1145 quartum
1102 1078 1325 1129 animal
1355 1078 1538 1129 simile
1555 1078 1759 1145 aquilae
1785 1093 1872 1130 vo-

269 1167 436 1218 lanti.
470 1164 676 1218 Mirum
702 1164 862 1218 valde
892 1169 977 1217 est
1009 1180 1183 1235 quare
1229 1164 1473 1218 Joannes
1514 1165 1624 1220 alio
1672 1165 1869 1219 ordine

263 1253 386 1307 haec
413 1252 684 1307 animalia
712 1253 936 1307 ordinat
959 1267 1127 1320 quam
1175 1253 1446 1315 Ezechiel,
1476 1254 1722 1325 primum
1766 1271 1867 1325 po-

264 1358 409 1397 nens
440 1343 677 1407 leonem,
707 1359 831 1396 cum
865 1342 957 1395 ille
988 1342 1232 1413 primum
1264 1342 1465 1397 faciem
1491 1344 1733 1397 hominis
1764 1360 1866 1414 po-

265 1431 466 1485 suerit.
500 1431 587 1486 Ad
618 1432 767 1502 quod
799 1432 1098 1486 dicendum
1130 1436 1233 1495 est,
1276 1433 1410 1503 quia
1436 1432 1731 1504 prophetia
1755 1450 1867 1488 non

265 1525 456 1574 servat
484 1518 737 1573 ordinem
774 1520 1021 1574 historiae
1049 1538 1059 1572 :
1097 1521 1245 1590 quod
1276 1520 1323 1573 si
1347 1520 1575 1584 faceret,
1602 1523 1723 1591 jam
1756 1538 1869 1575 non

263 1608 587 1680 prophetia,
618 1609 715 1662 sed
767 1608 1001 1662 historia
1043 1614 1208 1662 esset.
1240 1608 1398 1673 Quod
1449 1625 1514 1663 ex
1556 1609 1713 1663 libris
1745 1627 1870 1681 pro-

1952 451 2223 504 excitatus
2239 456 2324 505 est
2338 454 2500 523 juxta
2520 453 2659 507 illud
2679 453 2888 507 Psalmi
2915 471 2926 507 :
2946 455 3193 521 Exsurge
3221 458 3406 522 gloria
3426 473 3548 511 mea

1954 540 2114 603 (Psal.
2144 541 2274 610 va),
2309 547 2413 597 etc.
2449 542 2592 606 Quia
2629 558 2763 613 ergo
2809 542 2942 598 inde
2966 542 3216 597 creditur
3242 544 3393 598 unde
3421 560 3550 599 sur-

1949 626 2113 693 rexit,
2148 626 2289 682 bene
2310 630 2555 684 Joannes
2584 630 2827 702 primum
2857 632 3078 686 leonem
3097 632 3303 702 posuit.
3328 632 3550 687 Primus

1949 715 2141 785 itaque
2164 722 2251 771 est
2272 718 2328 772 in
2372 719 2567 773 ordine
2594 719 2764 774 homo
2793 724 2851 774 et
2869 720 3095 785 vitulus,
3128 721 3225 775 sed
3254 721 3470 792 primus
3493 722 3558 778 in

1948 805 2154 860 virtute
2199 806 2306 861 leo.
2343 809 2447 863 Leo
2490 809 2695 881 quippe
2744 826 2840 864 rex
2886 815 2973 864 est
3010 809 3338 875 bestiarum,
3381 816 3551 882 atque

1950 893 2076 948 ideo
2104 910 2218 949 non
2248 895 2532 951 immerito
2559 914 2661 968 per
2689 914 2815 953 eum
2840 898 3062 953 Marcus
3090 897 3553 969 intelligitur.SeL-

1953 983 2198 1037 cundum
2225 986 2385 1056 ponit
2406 986 2644 1041 vitulum
2683 987 2778 1057 qui
2826 987 3042 1059 utique,
3067 992 3133 1042 ut
3177 986 3388 1041 dictum
3441 992 3545 1053 est,

1952 1071 2162 1125 Lucam
2192 1072 2493 1144 signiﬁcat,
2531 1075 2665 1145 quia
2709 1074 2918 1129 vitulus
2966 1076 3152 1130 hostia
3191 1075 3547 1130 sacerdotum

1952 1165 2091 1222 erat,
2121 1161 2259 1215 etin
2282 1163 2492 1233 templo
2513 1163 2872 1229 offerebatur,
2905 1168 2963 1218 et
2987 1164 3107 1235 ipse
3137 1164 3196 1218 in
3221 1181 3325 1219 sua
3355 1180 3549 1219 narra-

1948 1249 2102 1303 tione
2130 1251 2371 1304 maxime
2399 1251 2546 1305 circa
2572 1253 2846 1322 templum
2870 1258 3147 1306 versatur.
3165 1253 3420 1307 Tertium
3448 1253 3545 1308 ho-

1948 1340 2179 1403 minem,
2213 1339 2269 1392 id
2301 1344 2386 1393 est
2416 1338 2769 1406 Matthaaum,
2795 1341 2888 1411 qui
2920 1341 3291 1411 temporalem
3333 1341 3543 1396 Christi

1951 1429 2216 1484 describit
2256 1431 2629 1487 nativitatem.
2695 1433 2969 1495 Quartum
3020 1432 3288 1502 aquilam,
3351 1432 3407 1485 id
3464 1437 3548 1486 est

1948 1516 2249 1585 Joannem,
2292 1519 2387 1590 qui
2415 1521 2476 1574 in
2507 1520 2881 1575 reverberatis
2923 1521 3099 1574 oculis
3146 1520 3550 1575 transcenderis

1950 1623 2172 1661 omnem
2198 1608 2555 1663 altitudinem
2585 1609 2730 1675 coeli,
2764 1615 2821 1664 et
2849 1610 3000 1680 ipsos
3028 1609 3197 1663 etiam
3218 1609 3417 1663 choros
3445 1625 3550 1664 an-

266 1698 570 1770 phetarum
600 1696 863 1751 facillime
907 1697 1279 1767 cognoscitur,
1304 1714 1334 1751 e
1366 1697 1569 1768 quibus
1597 1703 1662 1752 ut
1690 1714 1867 1753 unum
1886 1723 1933 1783 B
1951 1696 2225 1765 gelorum,
2258 1696 2608 1752 divinitatem
2640 1698 2768 1753 Filii
2794 1698 2895 1752 Dei
2919 1698 3191 1764 intuetur,
3214 1697 3405 1752 dicens
3430 1716 3442 1751 :
3479 1700 3550 1753 In

266 1804 546 1859 ponamus
558 1804 659 1859 pro
680 1786 1415 1858 omnibus,perspiciendum
1438 1792 1523 1841 est
1552 1789 1701 1857 quod
1717 1788 1867 1841 idem

263 1877 544 1948 propheta
574 1876 844 1937 Ezechiel,
879 1893 1006 1930 cum
1031 1876 1288 1947 superius
1320 1875 1522 1929 dixerit
1573 1877 1642 1929 ad
1696 1894 1755 1932 se
1783 1878 1869 1931 fa-

264 1971 419 2020 ctum
448 1966 681 2020 verbum
711 1965 935 2021 Domini
956 1980 1104 2019 anno
1132 1965 1403 2035 vigesimo
1426 1966 1869 2037 sexto,deinceps

261 2055 502 2126 loquens
520 2059 717 2108 contra
734 2053 1091 2108 Pharaonem
1114 2069 1305 2124 regem
1328 2053 1551 2125 Egypti
1574 2055 1871 2110 undecimo

262 2159 415 2197 anno
431 2143 686 2197 eamdem
708 2143 1060 2214 prophetiam
1083 2143 1150 2196 ad
1169 2160 1229 2198 se
1249 2143 1452 2197 factam
1467 2143 1872 2215 dicit.Spiritus

265 2233 420 2285 enim
448 2237 676 2286 sanctus
711 2231 933 2286 locutus
962 2236 1049 2286 est
1094 2232 1384 2303 prophetis
1416 2232 1562 2286 sicut
1588 2233 1783 2299 voluit,
1815 2238 1873 2288 et

266 2320 494 2391 quando
524 2319 717 2383 voluit,
748 2319 986 2390 ideoque
1015 2335 1126 2373 non
1149 2326 1234 2373 est
1259 2319 1335 2372 ibi
1365 2321 1739 2390 requirendus
1761 2338 1874 2375 ser-

263 2408 454 2464 monis
483 2407 638 2471 ordo,
693 2409 838 2463 sicut
862 2409 920 2462 in
961 2408 1103 2462 libro
1134 2409 1388 2475 Genesis,
1425 2410 1510 2463 vel
1539 2411 1775 2479 Regum,
1816 2416 1872 2466 et

262 2499 325 2554 in
359 2497 577 2552 caeteris
607 2497 875 2551 historiis.
906 2498 1157 2552 Primum
1185 2515 1319 2568 ergo
1364 2499 1618 2554 Ezechiel
1666 2500 1869 2554 faciem

262 2588 531 2650 hominis,
584 2588 640 2641 id
687 2593 775 2642 est
821 2588 1072 2642 Matthazi
1121 2588 1296 2658 ponit,
1342 2604 1571 2642 servans
1617 2590 1870 2643 ordinem

261 2678 538 2733 historiae.
566 2677 673 2742 Qui
693 2676 898 2731 idcirco
936 2694 1038 2748 per
1065 2677 1350 2731 hominem
1369 2678 1724 2748 intelligitur,
1741 2677 1873 2748 quia

260 2766 679 2822 humanitatem
704 2766 830 2820 Filii
854 2766 957 2821 Dei
975 2766 1241 2820 describit
1260 2766 1317 2819 in
1340 2767 1819 2837 tempore,dicens
1851 2784 1864 2821 :

264 2858 425 2911 Liber
451 2859 824 2923 generationis
847 2858 974 2909 Jesu
1021 2856 1244 2909 Christi.
1273 2856 1486 2910 Deinde
1527 2858 1739 2911 Marcus
1769 2872 1871 2927 per

262 2945 490 2999 leonem
520 2944 875 3015 intelligitur,
905 2944 1037 3015 quia
1064 2962 1098 2999 a
1125 2946 1372 2999 clamore
1418 2945 1664 3008 inchoat,
1700 2946 1869 3000 veluti

262 3033 353 3087 leo
386 3033 579 3087 dicens
612 3052 623 3086 :
672 3035 772 3087 Vox
802 3036 1099 3088 clamantis
1132 3037 1194 3087 in
1222 3035 1447 3087 deserto.
1483 3034 1735 3088 Tertium
1766 3051 1874 3105 po-

261 3123 352 3177 nit
374 3122 635 3188 vitulum,
665 3122 723 3176 id
770 3127 857 3176 est
884 3123 1114 3188 Lucam,
1150 3123 1242 3193 qui
1273 3122 1637 3177 asacerdotio
1681 3123 1867 3194 caspit,

258 3211 489 3264 dicens:
520 3211 648 3264 Fuit
677 3212 740 3263 in
769 3211 956 3264 diebus
995 3212 1221 3265 Herodis
1263 3213 1405 3278 regis
1454 3210 1701 3264 sacerdos
1742 3214 1870 3280 qui-

258 3299 427 3365 dam;
457 3298 555 3370 qui
584 3298 754 3352 etiam
782 3298 1021 3353 maxime
1054 3298 1203 3352 circa
1225 3300 1499 3369 templum
1524 3304 1801 3364 versatur,
1836 3315 1871 3352 a

258 3404 373 3459 quo
402 3392 461 3442 et
486 3387 848 3458 Evangelium
889 3403 1052 3441 suum
1082 3387 1164 3441 ita
1198 3388 1501 3442 terminat:
1530 3387 1676 3451 Quia
1703 3392 1867 3441 erant

255 3490 473 3545 semper
502 3477 563 3528 in
592 3477 788 3542 templo
846 3477 1133 3528 laudantes
1182 3479 1228 3527 et
1265 3475 1631 3529 benedicentes
1673 3476 1861 3528 Deum.

256 3563 478 3629 Quarto
508 3563 628 3617 loco
675 3562 833 3635 ponit
880 3563 1148 3634 aquilam,
1181 3580 1303 3635 qua:
1353 3563 1548 3635 utique
1588 3565 1859 3618 Joannem

255 3653 560 3723 signiﬁcat,
583 3652 677 3724 qui
709 3669 743 3705 a
770 3651 1061 3706 divinitate
1089 3652 1273 3724 ccepit,
1312 3652 1580 3723 quoniam
1606 3652 1865 3707 Christus

256 3740 420 3813 prius
445 3745 612 3795 natus
644 3745 731 3795 est
749 3745 812 3794 ut
841 3741 1030 3805 homo,
1061 3740 1262 3794 deinde
1295 3740 1631 3811 praedicavit,
1665 3746 1722 3794 et
1744 3746 1865 3794 ter-

254 3829 483 3884 ribilem
514 3846 702 3884 vocem
733 3829 923 3884 emisit
941 3835 1005 3884 ut
1043 3829 1149 3892 leo,
1175 3835 1228 3883 et
1257 3829 1336 3883 sic
1359 3846 1559 3900 passus
1591 3833 1677 3883 est
1697 3833 1761 3882 ut
1782 3828 1864 3881 vi-

255 3919 438 3984 tulus,
471 3935 535 3974 ac
578 3920 937 3989 postmodum
983 3918 1239 3974 ascendit
1266 3919 1338 3972 ad
1366 3919 1533 3972 ccelos
1556 3922 1622 3972 ut
1652 3917 1862 3988 aquila.

257 4008 507 4079 Ideoque
531 4008 589 4062 in
609 4008 713 4063 hoc
733 4008 929 4062 ordine
967 4008 1104 4062 ordo
1125 4012 1383 4062 servatur
1400 4007 1668 4062 historiae.
1701 4008 1866 4061 Joan-

256 4113 363 4152 nes
392 4114 524 4151 vero
553 4098 795 4168 primum
825 4097 983 4169 ponit
1008 4097 1251 4163 leonem,
1286 4098 1420 4168 quia
1467 4096 1723 4152 Christus
1746 4098 1864 4166 jam

259 4187 563 4242 surrexita
590 4187 843 4253 mortuis,
877 4187 1010 4258 quia
1041 4187 1299 4241 videlicet
1327 4203 1439 4241 non
1460 4186 1585 4239 ideo
1616 4185 1866 4239 credide-

257 4280 399 4330 runt
429 4277 488 4330 in
519 4275 807 4330 Christum
838 4275 1047 4347 populi,
1078 4276 1211 4347 quia
1238 4280 1406 4331 natus
1449 4281 1535 4330 est
1565 4280 1629 4329 ut
1673 4275 1859 4339 homo,

1950 1787 2230 1854 principio
2244 1792 2361 1840 erat
2397 1788 2624 1841 Verbum
2638 1790 2799 1855 (Joan
2825 1788 2879 1855 1).
2892 1788 3018 1841 Haec
3030 1786 3551 1859 quatuoranimalia

1951 1874 2343 1944 signiﬁcabant
2369 1882 2611 1946 quatuor
2630 1877 2863 1931 ﬂumina
2891 1877 3232 1949 paradisi,de
3253 1893 3366 1934 uno
3392 1876 3549 1932 fonte

1953 1963 2161 2017 Christi
2187 1964 2246 2017 in
2280 1965 2525 2020 Ecclesia
2557 1967 2867 2020 manantia.
2900 1966 3174 2023 Similiter
3201 1970 3259 2021 et
3305 1970 3549 2039 quatuor

1955 2052 2148 2107 circuli
2194 2069 2354 2111 arcae.
2381 2054 2582 2125 quibus
2619 2061 2879 2126 portatur
2924 2055 3186 2109 Ecclesia.
3221 2054 3551 2125 Signiﬁcant

1956 2156 2179 2210 quoque
2207 2142 2325 2195 haec
2354 2147 2597 2213 quatuor
2617 2143 2886 2197 animalia
2912 2143 3094 2213 ipsum
3134 2142 3439 2197 Dominum
3462 2143 3551 2199 Je~

1956 2245 2080 2282 sum
2124 2229 2432 2295 Christum.
2466 2232 2562 2301 qui
2602 2237 2769 2285 natus
2811 2237 2876 2285 ut
2912 2232 3102 2295 homo,
3136 2247 3337 2302 passus
3365 2236 3451 2285 est
3482 2235 3552 2286 ut.

1953 2318 2432 2381 vitulus,surrexit
2455 2325 2519 2374 ut
2542 2320 2647 2386 leo,
2680 2320 2933 2374 ascendit
2960 2336 3130 2391 super
3158 2336 3355 2374 omnes
3381 2320 3553 2375 caelos

1952 2413 2017 2463 ut
2046 2408 2644 2480 aquila.Designantur
2672 2410 2841 2465 etiam
2866 2426 2967 2480 per
2995 2410 3112 2463 haec
3141 2408 3410 2463 animalia
3428 2425 3551 2466 om-

1953 2514 2053 2551 nes
2084 2499 2284 2561 sancti,
2323 2515 2452 2553 nam
2479 2500 2868 2570 unusquisque
2909 2498 3119 2552 electus
3166 2498 3225 2551 in
3277 2502 3554 2569 quantum

1938 2576 2365 2642 rationabiliter
2392 2588 2703 2642 secundum
2726 2588 3069 2641 voluntatem
3094 2585 3196 2640 Dei
3223 2585 3551 2652 vivit,homo

1955 2682 2056 2737 est,
2092 2677 2221 2747 quia
2252 2677 2417 2730 homo
2466 2685 2552 2730 est
2590 2676 2868 2731 rationale
2913 2674 3142 2740 animal,
3174 2674 3234 2728 in
3276 2679 3552 2745 quantum

1952 2766 2186 2819 adversa
2205 2766 2366 2819 istius
2391 2765 2580 2819 saeculi
2622 2764 3014 2836 aequanimiter
3038 2763 3241 2818 tolerat
3260 2763 3368 2827 leo,
3399 2762 3553 2816 unde

1953 2855 2222 2925 scriptum
2253 2860 2373 2908 est:
2399 2858 2590 2909 Justus
2619 2857 2782 2922 quasi
2811 2857 2889 2908 leo
2918 2853 3189 2919 conﬁdens
3218 2853 3416 2919 absque
3446 2856 3553 2905 ter-

1953 2959 2077 2997 rore
2105 2946 2211 2997 crit
2239 2945 2420 3013 (Prov.
2470 2944 2685 3011 xxvm).
2720 2942 2783 2995 In
2817 2946 3092 3012 quantum
3129 2956 3189 2994 se
3237 2940 3545 2995 mortiﬁcat

1953 3049 2080 3087 cum
2110 3032 2257 3085 vitiis
2282 3036 2339 3085 et
2390 3030 2855 3101 concupiscentiis
2892 3029 3120 3083 vitulus.
3155 3027 3223 3082 In
3273 3030 3552 3099 quantum

1952 3138 2054 3193 per
2080 3121 2285 3175 mentis
2316 3121 2845 3192 contemplationem
2880 3118 3126 3172 coelestia
3158 3117 3300 3189 petit
3336 3117 3544 3188 aquila.

2022 3212 2089 3265 Et
2118 3214 2364 3277 quatuor
2392 3210 2671 3263 animalia
2688 3210 2915 3275 singula
2938 3222 3127 3260 eorum
3144 3206 3549 3260 habebantalas

1950 3316 2129 3355 senas.
2162 3300 2277 3353 Alae
2304 3298 2632 3352 animalium
2666 3296 2989 3368 signiﬁcant
3016 3294 3128 3348 duo
3164 3293 3547 3360 Testamenta,

1950 3388 2152 3459 quibus
2189 3387 2438 3442 Ecclesia
2461 3386 2531 3440 ad
2562 3385 2812 3439 coelestia
2852 3386 3254 3455 supportatur:
3291 3382 3391 3437 sed
3418 3397 3549 3437 cum

1947 3478 2058 3533 duo
2079 3478 2600 3541 sintiTestamenta,
2633 3474 2883 3544 ejusdem
2930 3471 3187 3526 Ecclesiae
3227 3470 3551 3541 spirituales

1946 3567 2066 3628 alae,
2086 3574 2318 3638 propter
2335 3566 2623 3636 geminum
2644 3565 3069 3625 testamentum,
3093 3560 3317 3630 quodin
3332 3558 3552 3613 duode«

1950 3656 2057 3710 cim
2073 3655 2333 3709 tribubus
2357 3652 2636 3717 Israel,vel
2656 3651 2714 3704 in
2735 3648 3029 3704 duodecim
3046 3647 3315 3718 apostolis
3334 3647 3549 3702 inveni-

1949 3744 2201 3815 tur,ipsze
2224 3744 2323 3797 alae
2340 3759 2441 3813 per
2458 3739 2738 3795 binarium
2759 3737 3055 3793 duodecies
3077 3735 3542 3805 multiplicantur,

1949 3839 2005 3890 et
2028 3833 2221 3903 viginti
2247 3836 2489 3903 quatuor
2504 3830 2622 3883 alas
2646 3826 3014 3883 reddunt.Bis
3031 3825 3181 3880 enim
3197 3823 3440 3878 duodeni
3459 3822 3545 3878 vi-

1946 3921 2088 3992 ginti
2112 3925 2354 3992 quatuor
2373 3923 2522 3973 sunt.
2543 3917 2723 3971 Aliter
2742 3913 3122 3970 duodenarius
3140 3927 3549 3967 numeruscon—

1949 4015 2062 4065 stat
2077 4026 2142 4064 ex
2158 4008 2410 4080 partibus
2430 4004 2817 4078 septenarii,id
2833 4008 2919 4059 est
2936 4002 3192 4057 extribus
3211 4005 3268 4055 et
3278 4004 3541 4071 quatuor.

1951 4099 2076 4155 Sive
2097 4098 2267 4152 etiam
2303 4095 2572 4159 dicamus,
2605 4099 2693 4147 ter
2710 4091 2989 4164 quaterni,
3018 4090 3132 4145 sive
3166 4093 3369 4161 quater
3395 4086 3545 4142 terni

1948 4188 2241 4259 duodecim
2266 4187 2426 4254 ﬁunt,
2454 4185 2548 4257 qui
2570 4200 2840 4239 numerus
2886 4184 3139 4236 sacratus
3182 4183 3270 4233 est
3305 4192 3546 4233 numero

1946 4278 2240 4334 duodecim
2262 4276 2664 4347 apostolorum.
2695 4275 2761 4328 In
2776 4271 3024 4327 ternario
3038 4274 3227 4324 autem
3240 4268 3380 4323 ﬁdes
3409 4282 3544 4324 san-

260 4370 363 4419 aut
395 4365 530 4435 (illia
565 4382 763 4435 Passus
783 4372 869 4419 est
896 4370 960 4419 ut
987 4365 1318 4432 Vitulusased
1344 4365 1476 4435 (Ιαίῖί
1501 4364 1810 4419 ι’θειλΐΐθκίῐ
1829 4380 1863 4417 a
1880 4395 1931 4454 Β
1945 4373 2046 4423 ϐίω
2065 4365 2356 4422 Trinitatis
2374 4364 2799 4434 intelligitur.In
2822 4359 3182 4433 quaternario
3202 4360 3390 4413 autem
3408 4372 3546 4454 qua-

261 4453 506 4509 mortuis
535 4461 598 4508 ut
626 4454 879 4509 leo.Hinc
902 4455 1108 4509 Paulus
1130 4454 1265 4509 dicit
1293 4473 1307 4506 :
1342 4454 1410 4508 Et
1438 4453 1485 4507 si
1528 4470 1863 4508 noveramus
1880 4442 1927 4454 u
1952 4463 2079 4511 tuor
2099 4454 2294 4509 mundi
2314 4453 2778 4525 partes.Ducatur
2794 4466 2927 4520 ergo
2947 4446 3328 4503 duodenarius
3350 4461 3451 4516 per
3462 4442 3544 4498 bi-

261 4544 556 4600 Christum
586 4545 896 4599 secundum
922 4544 1273 4610 carnem,sed
1297 4545 1419 4614 jam
1446 4560 1597 4598 nunc
1626 4560 1739 4597 non
1760 4558 1865 4597 no-

259 4632 541 4695 vimus,ac
566 4633 613 4687 si
636 4632 879 4687 diceret:
923 4635 1050 4688 Non
1073 4635 1191 4704 jam
1222 4633 1281 4687 in
1310 4632 1648 4687 animalibus
1678 4631 1864 4685 homi-

258 4738 393 4776 nem
424 4723 833 4788 mortuum,sed
853 4723 1073 4777 leonem
1104 4722 1447 4778 attendimus
1480 4727 1605 4794 post
1620 4726 1859 4776 mortem

259 4815 319 4869 in
340 4818 618 4869 mternum
632 4811 1097 4867 victurum.Unde
1116 4812 1176 4866 in
1206 4812 1574 4884 sequentibus
1598 4812 1859 4882 legimus:

269 4903 409 4956 Vicit
440 4902 520 4954 leo
548 4902 610 4953 de
637 4901 788 4953 tribu
815 4902 962 4953 Juda
992 4900 1173 4969 (Apoc.
1198 4902 1273 4969 v).
1298 4902 1368 4955 Et
1410 4900 1588 4955 Jacob
1636 4901 1694 4953 in
1726 4917 1865 4972 per-

258 5007 403 5046 sona
427 4989 579 5044 illius
606 4989 857 5060 loquitur
883 4988 1077 5042 Judze:
1112 4991 1193 5043 Ad
1240 4991 1502 5057 praedam,
1529 4992 1617 5056 ﬁli
1638 4992 1738 5054 mi,
1770 5005 1861 5042 as-

261 5081 520 5144 cendisti,
544 5082 883 5148 requiescens
902 5078 1229 5141 accubuisti,
1264 5084 1324 5132 ut
1348 5082 1498 5144 teo,et
1521 5080 1683 5146 quasi
1711 5082 1864 5131 catu-

258 5169 350 5224 lus
376 5170 578 5229 leonis,
608 5172 733 5235 quis
750 5170 1035 5222 suscitabit
1051 5184 1175 5222 eum
1200 5173 1223 5220 ?
1245 5168 1403 5228 (Gen.
1435 5168 1755 5237 xux).Nam
1779 5166 1865 5220 di-

261 5263 402 5313 cunt
430 5257 528 5327 qui
566 5257 635 5311 de
662 5262 868 5312 natura
896 5256 1203 5311 bestiarum
1243 5257 1551 5327 disputant,
1585 5257 1734 5328 quod
1776 5257 1867 5311 leo

260 5364 377 5402 non
403 5346 613 5401 clausis
633 5346 808 5401 oculis
830 5347 1123 5413 dormit,et
1140 5347 1397 5402 Christus
1415 5352 1670 5401 mortuus
1689 5351 1775 5400 est
1803 5362 1870 5400 ex

260 5436 638 5497 humanitate,
672 5442 866 5490 tamen
886 5436 1136 5506 vigilavit
1172 5440 1226 5490 et
1272 5434 1631 5506 impassibilis
1662 5434 1873 5488 mansit

265 5524 889 5591 divinitate.Dormiens
918 5542 1144 5599 quoque
1172 5526 1258 5581 leo
1289 5525 1557 5592 nascitur,
1593 5529 1651 5579 et
1677 5524 1748 5578 ad
1774 5540 1871 5578 vo-

1946 4546 2255 4606 narium,et
2275 4542 2597 4597 efﬁciuntur
2609 4541 2803 4611 viginti
2818 4542 2876 4593 et
2887 4543 3147 4609 quatuor.
3169 4536 3291 4599 Quo
3307 4548 3541 4587 numero

1946 4650 2167 4689 summa
2186 4634 2491 4687 electorum
2512 4629 2857 4701 exprimitur,
2892 4625 3093 4698 quibus
3136 4623 3305 4677 ﬁdem
3331 4624 3541 4675 sancta:

1948 4721 2240 4778 Trinitatis
2260 4736 2360 4792 per
2380 4719 2578 4790 quadri
2586 4717 2852 4788 partitum
2874 4714 3065 4768 orbem
3086 4707 3535 4781 praedicantibus,

1946 4818 2100 4867 totus
2112 4809 2353 4864 mundus
2375 4808 2443 4861 ad
2454 4807 2703 4861 coelestia
2720 4801 3364 4859 sustollitur.Possumus
3375 4796 3543 4851 etbas

1947 4902 2063 4955 alas
2078 4916 2242 4955 senas
2266 4899 2430 4953 aliter
2447 4892 2973 4965 intelligere.Prima
2984 4891 3083 4943 ‘ala
3102 4886 3438 4957 intelligitur
3452 4885 3545 4942 lex

1942 4990 2234 5055 naturalis,
2256 4986 2499 5042 secunda
2514 4985 2603 5039 lex
2621 4980 2993 5054 Moysi,tertia
3014 4976 3322 5050 prophetia,
3343 4979 3548 5048 quarta

1947 5075 2535 5148 Evangelium,quinta
2555 5072 2818 5145 Epistolas
2835 5068 3238 5141 apostolorum,
3264 5071 3422 5121 sexta
3441 5082 3537 5121 ca-

1950 5166 2148 5221 nonica
2163 5161 2606 5227 auctoritas,sive
2617 5158 2870 5216 doctrina
2881 5156 3284 5211 catholicorum
3294 5154 3547 5208 virorum

1953 5254 2300 5326 Hieronymi,
2325 5250 2624 5323 Augustini
2645 5253 3086 5318 casterorumque
3104 5250 3425 5300 sanctorum
3436 5242 3547 5297 Pa-

1955 5350 2126 5399 trum.
2152 5344 2251 5397 His
2272 5343 2376 5397 alis
2396 5340 2645 5411 quotidie
2664 5344 2858 5393 sancta
2877 5336 3120 5391 Ecclesia
3140 5333 3470 5397 sustollitur,
3491 5333 3549 5384 et

1952 5435 2024 5488 ad
2046 5432 2294 5487 coalestia
2314 5428 2842 5485 sublevatur.Aliter
2861 5426 3118 5482 senarius
3141 5437 3408 5479 numerus
3424 5434 3547 5489 per—

1953 5523 2100 5577 tinet
2113 5522 2184 5576 ad
2205 5536 2431 5576 omnem
2452 5518 2660 5574 Christi
2685 5517 3218 5593 operationem,quze
3236 5512 3296 5565 in
3315 5524 3408 5562 sex
3422 5504 3546 5562 diee
