3992 6166
459 176 594 234 1015
941 176 1319 234 HAYMONIS
1351 177 1836 241 HALBERSTAT.
1872 177 2102 236 EPISC.
2131 172 2290 237 OPP.
2322 178 2508 236 PARS
2531 179 2559 237 Ι
2587 209 2652 223 --
2684 179 3058 242 COMMENT.
3086 181 3291 264 BIBL._
3587 180 3708 259 1016

451 301 559 356 viri
578 302 821 356 formata
838 302 1370 359 mulier.Ecclesiam
1389 306 1742 376 signiﬁcabat
1764 307 2388 372 ,exlatereAternitur.
2419 308 2579 364 Unde
2605 312 2789 379 etper
2835 308 3196 379 Evangelium
3243 307 3358 361 illis
3408 324 3442 361 a
3482 308 3700 363 Domino

460 391 671 446 Christi
708 390 766 446 in
818 408 980 448 cruce
1023 393 1320 464 pendentis
1379 394 1782 450 aediﬁcandam.
1812 397 2059 460 Quartus
2139 397 2374 451 dicitur:
2410 398 2538 451 Ecce
2566 398 2693 451 dedi
2732 399 2878 451 vobis
2914 402 3227 467 potestatem
3268 398 3524 450 calcandi
3561 413 3702 466 super

461 482 664 537 modus
692 486 797 545 est,
829 497 938 552 quo
963 482 1124 538 nobis
1149 484 1454 554 aliquando
1484 485 1729 556 proprie,
1756 485 2058 556 aliquando
2139 503 2356 542 omnem
2385 490 2649 541 virtutem
2677 489 2902 541 inimici
2923 489 3066 544 (Luc.
3086 490 3160 555 Χ),
3193 487 3403 543 Sextus
3431 487 3618 541 modus
3636 495 3709 543 est

466 587 599 631 vero
655 570 890 642 mystice
917 571 1196 626 Creatoris
1217 573 1395 626 nostri
1423 572 1685 627 divinitas
1714 573 1884 628 sacris
1931 574 2059 629 inti-
2140 574 2209 629 de
2235 575 2461 645 gemino
2490 575 2795 630 Salvatoris
2815 576 3193 646 adventu,quo
3216 575 3464 644 vigilans
3479 574 3712 630 discretio

467 664 659 715 matur
682 661 982 730 opusculis.
1013 661 1246 731 Proprie
1272 661 1484 716 scilicet
1508 662 1654 717 sicut
1680 663 1858 735 Moysi
1876 663 2014 717 dicit
2041 681 2053 717 :
2143 663 2460 718 adhibenda
2475 667 2655 729 est,ne
2675 669 2777 719 aut
2793 664 3008 734 primus
3020 664 3333 734 accipiatur
3353 680 3455 735 pro
3471 666 3712 732 secundo,

469 750 581 818 Ego
603 765 729 803 sum
758 752 858 817 qui
880 766 1024 813 sum,
1058 755 1107 803 et
1144 753 1221 804 sic
1250 751 1392 805 dices
1419 753 1553 818 ﬁliis
1575 755 1746 806 Israel
1772 771 1784 806 :
1829 753 1936 820 Qui
1962 757 2057 816 est,
2144 757 2245 808 aut
2267 753 2546 807 secundus
2574 769 2675 824 pro
2705 753 2909 824 primo.
2940 754 3115 823 Cujus
3140 753 3327 807 Judaei
3357 752 3558 823 ignari,
3585 754 3719 821 igno-

470 841 625 892 misit
646 854 730 892 me
754 840 827 891 ad
853 855 943 893 vos
966 840 1160 908 (Exod.
1186 844 1287 908 III).
1320 839 1558 911 Mystice
1587 857 1737 907 vero,
1766 846 1832 896 ut
1871 841 2057 896 omni-
2124 838 2340 896 ‘rantize
2360 841 2611 896 caecitate
2629 857 2780 895 nunc
2797 856 2977 912 usque
2995 839 3589 904 laborant,nescientes
3606 841 3719 912 quid

468 931 669 1018 patens
692 928 842 982 Deus
866 927 1010 981 sicut
1028 929 1345 998 plaustrum
1383 933 1647 984 onustum
1677 929 1803 985 feno
1824 930 2063 984 stridere
2153 930 2224 985 ad
2247 930 2657 1001 primum,quid
2685 931 2755 984 ad
2770 931 3078 985 secundum
3093 931 3212 1000 ejus
3234 930 3523 1018 pertineat
3539 930 3719 984 adven-

468 1017 531 1073 se
560 1018 715 1084 dicit,
746 1034 875 1071 cum
911 1018 1107 1088 gravia
1154 1018 1447 1072 hominum
1478 1024 1706 1088 peccata
1746 1025 1974 1090 portare
2010 1036 2069 1074 se
2148 1024 2292 1074 tum.
2317 1019 2544 1073 Primus
2563 1019 2752 1090 itaque
2786 1019 3124 1074 humilitatis
3151 1018 3260 1073 sibi
3283 1017 3716 1085 vindicatlocum,

465 1106 697 1173 indicat,
730 1107 815 1161 vel
864 1106 1006 1162 sicut
1036 1108 1211 1162 Isaias
1248 1124 1419 1179 super
1463 1108 1665 1163 solium
1705 1110 1980 1163 excelsum
2012 1114 2071 1163 et
2150 1108 2302 1163 unde
2321 1110 2916 1178 est:Prophetamvobis
2929 1111 3216 1162 suscitabit
3233 1109 3460 1162 Deusde
3476 1109 3721 1175 fratribus

470 1197 748 1251 elevatum
778 1196 974 1251 sedere
1002 1196 1267 1250 describit
1323 1197 1638 1261 Dominum,
1666 1197 1948 1268 angelicas
1985 1197 2063 1251 si-
2146 1201 2338 1253 vestris
2360 1203 2626 1266 tanquam
2657 1214 2742 1252 me
2769 1198 3033 1265 (Aot.vil).
3062 1203 3168 1251 etc.
3197 1197 3269 1250 Et
3299 1195 3434 1250 alibi
3458 1215 3470 1249 :
3501 1199 3614 1251 Post
3633 1198 3723 1251 hac

470 1286 745 1356 gniﬁcans
773 1289 1245 1356 potestates,quas
1266 1285 1369 1339 tibi
1404 1287 1473 1340 ad
1503 1286 1652 1357 quod
1680 1287 1919 1341 voluerit
1931 1287 2057 1341 sub-
2146 1290 2212 1341 in
2238 1292 2388 1340 terra
2415 1290 2565 1340 visus
2602 1291 2697 1353 est,
2729 1292 2778 1340 et
2796 1303 2924 1340 cum
2953 1287 3276 1340 hominibus
3297 1291 3641 1339 conversatus
3656 1290 3719 1339 est

470 1375 626 1444 jecit.
663 1374 906 1439 Quintus
934 1375 1136 1429 modus
1165 1380 1252 1429 est
1281 1374 1697 1446 parabolarum,
1718 1377 1814 1448 qui
1845 1382 1962 1431 tam
1983 1395 2069 1433 re-
2153 1374 2407 1443 (Baruch.
2432 1373 2859 1445 11|)_,caateraque
2879 1373 3226 1444 hujusmodi.
3255 1372 3548 1427 Secundus
3561 1379 3722 1428 autem

470 1461 593 1516 latu
630 1462 926 1517 verborum
941 1479 1110 1533 quam
1138 1467 1266 1517 actu
1293 1463 1585 1518 conﬁcitur
1612 1481 1866 1535 operum,
1890 1465 1985 1536 qui
2008 1465 2067 1519 in
2150 1462 2497 1517 celsitudinis
2516 1479 2580 1518 ac
2595 1462 2826 1518 terroris
2846 1461 3063 1517 obtinet
3080 1462 3384 1529 loca,unde
3397 1462 3726 1534 scriptumle-

471 1550 696 1606 tantum
715 1558 803 1606 est
846 1551 1138 1622 multiplex
1166 1556 1336 1623 atque
1363 1553 1632 1618 occultus,
1663 1558 1728 1608 ut
1750 1570 1863 1609 non
1888 1555 2069 1609 solum
2087 1584 2133 1643 Β
2150 1552 2505 1623 gimuszbeus
2524 1554 2816 1619 manifeste
2831 1552 3099 1606 veniet.Et
3114 1557 3249 1605 tunc
3270 1552 3533 1604 videbunt
3545 1552 3723 1603 Filium

473 1640 675 1705 multa,
706 1656 828 1711 quae
861 1641 1026 1709 juxta
1070 1640 1315 1694 litteram
1343 1657 1457 1695 non
1503 1647 1757 1712 possunt,
1785 1642 2067 1709 admittat,
2087 1640 2123 1643 _
2154 1643 2398 1697 hominis
2418 1644 2722 1695 venientem
2735 1645 2799 1695 in
2819 1641 3191 1695 nubibuscum
3217 1645 3478 1708 potestate
3490 1645 3725 1707 magnoet

471 1745 667 1784 verum
703 1729 875 1783 etiam
905 1727 1239 1800 quibusdam
1264 1729 1324 1784 in
1352 1729 1489 1784 locis
1518 1731 1791 1802 mysteria
1816 1736 2076 1786 narratu-
2153 1729 2936 1800 majestate(Marc.xm).I-linc
2956 1729 3078 1800 ipse
3093 1744 3195 1799 per
3213 1727 3553 1782 Malachiam
3580 1726 3721 1781 dicit:

468 1835 588 1886 rus,
611 1817 993 1873 testimonium
1015 1818 1085 1873 de
1112 1819 1345 1874 historia
1361 1835 1673 1882 assumens,
1704 1820 1890 1891 ipsum
1915 1820 2070 1876 litte-
2153 1820 2415 1876 Accedam
2429 1820 2602 1873 advos
2616 1822 2681 1874 in
2705 1820 2941 1888 judicio,
2974 1823 3026 1871 et
3040 1834 3133 1872 ero
3149 1822 3301 1871 testis
3329 1820 3484 1871 celox
3498 1818 3725 1883 maleﬁci:

469 1923 547 1962 rte
581 1911 802 1977 gestum
841 1907 1123 1962 immutat.
1154 1907 1445 1962 Parabolis
1473 1909 1623 1962 enim
1651 1908 1946 1963 verborum
1976 1909 2067 1965 hic
2148 1915 2201 1963 at
2225 1910 2495 1963 adulteris
2518 1914 2564 1963 et
2584 1911 2833 1978 perjuris
2859 1908 3102 1976 (GapJu)
3120 1906 3610 1978 Israel.Septimus
3622 1920 3726 1959 mo-

465 1996 669 2051 modus
696 1996 1006 2062 conﬁcitur,
1034 2013 1099 2051 ex
1130 1995 1332 2068 quibus
1355 2003 1440 2052 est
1466 1998 1637 2051 illud:
1683 2001 1871 2053 lerunt
1910 2002 2064 2067 ligna
2148 1996 2758 2069 dusest,quigeminam
2772 2001 3175 2068 praeceptorum
3187 1994 3723 2066 retinetqualitatem,

469 2090 535 2139 ut
561 2091 833 2152 ungerent
860 2101 1025 2153 super
1051 2099 1105 2138 se
1159 2101 1339 2153 regem
1385 2088 1578 2149 (Judic.
1612 2088 1703 2153 Ix),
1737 2092 1840 2141 etc.
1867 2088 2063 2159 Neque
2148 2088 2205 2141 id
2234 2092 2322 2142 est
2353 2087 2478 2141 vitae
2506 2086 2738 2157 agendae
2768 2086 3004 2156 vitaeque
3046 2084 3380 2156 ﬁgurandus.
3418 2085 3489 2138 Et
3522 2083 3719 2154 quidem

470 2173 620 2227 enim
632 2174 788 2243 ligna
813 2172 1104 2228 ambulare
1126 2179 1485 2244 possunt,aut
1511 2174 1616 2229 sibi
1646 2192 1838 2246 regem
1870 2177 2074 2231 consti-
2153 2176 2385 2247 agenda:
2412 2176 2540 2230 vitae
2566 2180 2842 2246 praecepta
2868 2190 3016 2229 nunc
3046 2191 3227 2245 usque
3258 2177 3513 2243 manent,
3542 2178 3602 2227 ut
3621 2177 3722 2225 est:

475 2267 655 2327 tuere,
690 2262 790 2315 sed
818 2262 972 2337 aliud
1002 2262 1282 2332 quoddam
1315 2279 1415 2333 per
1439 2280 1745 2334 congruam
1786 2265 2074 2335 signiﬁca-
2153 2267 2356 2332 Diliges
2376 2265 3037 2319 DominumDeumtuum
3066 2279 3136 2317 ea:
3158 2268 3268 2316 toto
3297 2264 3529 2328 corde.et
3552 2263 3719 2330 prori-

469 2350 685 2404 tionem
713 2350 1094 2421 metaphorice
1126 2350 1332 2406 talibus
1343 2351 1756 2423 Scripturarum
1778 2354 2071 2409 sententiis
2151 2371 2307 2409 mum
2334 2359 2494 2407 tuum
2510 2353 2656 2407 sicut
2675 2356 2907 2420 teipsum
2930 2355 2949 2410 (
2956 2353 3257 2419 Marcum).
3269 2351 3355 2405 vel
3371 2356 3568 2405 cetera
3592 2349 3722 2416 talia,

470 2439 773 2510 profertur.
801 2439 1126 2495 Immutavit
1148 2445 1358 2507 autem,
1388 2446 1453 2495 ut
1481 2442 1693 2496 dictum
1733 2448 1836 2510 est,
1892 2444 2070 2515 ipsius
2153 2459 2275 2513 quae
2292 2443 2461 2497 etiam
2479 2458 2628 2497 nunc
2648 2441 2965 2511 evangelica
2981 2440 3325 2495 auctoritate
3345 2439 3724 2509 servarijubena

467 2528 669 2582 litterae
696 2533 902 2586 textus.
934 2529 1236 2599 aliquando
1265 2536 1496 2601 propter
1525 2532 1823 2603 mysticum
1849 2533 2066 2588 intelle-
2150 2532 2410 2586 tui-.Vitze
2432 2548 2561 2585 vero
2586 2531 2896 2600 ﬁgurandaa
2923 2529 3222 2585 manifesta
3248 2530 3487 2584 veritate
3514 2529 3722 2582 transie-

467 2621 732 2682 ctum,ut
757 2617 817 2671 in
845 2618 1011 2672 titulo
1054 2619 1255 2689 psalmi
1306 2619 1577 2675 tricesimi
1632 2621 1786 2677 tertii
1838 2622 2064 2690 dicitur,
2146 2618 3725 2691 runt,utestcircumcisio,sabbatum.oblatiovictimarum.

464 2703 725 2760 Psalmus
772 2705 880 2776 ipsi
930 2706 1124 2772 David,
1157 2708 1381 2778 quando
1430 2712 1796 2767 commutavit
1850 2714 2067 2768 vultum
2154 2727 2276 2781 quae
2304 2711 2451 2764 sicut
2478 2710 2688 2763 dictum
2746 2715 2850 2773 est,
2882 2713 3136 2762 cessante
3164 2707 3386 2771 umbra,
3429 2708 3486 2760 in
3521 2706 3723 2759 veritate

468 2811 635 2849 suum
664 2811 853 2850 coram
881 2795 1222 2863 Abimelech,
1254 2803 1312 2850 et
1352 2797 1567 2853 dimisit
1621 2816 1749 2854 eum
1796 2805 1853 2854 et
1910 2801 2069 2868 abiit,
2155 2798 2524 2870 spiritualiter
2548 2803 2916 2869 peraguntur-
2951 2797 3060 2851 Sed
3092 2796 3226 2867 quia
3255 2796 3346 2850 hic
3368 2796 3508 2850 liber
3530 2796 3664 2850 intus
3679 2798 3726 2847 et

468 2899 596 2938 cum
616 2884 721 2939 hoc
767 2884 978 2939 factum
1017 2885 1094 2940 sit
1140 2902 1325 2940 coram
1376 2888 1547 2942 Achis
1574 2904 1706 2959 rege
1732 2889 1899 2955 Geth,
1931 2890 2076 2945 sicut
2158 2888 2293 2942 foris
2322 2888 2565 2958 scriptus
2593 2886 2765 2941 fuisse
2800 2884 3096 2955 asseritur,
3124 2885 3430 2939 videndum
3455 2889 3537 2938 est
3573 2884 3634 2937 de
3656 2881 3726 2935 his

471 2972 620 3027 liber
645 2973 862 3044 Regum
885 2979 1081 3028 narrat
1111 2976 1154 3043 (Ι
1176 2977 1296 3043 Reg.
1314 2985 1441 3043 XXI).
1468 2977 1609 3031 Cum
1632 2994 1766 3048 ergo
1788 2995 1890 3050 pro
1906 2980 2135 3053 Achisc
2159 2983 2374 3048 septem
2406 2975 2709 3047 modis,qui
2739 2973 2981 3028 debeant
3010 2975 3182 3040 intus,
3210 2974 3310 3044 qui
3340 2973 3631 3028 forinsecus
3649 2987 3716 3024 re-

468 3060 796 3116 Abimelech
826 3063 1075 3133 ponitur,
1104 3063 1300 3135 utique
1330 3065 1652 3120 ostenditur
1678 3083 1745 3120 ex
1775 3067 1952 3136 ipsius
1982 3068 2070 3121 in-
2159 3054 2623 3137 putarifPrimus
2662 3065 2852 3135 itaque
2879 3063 3201 3124 historicus,
3226 3064 3492 3134 idemque
3520 3061 3720 3132 simplex

470 3152 878 3221 terpretatione
907 3153 1151 3207 nominis
1183 3154 1365 3209 latens
1394 3155 1564 3209 altius
1598 3162 1898 3227 penetrare
1916 3174 2072 3228 mys-
2154 3154 2297 3207 nihil
2325 3154 2385 3207 in
2416 3169 2476 3209 se
2514 3152 2816 3223 mysticum
2854 3152 3125 3217 retinens,
3147 3156 3303 3206 totus
3335 3156 3421 3205 est
3457 3150 3599 3205 foris.
3637 3148 3720 3202 Sco

471 3238 698 3294 terium.
730 3239 1056 3295 Abimelech
1082 3242 1286 3313 quippe
1310 3242 1720 3314 interpretatur
1743 3245 1921 3315 patris
1963 3245 2074 3300 mei
2155 3243 2371 3298 cundus
2400 3241 2752 3312 allegoricus,
2765 3246 2918 3295 totus
2939 3241 3168 3295 omnino
3197 3240 3593 3296 intus.Tertius
3616 3252 3718 3291 vero

473 3344 731 3398 regnum,
765 3328 1087 3399 signiﬁcans
1129 3331 1371 3397 Judaaos,
1397 3332 1456 3385 in
1486 3348 1725 3402 quorum
1772 3339 2075 3404 conspectu
2158 3332 2459 3403 utriusque
2492 3331 2780 3401 geminam
2835 3331 2895 3383 in
2942 3346 3002 3383 se
3055 3330 3353 3384 continens
3401 3330 3640 3389 formam,
3666 3341 3723 3379 ex

473 3434 641 3472 verus
661 3417 838 3472 David
865 3434 1035 3474 manu
1087 3420 1249 3474 fortis
1287 3421 1561 3476 Dominus
1616 3423 1779 3477 Jesus
1818 3423 2077 3484 Christus
2159 3420 2730 3493 parteforis,exparte
2749 3419 3053 3491 deputatur
3071 3418 3244 3472 intus.
3274 3419 3518 3483 Quartus
3538 3431 3723 3488 quoque

474 3506 795 3561 immutavit
822 3507 1037 3562 vultum
1068 3510 1486 3580 suum,quando
1507 3527 1787 3582 apparens
1810 3511 1867 3565 in
1897 3512 2080 3566 forma
2161 3511 2232 3567 de
2262 3511 2397 3570 Deo,
2416 3509 2566 3580 apud
2580 3524 2746 3579 quem
2766 3523 2881 3562 non
2911 3514 2998 3562 est
3022 3508 3448 3573 transmutatio,
3471 3523 3567 3561 nec
3591 3503 3726 3558 vicis-

476 3595 642 3661 servi,
667 3596 987 3651 humiliavit
1008 3598 1372 3669 semetipsum
1402 3615 1580 3670 usque
1605 3602 1676 3654 ad
1696 3607 1934 3655 mortem
1951 3618 2081 3655 cru-
2163 3597 2428 3653 situdinis
2457 3597 2830 3662 obumbratio,
2863 3602 3102 3668 uterque
3131 3597 3337 3651 sensus
3403 3597 3549 3650 intus
3591 3592 3725 3647 debet

476 3684 578 3742 cis.
596 3687 837 3739 Vidimus
856 3702 981 3741 eum
1010 3703 1123 3741 non
1151 3687 1450 3742 habentem
1482 3689 1725 3759 speciem
1754 3706 1936 3761 neque
1982 3690 2080 3744 de-
2165 3688 2596 3758 accipi.Paa;1)ei
2614 3690 2902 3754 exsuperat
2932 3702 3147 3740 omnem
3168 3702 3395 3739 sensum
3421 3682 3662 3753 (Phil.1v),
3681 3684 3726 3733 et

480 3788 689 3839 corem,
715 3778 763 3826 et
791 3777 954 3841 quasi
979 3775 1327 3829 absconditus
1352 3780 1539 3830 vultus
1563 3781 1679 3846 ejus
1708 3783 1755 3831 et
1785 3780 2075 3848 despectus,
2166 3774 2288 3847 ejus
2311 3775 2690 3840 clementiam,
2719 3791 2841 3845 quae
2866 3774 2935 3828 de
2964 3791 3024 3829 se
3052 3774 3341 3844 ﬁguratim
3370 3773 3544 3828 multa
3564 3784 3726 3825 narra-

482 3863 629 3915 unde
659 3877 757 3915 nec
781 3866 1159 3930 reputavimus
1181 3881 1305 3917 eum
1333 3867 1473 3932 (lsa.
1502 3865 1636 3925 Lm).
1678 3866 1905 3921 Dimisit
1952 3884 2081 3922 eum
2163 3864 2443 3919 vitnullus
2455 3868 2842 3934 competenter
2854 3863 3355 3934 attingit.Quintus
3370 3879 3529 3934 porro
3541 3862 3727 3931 inpara-

482 3948 808 4004 Abimelech
828 3956 887 4004 et
914 3949 1071 4017 abiit,
1104 3950 1234 4022 quia
1251 3952 1510 4008 videlicet
1540 3953 1796 4008 Christus
1817 3971 1851 4009 a
1870 3954 2081 4009 Judaeis
2163 3954 2305 4009 bolis
2337 3952 2635 4008 verborum
2665 3953 2922 4015 diﬁ‘usus,
2965 3951 3305 4023 quibusdam
3332 3953 3499 4007 etiam
3540 3954 3725 4021 gestum

484 4038 719 4094 minime
736 4040 1093 4110 receptus,a‘d
1118 4046 1317 4110 gentes
1345 4058 1473 4095 cum
1502 4043 1768 4113 apostolis
1789 4044 2071 4102 transivit.
2165 4044 2369 4098 litterae
2394 4042 2709 4108 imitans,et
2727 4042 2796 4097 de
2817 4041 3060 4113 peccatis
3075 4048 3131 4096 et
3147 4042 3444 4096 adulteriis
3454 4038 3723 4099 hominum,

485 4128 647 4183 Unde
671 4128 810 4198 ipsis
838 4128 1049 4183 Paulus
1075 4128 1212 4183 dicit
1243 4148 1254 4183 :
1280 4119 1285 4125 ’
1310 4129 1480 4185 Vobis
1529 4131 1752 4201 quidem
1793 4132 2088 4204 oportebat
2171 4133 2258 4187 vel
2287 4131 2641 4203 prophetiam
2684 4147 2938 4201 operum,
2970 4131 3056 4184 vel
3110 4136 3327 4185 secreta
3386 4127 3722 4201 spiritualium

484 4217 641 4288 loqui
662 4216 891 4271 verbum
917 4217 1145 4283 Dei,sed
1175 4218 1305 4288 quia
1325 4218 1613 4289 repulistis
1632 4220 1788 4289 illud,
1814 4238 1939 4276 ecce
1952 4238 2087 4277 con-
2171 4237 2438 4277 sensuum
2459 4220 2637 4274 multa
2666 4218 3189 4291 praesignansﬁntus
3207 4220 3391 4275 modis
3411 4217 3727 4273 omnibusest

486 4305 761 4360 vertimur
790 4306 861 4359 ad
879 4312 1096 4374 gentes.
1128 4306 1444 4377 Aliquando
1470 4325 1600 4364 vero
1631 4310 1782 4364 idem
1811 4312 2010 4366 modus
2029 4312 2087 4365 in
2105 4309 2742 4382 Dreputandus.Sextus
2770 4308 2938 4362 etiam
2969 4308 3039 4362 de
3068 4309 3294 4379 gemino
3335 4306 3619 4364 Salvatoris
3645 4302 3726 4357 ad-

493 4393 777 4466 parabolis
796 4410 984 4448 rerum
1011 4394 1080 4449 de
1106 4394 1242 4465 ipsis
1262 4395 1431 4451 etiam
1453 4399 1696 4468 peccatis
1718 4399 2011 4455 hominum
2035 4404 2093 4455 et
2173 4403 2359 4465 ventu,
2384 4398 2551 4453 certis
2599 4399 2776 4452 claret
2823 4397 3183 4459 testimoniis.
3215 4398 3355 4452 foris
3411 4398 3469 4451 in
3505 4396 3726 4467 promptu

491 4481 1033 4553 transgressionibus
1062 4483 1445 4540 adulterorum
1468 4487 1818 4558 prophetiam
1841 4489 2094 4544 insinuat
2172 4488 2408 4559 positus,
2430 4487 2599 4541 certis
2631 4486 2782 4541 intus
2811 4487 2951 4540 latet
2980 4487 3250 4553 occultus,
3275 4492 3340 4541 ut
3367 4492 3426 4541 et
3471 4480 3725 4539 dubitatio-

492 4588 726 4645 0perum
754 4573 1093 4640 futurorum,
1118 4574 1263 4628 sicut
1282 4574 1490 4630 factum
1526 4592 1647 4631 esse
1665 4576 1725 4631 in
1752 4577 1929 4632 David
1958 4594 2091 4633 con-
2172 4593 2302 4632 nem
2331 4576 2567 4642 auferat,
2591 4580 2648 4629 et
2675 4575 2868 4629 ﬁdeles
2897 4575 3462 4646 exerceat.Septimus
3491 4573 3556 4627 ad
3578 4574 3725 4625 extre-

493 4666 628 4728 stat,
659 4661 756 4733 qui
779 4677 1010 4718 uxorem
1042 4662 1189 4718 Uriae
1218 4661 1322 4716 sibi
1349 4664 1672 4735 assumpsit,
1697 4681 1864 4735 quam
1895 4665 1965 4719 de
2006 4682 2097 4720 so-
2174 4681 2331 4719 mum
2359 4665 2416 4719 in
2436 4664 2728 4736 praeceptis
2765 4663 2890 4718 vitae
2930 4664 3159 4735 agendae
3194 4663 3354 4727 foris,
3386 4665 3444 4717 in
3480 4654 3725 4733 precepﬁs

492 4751 636 4806 lario
666 4751 861 4807 videns
879 4752 1259 4823 concupierat,
1287 4758 1345 4806 et
1372 4752 1558 4824 ipsum
1612 4754 1799 4824 gladio
1849 4754 2090 4825 peremit
2169 4758 2359 4809 autem
2386 4753 2514 4807 vitae
2562 4752 2870 4823 figurandus
2899 4752 3053 4806 intus
3075 4753 3234 4806 latet.
3264 4752 3381 4806 Hos
3409 4750 3592 4805 modos
3621 4748 3726 4799 ante

492 4840 573 4907 (ΙΙ
594 4840 1109 4910 Reg.u).Signiﬁcat
1135 4841 1342 4912 quippe
1369 4841 1429 4895 in
1458 4841 1564 4895 hoc
1587 4842 1709 4896 loco
1736 4826 1912 4897 David
1932 4843 2089 4897 Chri-
2169 4841 2593 4913 Redemptionis
2624 4841 2851 4912 quidem
2878 4846 3102 4912 tempus
3120 4840 3607 4910 absconditos,ipso
3620 4846 3724 4888 vero

492 4931 666 4994 stum,
699 4928 796 4997 qui
821 4928 891 4983 de
910 4929 1049 4983 caelo
1078 4929 1519 4984 misericorditer
1529 4947 1763 4985 cernens
1783 4931 2088 4986 Ecclesiam
2170 4930 2543 5001 redemptoris
2567 4935 2821 5000 tempore
2833 4946 2933 5001 per
2954 4929 3245 4985 Christum
3269 4935 3436 5001 atque
3460 4920 3516 4982 in
3540 4922 3724 4981 Christo

493 5015 554 5070 in
585 5032 689 5070 sua
715 5017 1621 5091 praedestinationeJavacroaquae
1647 5021 1705 5074 in
1735 5020 1902 5076 verbo
1924 5038 2091 5076 mun-
2173 5018 2431 5075 novimus
2476 5019 2771 5073 revelatos.
2803 5019 2882 5072 Ex
2924 5018 3126 5090 quibus
3164 5024 3391 5073 sanctus
3434 5009 3724 5072 Ambrosius

496 5104 762 5172 dandam,
792 5107 1110 5177 concupivit
1135 5123 1260 5162 eam
1290 5109 1574 5179 providus,
1622 5114 1686 5164 ut
1728 5110 2093 5180 justiﬁcatam
2176 5109 2459 5164 luculento
2490 5113 2550 5162 et
2573 5108 2807 5179 pulchro
2830 5109 3164 5179 quamplura
3180 5107 3431 5180 loquitur
3465 5104 3611 5176 stylo.

493 5193 603 5251 sibi
630 5195 998 5265 conjungeret
1014 5196 1318 5267 legitimus.
1353 5198 1461 5253 Sed
1492 5205 1557 5252 ut
1575 5198 1901 5254 Bethsabeaa
1921 5200 2095 5255 David
2247 5199 2313 5252 Et
2334 5198 2451 5251 vidi
2467 5200 2730 5265 angelum
2740 5198 2958 5265 fortem,
2983 5198 3375 5266 praedicantem
3395 5211 3506 5249 voce
3523 5201 3721 5257 magna:

491 5280 956 5356 jungatur,Urias
971 5285 1055 5339 vir
1071 5286 1194 5356 ejus
1210 5287 1715 5359 interﬁcitur.quia
1734 5296 1799 5342 ut
1812 5290 2095 5359 justorum
2179 5287 2310 5355 Quis
2338 5293 2415 5340 est
2439 5288 2642 5355 dignus
2669 5289 2885 5355 aperire
2920 5288 3129 5340 librum
3157 5290 3208 5340 et
3245 5288 3442 5339 solvere
3474 5276 3721 5349 signacula

493 5374 744 5430 Ecclesia
769 5374 980 5430 scelesti
998 5391 1203 5447 sponso
1228 5376 1531 5444 adhereat,
1556 5377 1777 5448 antiqui
1801 5378 1980 5433 hostis
1992 5378 2097 5432 vir-
2176 5380 2293 5445 ejus
2317 5381 2341 5429 ?
2364 5376 2500 5441 Quis
2520 5379 2607 5431 est
2620 5375 2729 5429 iste
2743 5374 3016 5446 angelus?
3037 5372 3315 5429 Nimirum
3331 5369 3551 5444 quilibet
3563 5367 3722 5421 doctor

491 5469 587 5524 tus
610 5463 1049 5541 confringituret
1075 5465 1313 5547 pedibus
1332 5465 1640 5531 electorum
1658 5466 1928 5522 calcanda
1940 5484 2096 5547 pros-
2174 5465 2394 5525 Veteris
2419 5464 2956 5521 Testamenti.Labia
2974 5466 3125 5517 cnim
3145 5463 3432 5518 sacerdotis
3451 5454 3719 5513 custodiunt
