3992 6166
288 266 430 328 1017

1216 272 1597 329 EXPOSITIO
1628 273 1702 328 IN
1732 268 2252 326 APOCALYPSIN.
2292 298 2363 312 —
2391 267 2532 323 LIB.
2565 268 2638 322 II.

3421 256 3561 317 1018

287 401 600 469 scientiam,
638 408 687 456 et
711 405 878 470 legem
918 402 1217 468 requirunt
1246 418 1311 454 ea:
1338 418 1430 456 ore
1458 406 1595 471 ejus,
1619 404 1753 470 quia
1787 413 1889 452 an-
1907 397 1956 455 A
1976 395 2104 451 Filii
2131 396 2231 451 Dei
2255 395 2658 467 prainuntians,
2691 395 2906 450 caeteris
2944 394 3382 449 consolationem
3417 406 3563 463 prae-

285 490 443 557 gelus
471 492 701 545 Domini
742 491 1085 545 exercituum
1131 494 1206 543 est
1254 491 1516 559 (Malae/1.
1554 495 1634 556 ιι).
1686 486 1886 563 Angcli

289 580 503 651 quippe
532 578 753 634 Veteris
778 578 1146 644 Testamenti,
1185 577 1242 631 id
1271 583 1357 633 est
1379 579 1558 634 sancti
1602 578 1887 650 prophetae

287 672 349 721 et
376 667 708 737 patriarchae
733 666 1101 738 requirebant
1127 666 1292 721 anxie
1321 667 1446 738 quis
1489 672 1680 739 posset
1706 667 1886 736 legem

286 755 661 826 spiritualiter
696 755 1122 826 intelligendam
1177 772 1449 810 reserare.
1495 756 1653 821 Quod
1699 761 1888 809 autem

285 843 444 910 dicit,
479 844 604 915 quis
643 849 731 899 est
781 844 986 914 dignus
1031 844 1252 914 aperire
1296 843 1524 912 librum,
1573 850 1631 899 et
1676 844 1890 898 solvere

288 933 584 1004 signacula
613 934 755 1004 ejus,
788 937 1163 1005 praeposterus
1193 933 1330 987 ordo
1376 934 1507 988 est?
1538 932 1701 988 Prius
1738 931 1888 986 enim

288 1022 430 1077 dicit
453 1022 659 1077 librum
691 1023 930 1095 aperire,
961 1027 1021 1077 et
1048 1022 1129 1077 sic
1155 1022 1447 1092 signacula
1495 1022 1616 1092 ejus
1662 1019 1886 1083 resolvi,

289 1128 421 1167 cum
446 1111 603 1183 prius
615 1112 905 1182 signacula
925 1111 1039 1166 sint
1057 1111 1406 1175 resolvenda,
1427 1115 1732 1181 posteaque
1750 1108 1891 1163 liber

1967 483 2408 549 bcbat.Quorum
2424 501 2570 539 unus
2585 483 2831 538 dicebat:
2850 486 2972 538 Non
2986 484 3277 551 auferetur
3291 485 3561 550 sceptrum

1967 576 2030 628 de
2049 574 2200 628 tribu
2219 576 2385 638 Juda,
2410 580 2515 628 etc.
2541 574 2612 628 Et
2629 573 2833 627 iterum
2863 590 2875 625 :
2899 572 3161 628 Salutare
3192 577 3352 626 tuum
3375 584 3564 637 exspe-

1971 664 2142 729 ctabo,
2156 664 2388 716 Domine
2402 662 2548 730 (Gen.
2574 663 2746 727 XLIX).
2769 662 2911 716 Dum
2933 660 3081 715 enim
3103 660 3215 714 ista
3232 659 3460 723 diceret,
3482 672 3570 710 os-

1972 749 2242 804 tendebat
2258 749 2454 820 utique
2474 749 2680 804 librum
2698 750 2856 803 illum
2874 765 2974 820 per
2988 748 3056 803 ad
3067 752 3294 803 ventum
3310 745 3437 801 Filii
3465 741 3568 798 Dei

1972 839 2359 905 reserandum,
2391 838 2541 893 unde
2570 843 2628 892 et
2654 837 3014 908 subjungitur
3043 855 3055 890 :
3087 838 3215 891 Ecce
3251 838 3382 890 vicit
3407 836 3483 887 leo
3503 833 3567 887 de

1973 929 2125 981 tribu
2150 929 2319 993 Juda,
2352 933 2456 982 etc.
2478 928 2589 982 Leo
2619 928 2936 999 appellatur
2959 926 3220 982 Christus
3248 922 3569 997 persigniﬁ-

1971 1016 2271 1081 cationem,
2304 1016 2439 1087 quia
2462 1016 2638 1071 victor
2664 1033 2700 1070 a
2730 1016 2970 1071 mortuis
3014 1013 3335 1071 resurrexit.
3374 1014 3567 1082 Agnus

1971 1109 2204 1176 propter
2226 1104 2683 1173 victimationem,
2706 1106 2834 1175 quia
2863 1105 3085 1159 oblatus
3095 1108 3182 1159 est
3199 1119 3301 1176 pro
3320 1101 3484 1156 nobis
3507 1100 3567 1155 in

289 1198 631 1269 aperiendus
650 1200 923 1264 est.Quod
943 1206 1135 1253 tamen
1149 1199 1229 1253 ita
1250 1198 1460 1253 factum
1475 1198 1721 1268 est,quia
1739 1197 1895 1268 prius
1976 1194 2251 1248 cruce.De
2266 1193 2419 1248 tribu
2434 1194 2462 1248 J
2470 1193 2597 1259 uda,
2615 1193 2744 1264 quia
2777 1192 3036 1247 videlicet
3059 1210 3123 1247 ex
3157 1193 3373 1247 semine
3408 1191 3437 1245 J
3442 1189 3566 1244 udae

290 1279 571 1342 Dominus
600 1287 808 1342 librum
842 1289 1083 1359 aperuit,
1104 1288 1160 1342 id
1186 1293 1271 1342 est
1299 1288 1643 1359 Scripturam
1675 1286 1896 1340 Veteris
1980 1282 2267 1337 descendit
2290 1282 2487 1348 David,
2517 1282 2586 1336 de
2629 1284 2791 1351 cujus
2837 1282 3011 1352 stirpe
3055 1281 3163 1336 fuit
3201 1280 3369 1334 beata
3411 1279 3566 1349 virgo

286 1376 641 1431 Testamenti
669 1377 726 1432 in
755 1394 815 1432 se
852 1377 1034 1433 factus
1068 1361 1235 1431 homo
1255 1377 1571 1448 complevit,
1603 1375 1753 1430 unde
1774 1376 1894 1446 ipse
1976 1370 2175 1438 Maria,
2198 1371 2437 1442 ideoque
2456 1370 2613 1425 radix
2648 1368 2827 1423 David
2864 1369 3200 1440 appellatur,
3222 1369 3385 1438 juxta
3420 1365 3571 1438 quod

286 1463 428 1519 dicit
459 1482 472 1519 :
510 1465 635 1519 Non
665 1469 791 1519 veni
803 1465 1009 1520 solvere
1040 1466 1330 1533 legem,sed
1348 1467 1650 1534 adimplere
1667 1465 1887 1535 (Matth.
1974 1458 2152 1514 Isaias
2180 1459 2318 1514 dicit
2339 1466 2402 1529 (c.
2436 1458 2525 1527 x1)
2550 1474 2562 1508 :
2595 1459 2925 1527 Egredietur
2952 1461 3113 1525 virga
3131 1459 3193 1511 de
3211 1458 3395 1510 radice
3407 1457 3568 1519 Jesse,

286 1556 367 1621 ν).
398 1554 469 1608 Et
514 1553 594 1607 sic
639 1554 867 1608 demum
917 1570 1223 1624 resurgens
1269 1572 1301 1608 a
1346 1553 1586 1608 mortuis
1625 1553 1893 1607 reseravit
1973 1553 2022 1601 et
2059 1551 2158 1618 ﬂos
2182 1551 2248 1603 de
2266 1550 2454 1604 radice
2479 1552 2595 1618 ejus
2613 1548 3043 1602 ascendet.Ecce
3064 1546 3285 1617 (inquit)
3308 1544 3439 1599 vicit
3460 1543 3569 1597 leo.

286 1642 496 1712 sigilla,
529 1630 756 1714 quando
784 1643 1075 1714 discipulis
1113 1644 1231 1698 suis
1268 1643 1490 1714 aperuit
1519 1659 1642 1714 quae
1683 1641 1919 1714 scripta
1973 1636 2120 1701 Quid
2151 1637 2278 1692 vicit
2303 1637 2393 1692 leo
2421 1637 2549 1703 iste,
2579 1636 2633 1689 id
2663 1641 2749 1691 est
2777 1636 3071 1691 Christus?
3089 1634 3576 1700 Diabolum,mun—

288 1736 461 1786 erant
489 1732 558 1786 de
587 1748 652 1786 eo
677 1731 737 1786 in
767 1733 891 1803 lege
920 1713 1101 1804 Moysi
1131 1739 1190 1787 et
1214 1713 1502 1804 prophetis
1531 1738 1589 1787 et
1627 1732 1888 1787 Psalmis.
1911 1713 1957 1773 Β
1975 1726 2131 1790 dum,
2156 1731 2396 1781 mortem
2429 1730 2484 1780 et
2506 1723 3073 1795 infernum.Ideoque
3097 1723 3305 1777 librum
3327 1721 3569 1793 aperuit,

360 1822 431 1875 Et
466 1837 624 1875 nemo
640 1826 874 1889 poterat,
908 1837 1079 1891 neque
1108 1825 1170 1876 in
1198 1825 1341 1888 certo,
1370 1822 1426 1875 id
1454 1827 1540 1875 est
1565 1822 1626 1876 in
1654 1821 1889 1891 angelis,

288 1925 466 1979 neque
493 1914 556 1964 in
587 1914 759 1973 terra,
793 1909 853 1964 id
883 1916 970 1964 est
1011 1910 1068 1964 in
1113 1910 1452 1975 hominibus,
1485 1926 1656 1977 neque
1706 1914 1770 1964 in
1800 1914 1894 1965 in-

290 1999 476 2064 ferno,
512 1998 568 2051 id
600 2004 687 2051 est
716 1998 773 2055 in
824 1997 1122 2053 animabus
1162 1999 1281 2068 jam
1324 2015 1557 2069 corpore
1599 1998 1890 2069 exemptis,

288 2088 514 2154 aperire
541 2087 772 2150 librum,
807 2086 863 2140 id
894 2091 981 2141 est
1002 2086 1273 2157 mysteria
1305 2086 1719 2157 Scripturarum
1741 2103 1895 2141 rese-

289 2190 442 2241 rare,
476 2174 605 2245 quia
646 2175 884 2229 necdum
932 2175 1225 2246 plenitudo
1266 2175 1536 2246 temporis
1571 2175 1892 2243 advenerat,

290 2263 521 2333 quando
544 2263 679 2317 talia
706 2280 890 2334 preco
929 2264 1068 2334 legis
1112 2263 1335 2334 impleri
1376 2262 1686 2334 ﬂagitabat.
1734 2262 1898 2330 Quod

288 2367 423 2405 vero
441 2351 650 2405 dicitur
672 2369 683 2403 :
710 2353 893 2420 Neque
912 2354 1177 2420 respicere
1204 2351 1605 2419 ittum,mirum
1627 2357 1743 2420 est;
1768 2369 1897 2406 cum

290 2438 364 2494 de
412 2456 473 2493 se
518 2441 763 2495 Joannes
806 2440 1011 2495 dixerit
1060 2440 1360 2511 superius:
1394 2440 1522 2493 Vidi
1564 2440 1622 2494 in
1668 2441 1899 2495 dextera

293 2529 549 2583 sedentis
578 2528 808 2585 librum.
843 2528 903 2584 Si
933 2529 1082 2583 enim
1115 2546 1281 2583 nemo
1311 2546 1493 2600 neque
1518 2530 1574 2583 in
1606 2531 1764 2596 coelo,
1795 2546 1896 2584 ne-

294 2632 409 2688 que
434 2617 493 2671 in
520 2623 694 2681 terra,
724 2634 908 2689 neque
937 2617 1041 2671 sub
1065 2624 1219 2671 terra
1266 2624 1507 2688 poterat
1525 2619 1801 2699 respicere
1828 2619 1897 2672 li-

294 2706 486 2767 brum.
530 2707 812 2777 quomodo
841 2707 937 2760 ille
968 2712 1190 2777 poterat
1217 2723 1348 2761 eum
1389 2706 1620 2761 videre?
1646 2708 1762 2762 Aut
1799 2706 1898 2761 ubi

291 2792 486 2859 fuerit,
506 2797 608 2847 aut
627 2793 879 2864 nunquid
904 2793 955 2847 ei
981 2792 1086 2847 soli
1124 2809 1452 2847 concessum
1482 2799 1586 2853 est,
1610 2794 1761 2864 quod
1791 2809 1892 2848 ne-

293 2880 438 2935 mini
467 2887 569 2935 aut
591 2881 884 2936 hominum
916 2887 1017 2937 aut
1046 2882 1376 2952 angelorum
1406 2881 1745 2953 permissum
1768 2882 1896 2937 est?

294 2970 409 3024 Sed
434 2970 715 3042 respicere
744 2970 834 3025 hic
858 2971 1103 3042 positum
1134 2976 1238 3037 est,
1270 2987 1373 3043 pro
1407 2987 1472 3025 eo
1507 2971 1657 3042 quod
1695 2978 1781 3025 est
1807 2970 1897 3025 di-

1976 1820 2034 1870 et
2059 1814 2242 1885 sigilla
2272 1815 2395 1884 ejus
2415 1814 2598 1881 solvit,
2632 1813 2766 1885 quia
2803 1813 2994 1867 omnia
3017 1812 3175 1884 prius
3195 1810 3573 1882 praenuntiata

1975 1904 2045 1958 de
2085 1920 2145 1958 se
2168 1904 2396 1958 veniens
2441 1904 2500 1957 in
2546 1903 2823 1957 mundum
2869 1902 3141 1973 implevit.
3185 1902 3302 1957 Nec
3349 1903 3574 1954 moveat

1976 1993 2300 2063 quempiam
2319 2008 2494 2062 quare
2523 2008 2636 2046 non
2663 1991 2802 2045 dicit
2824 1992 3022 2058 vincet,
3054 2007 3184 2045 cum
3212 1989 3286 2044 sit
3307 2005 3408 2043 vox
3428 2004 3574 2060 prae—

1977 2081 2293 2136 cedentium
2323 2081 2577 2146 Patrum,
2611 2081 2745 2152 quia
2766 2097 2925 2135 sacra
2954 2080 3243 2151 Scriptura
3272 2095 3417 2149 saepe
3437 2093 3575 2149 prie-

1974 2170 2207 2224 teritum
2225 2169 2384 2240 ponit
2404 2186 2504 2240 pro
2525 2169 2739 2235 futuro,
2761 2174 2826 2223 ut
2845 2172 2931 2223 est
2948 2168 3087 2222 illud
3114 2188 3125 2222 :
3160 2170 3433 2223 Foderunt
3456 2181 3576 2219 ma-

1979 2274 2084 2312 nus
2115 2274 2262 2312 meas
2289 2263 2340 2311 et
2359 2259 2519 2325 pedes
2548 2274 2692 2311 meos
2722 2260 2893 2328 (Psat.
2925 2260 3024 2325 x1).
3056 2257 3123 2311 Et
3147 2258 3283 2323 vidi,
3303 2260 3351 2309 et
3379 2269 3490 2308 ecce
3509 2255 3575 2307 in

1977 2348 2153 2401 medio
2172 2347 2361 2400 throni
2370 2352 2420 2400 et
2434 2352 2679 2414 quatuor
2694 2348 3110 2412 animalium,et
3132 2347 3195 2399 in
3208 2344 3384 2398 medio
3403 2345 3578 2397 senio-

1977 2452 2111 2488 rum
2126 2451 2339 2503 agnum
2359 2440 2599 2489 stantem
2630 2441 2901 2504 tanquam
2931 2436 3189 2488 occisum.
3222 2432 3381 2488 Sicut
3404 2445 3577 2502 supra

1978 2524 2187 2578 dictum
2222 2527 2326 2589 est,
2354 2524 2458 2577 hoc
2473 2528 2560 2578 est
2585 2524 2841 2589 thronus,
2857 2522 3004 2593 quod
3029 2527 3272 2593 quatuor
3284 2519 3572 2583 animalia,

1977 2613 2082 2667 hoc
2103 2612 2276 2667 etiam
2297 2612 2567 2673 seniores.
2588 2612 2737 2683 quod
2763 2616 3007 2683 quatuor
3031 2609 3316 2675 animalia,
3339 2615 3395 2663 et
3414 2608 3575 2662 thro-

1979 2719 2109 2771 nus,
2154 2703 2260 2756 hoc
2308 2707 2395 2757 est
2437 2703 2621 2756 omnis
2670 2701 2936 2767 Ecclesia,
2983 2702 3042 2755 in
3088 2702 3249 2772 cujus
3274 2698 3459 2754 medio
3489 2702 3576 2753 est

1979 2790 2427 2861 Christus.juxta
2442 2790 2615 2845 illud:
2647 2792 2776 2845 Ecce
2805 2807 2896 2858 ego
2925 2793 3102 2855 venio,
3133 2795 3183 2843 et
3229 2789 3483 2843 habitabo
3510 2791 3577 2841 in

1978 2881 2156 2933 medio
2189 2883 2275 2934 tui
2307 2880 2498 2948 (Zach.
2540 2882 2623 2948 ιι).
2659 2879 2930 2950 Superius
2961 2878 3097 2932 dicit
3131 2879 3393 2945 Joannes,
3424 2876 3577 2947 quod

1977 2968 2182 3023 viderit
2209 2968 2451 3022 similem
2480 2968 2625 3022 Filio
2650 2967 2894 3022 hominis
2908 2967 3291 3022 ambulantem
3310 2967 3369 3021 in
3391 2964 3576 3020 medio

290 3075 407 3129 gne
437 3060 929 3131 comprehendere.
965 3059 1101 3124 Quis
1127 3060 1277 3114 enim
1307 3059 1634 3131 angelorum
1674 3060 1763 3114 vel
1792 3050 1959 3114 ho-C
1981 3062 2195 3128 septem
2227 3056 2694 3112 candelabrorum
2722 3073 3044 3111 aureorum.
3075 3056 3289 3111 Deinde
3319 3055 3469 3127 quod
3498 3054 3578 3107 vi-

294 3148 519 3202 minum
545 3148 1025 3219 comprehendere
1053 3153 1258 3220 potest,
1291 3149 1571 3220 quomodo
1601 3149 1696 3203 ille
1725 3149 1896 3203 incir-

300 3236 680 3308 cumscriptus
718 3243 775 3291 et
809 3238 1115 3292 viviﬁcator
1133 3237 1366 3309 spiritus
1385 3238 1538 3292 intra
1553 3245 1776 3293 uterum
1792 3238 1900 3292 vir-

294 3325 449 3398 ginis
474 3325 551 3379 sit
574 3325 895 3380 animatus?
924 3327 1216 3390 Quomodo
1247 3327 1342 3381 ille
1380 3333 1509 3398 post
1535 3328 1901 3382 resurrectio-

294 3430 428 3468 nem
456 3429 651 3468 verum
681 3431 884 3486 corpus
915 3419 972 3468 et
999 3414 1281 3486 palpabile
1310 3415 1542 3484 habens,
1574 3416 1782 3471 clausis
1815 3418 1902 3487 ja-

296 3502 449 3568 nuis,
481 3503 634 3557 intra
660 3504 869 3558 solidos
894 3504 1137 3575 parietes
1182 3505 1254 3558 ad
1282 3504 1584 3576 discipulos
1631 3505 1901 3560 intravit?

297 3592 505 3646 Nullus
529 3592 720 3663 itaque
750 3593 994 3663 qualiter
1034 3609 1069 3646 a
1096 3593 1198 3647 Dei
1228 3593 1369 3647 Filio
1397 3595 1778 3666 compleretur
1812 3610 1901 3648 ra-

298 3681 456 3734 tione
479 3680 681 3735 mentis
701 3686 921 3751 poterat
941 3682 1437 3752 comprehendere,
1454 3683 1602 3737 sicut
1625 3690 1682 3737 et
1708 3682 1850 3737 illud
1882 3700 1895 3736 :

302 3770 719 3824 Generationem
740 3773 856 3838 ejus
884 3773 1009 3839 quis
1035 3773 1325 3824 enarrabit
1345 3777 1369 3823 ?
1397 3772 1525 3841 (lsa.
1551 3777 1695 3839 Lm).
1714 3772 1780 3825 Et
1811 3788 1903 3838 ego

296 3858 499 3927 ﬂebam
512 3859 756 3911 multum
767 3861 865 3927 qui
877 3874 911 3911 a
928 3874 1087 3912 nemo
1097 3861 1356 3913 inventus
1368 3864 1441 3913 est
1455 3861 1657 3926 dignus
1679 3862 1741 3912 in
1754 3864 1905 3912 terra

298 3948 521 4014 aperire
550 3949 780 4013 librum,
815 3964 912 4001 nec
947 3949 1131 4001 ridere
1156 3964 1306 4002 emn.
1334 3947 1617 4012 Quaeritur
1635 3964 1760 4001 cum
1780 3949 1902 4018 jam

301 4034 530 4106 quando
560 4034 758 4090 beatus
784 4037 1031 4091 Joannes
1076 4036 1186 4091 ista
1228 4035 1468 4103 videbat,
1510 4037 1617 4091 iste
1663 4037 1807 4091 liber
1836 4037 1905 4092 de

302 4140 415 4195 quo
441 4140 615 4195 supra
640 4125 853 4179 dictum
881 4131 986 4191 est,
1026 4120 1135 4196 per
1181 4125 1514 4197 mysterium
1567 4126 1901 4193 nativitatis,

297 4212 602 4284 passionis,
631 4215 1082 4279 resurrectionis,
1132 4215 1495 4281 ascensionis,
1529 4220 1587 4269 et
1632 4216 1905 4270 adventus

303 4301 550 4372 Spiritus
570 4302 749 4355 sancti
761 4303 934 4357 fuerit
955 4304 1253 4369 revelatus,
1278 4320 1380 4358 cur
1399 4320 1459 4358 se
1477 4304 1694 4359 ﬂevisse
1709 4305 1861 4360 dicat
1880 4303 1906 4358 ‘?

1979 3146 2129 3200 derit
2156 3146 2463 3212 sedentem,
2497 3161 2647 3200 nunc
2680 3152 2868 3199 autem
2900 3144 3209 3215 subjungit,
3244 3144 3393 3215 quod
3420 3143 3576 3197 vide-

1982 3235 2060 3289 rit
2085 3251 2292 3306 agnum
2325 3239 2590 3300 stantem,
2615 3234 2763 3305 quod
2793 3233 2985 3288 taliter
3012 3238 3098 3287 est
3123 3232 3572 3303 intelligendum:

1979 3323 2249 3378 Ambulat
2273 3324 2564 3385 Dominus,
2595 3323 2819 3394 quando
2857 3323 3007 3377 dona
3043 3321 3442 3376 misericordiae
3465 3336 3578 3375 suae

1983 3412 2099 3467 suis
2133 3412 2321 3467 electis
2346 3411 2564 3477 tribuit,
2599 3412 2696 3465 alii
2726 3412 2938 3466 scilicet
2962 3411 3204 3482 gratiam
3233 3410 3577 3480 linguarum,

1983 3501 2081 3555 alii
2101 3502 2597 3572 interpretationes
2624 3517 2972 3555 sermonum.
3000 3500 3168 3555 Sedet
3202 3515 3333 3553 vero
3354 3496 3580 3568 quando

1984 3591 2335 3660 singulorum
2364 3591 2515 3644 facta
2545 3589 2836 3659 dijudicat,
2871 3594 2985 3642 stat
3010 3588 3234 3659 quando
3254 3603 3351 3641 eos
3365 3591 3583 3640 certan-

1966 3683 2070 3733 ‘tes
2092 3679 2339 3750 adjuvat.
2374 3676 2538 3732 Stare
2568 3677 2721 3730 enim
2744 3677 3009 3747 adjuvare
3040 3682 3144 3742 est,
3168 3676 3320 3730 unde
3368 3679 3426 3729 et
3463 3674 3586 3728 Ste-

1984 3766 2206 3837 phanus
2225 3766 2373 3819 inter
2393 3781 2595 3819 manus
2617 3765 2990 3837 lapidantium
3005 3769 3247 3819 stantem
3269 3763 3430 3817 illum
3442 3760 3584 3815 vidit

1986 3855 2047 3909 in
2069 3856 2226 3910 coelo.
2259 3856 2431 3909 Recte
2481 3861 2672 3909 autem
2716 3872 2827 3909 non
2872 3855 3109 3921 occisus,
3161 3855 3260 3910 sed
3309 3860 3582 3925 tanquam

1987 3944 2203 3999 occisus
2231 3944 2288 3999 in
2319 3943 2566 3998 Ecclesia
2601 3943 2873 4006 cernitur,
2908 3943 3041 4013 quia
3070 3943 3174 3997 etsi
3212 3948 3470 3998 mortuus
3498 3945 3586 3996 est

1987 4050 2050 4088 ex
2075 4033 2425 4100 infirmitate,
2453 4032 2588 4086 vivit
2616 4049 2681 4087 ex
2703 4031 2909 4086 virtute
2928 4030 3058 4098 Dei;
3091 4032 3176 4085 vel
3201 4036 3352 4087 certe
3380 4032 3441 4085 in
3470 4046 3586 4085 me-

1987 4122 2077 4177 dio
2108 4123 2411 4176 electorum
2442 4137 2674 4176 suorum
2705 4127 2982 4191 tanquam
3012 4121 3227 4175 occisus
3273 4125 3388 4175 stat
3425 4119 3586 4175 Chri-

1987 4216 2128 4277 stus,
2163 4211 2296 4282 quia
2323 4210 2571 4281 quotidie
2602 4210 2660 4263 in
2709 4210 2828 4263 suis
2873 4209 3116 4264 moritur
3157 4210 3367 4275 electis,
3402 4208 3497 4280 qui
3523 4224 3584 4264 se

1988 4300 2330 4354 mortificant
2347 4315 2474 4353 cum
2503 4298 2657 4353 vitiis
2684 4304 2741 4353 et
2767 4298 3253 4369 concupiscentiis.
3288 4300 3585 4354 Habentem

302 4406 370 4444 eo
393 4390 543 4460 quod
581 4391 773 4445 nullus
810 4392 885 4447 sit
912 4393 1173 4447 inventus
1194 4392 1292 4464 qui
1321 4392 1527 4447 librum
1551 4399 1743 4464 posset
1770 4409 1905 4464 ape-
1922 4394 1970 4452 D
1990 4404 2202 4443 cornua
2230 4394 2446 4457 septem,
2472 4394 2521 4441 et
2543 4389 2726 4442 oculos
2755 4392 2973 4456 septem,
2995 4391 3095 4457 qui
3115 4393 3461 4456 suntseptem
3477 4388 3588 4455 spi-

302 4478 557 4534 rire.Sed
573 4478 861 4535 sciendum
884 4486 971 4536 est
987 4481 1117 4552 quia
1140 4498 1253 4536 non
1289 4498 1354 4535 ex
1379 4497 1483 4536 sua
1506 4497 1746 4552 persona
1774 4480 1907 4536 bea-

302 4574 398 4623 tus
426 4568 691 4635 Joannes,
724 4568 821 4623 sed
853 4586 919 4623 ex
948 4585 1192 4640 persona
1218 4570 1450 4625 Patrum
1473 4570 1694 4624 Veteris
1710 4571 1909 4635 Testa-

303 4655 485 4710 menti
526 4656 644 4721 ﬂet,
670 4658 767 4728 qui
796 4657 1010 4712 ﬂebant
1032 4657 1420 4714 desiderantes
1447 4660 1749 4715 adventum
1779 4660 1908 4715 Filii

300 4745 405 4799 Dei
432 4745 490 4798 in
516 4745 1059 4818 mundum,quorum
1085 4764 1230 4802 unus
1251 4748 1472 4803 dicebat
1503 4767 1515 4802 :
1548 4751 1773 4804 Utinam
1802 4751 1910 4804 dis-

298 4849 588 4902 rumperes
617 4838 787 4900 caelos,
810 4841 869 4890 et
885 4836 1123 4903 venires,
1147 4854 1181 4890 a
1204 4838 1347 4904 facie
1377 4843 1474 4891 tua
1493 4843 1702 4892 montes
1724 4839 1912 4891 turba-

301 4926 662 4990 renturUsa.
688 4927 857 4993 LXIV).
895 4926 1055 4981 Unde
1095 4932 1152 4981 et
1193 4926 1467 4981 Dominus
1508 4926 1566 4980 in
1604 4926 1908 4997 Evangelia

303 5011 595 5082 discipulis
622 5030 638 5067 :
672 5016 825 5067 Beati
850 5014 1068 5085 (inquit)
1099 5018 1246 5069 oculi
1266 5018 1366 5085 qui
1381 5016 1563 5070 vident
1581 5032 1698 5083 qua:
1723 5031 1810 5068 ros
1833 5017 1909 5068 ci-

301 5101 443 5154 detis
468 5118 484 5153 :
516 5101 637 5155 dico
666 5104 817 5155 enim
847 5104 1014 5170 vobis,
1031 5106 1166 5171 quia
1196 5106 1368 5158 multi
1386 5103 1661 5171 propheta:
1683 5108 1731 5156 ct
1762 5117 1909 5170 reges

303 5191 803 5245 volucruntridere
827 5192 1040 5254 (Matth.
1072 5194 1331 5259 xm),etc.
1364 5193 1432 5246 Et
1460 5207 1607 5246 unus
1635 5193 1699 5246 de
1730 5194 1912 5245 senio—

308 5280 470 5332 ribus
489 5279 633 5332 dixit
655 5280 800 5333 mihi
827 5298 844 5332 :
876 5281 953 5335 Ne
979 5283 1212 5349 ﬂeveris,
1244 5296 1355 5335 ecce
1374 5283 1506 5334 vicit
1547 5282 1624 5334 leo
1661 5281 1727 5333 de
1758 5281 1909 5333 tribu

305 5368 477 5429 Juda,
510 5368 675 5420 radis:
702 5369 881 5443 David
909 5372 1125 5438 aperire
1148 5371 1376 5431 librum,
1400 5374 1450 5422 et
1479 5372 1682 5422 solvere
1710 5374 1911 5437 septem

308 5459 604 5523 signacula
615 5460 749 5524 ejus.
769 5458 877 5511 Per
898 5458 1048 5513 hunc
1068 5459 1347 5513 seniorem
1366 5456 1672 5527 quemlibet
1690 5464 1910 5528 patrem

306 5544 534 5600 Veteris
548 5544 894 5603 Testamenti
915 5548 1187 5603 debemus
1206 5547 1477 5619 accipere,
1497 5546 1594 5619 qui
1606 5546 1912 5602 adventum

1990 4481 2136 4532 ritus
2163 4479 2265 4532 Dei
2297 4479 2458 4530 missi
2478 4479 2540 4530 in
2556 4493 2775 4531 omnem
2807 4483 3036 4532 terram.
3070 4477 3228 4544 Quod
3259 4480 3589 4549 perseptem

1990 4583 2218 4626 cornua.
2253 4567 2358 4621 hoc
2388 4566 2558 4645 etiam
2584 4566 2935 4638 signiﬁcatur
2955 4571 3011 4619 et
3026 4582 3127 4637 per
3144 4571 3359 4637 septem
3376 4565 3582 4625 oculos,

1962 4656 2047 4711 rid
2073 4660 2160 4711 est
2189 4656 2432 4727 Spiritus
2462 4660 2710 4721 sanctus,
2741 4657 2887 4709 sicut
2929 4654 3048 4724 ipse
3088 4654 3431 4717 manifestat,
3459 4666 3586 4705 cum

1990 4745 2286 4815 subjungit
2306 4762 2319 4797 :
2340 4745 2450 4810 Qui
2462 4750 2595 4800 sunt
2605 4749 2821 4814 septem
2838 4743 3070 4815 spiritus
3088 4743 3190 4796 Dei
3209 4740 3365 4795 missi
3384 4741 3444 4795 in
3473 4756 3589 4795 om-

1991 4851 2122 4889 nem
2150 4839 2384 4888 terram.
2408 4834 2478 4887 Et
2501 4850 2626 4887 cum
2650 4848 2797 4886 unus
2819 4831 2894 4886 sit
2931 4831 3164 4902 spiritus
3197 4831 3361 4901 juxta
3396 4829 3538 4884 illud
3571 4851 3585 4885 :

1991 4924 2237 4993 Spiritus
2279 4925 2506 4978 Domini
2541 4924 2768 4990 replevit
2809 4923 2991 4974 orbem
3025 4924 3311 4972 terrarum
3342 4919 3494 4989 (Sap.
3522 4921 3588 4987 Ι).

1990 5012 2270 5067 Dicuntur
2305 5016 2521 5082 septem
2556 5010 2701 5064 oculi
2744 5009 2831 5063 vel
2861 5012 3075 5079 septem
3106 5023 3318 5061 cornua
3362 5012 3593 5079 propter

1992 5100 2370 5171 septiformem
2405 5098 2584 5170 ipsius
2620 5097 2885 5168 gratiam.
2917 5096 3025 5161 Qui
3072 5096 3215 5151 bene
3252 5113 3355 5168 per
3375 5102 3592 5168 septem

1993 5190 2182 5244 oculos
2212 5190 2509 5258 figuratur,
2542 5187 2675 5257 quia
2702 5202 2834 5241 suos
2863 5187 3068 5241 electos
3088 5186 3595 5242 illuminatdiscur—

1994 5296 2142 5341 rens,
2168 5277 2315 5332 sicut
2342 5276 2639 5330 Zacharias
2681 5276 2831 5339 dicit,
2867 5292 2969 5347 per
2995 5276 3316 5330 universam
3358 5282 3589 5330 terrain.

1996 5368 2105 5422 Sed
2122 5367 2228 5420 hoc
2253 5365 2743 5431 considerandum,
2777 5365 2913 5436 quia
2932 5381 3144 5420 cornua
3164 5364 3222 5418 in
3243 5365 3425 5435 capite
3437 5369 3588 5429 sunt,

1995 5462 2053 5512 et
2085 5472 2309 5510 carnem
2350 5455 2649 5521 excedunt,
2682 5454 2921 5526 ideoque
2968 5471 3069 5527 per
3098 5470 3311 5509 cornua
3339 5453 3593 5507 eminen-

1995 5545 2167 5601 tiores
2212 5543 2401 5599 smculi
2444 5542 2685 5614 intelligi
2730 5548 2985 5615 possunt,
3029 5541 3127 5614 qui
3160 5541 3321 5595 valde
3365 5543 3594 5594 caeteros
