3992 6166
325 307 461 382 mu
1252 311 1633 387 sitposrrio
1662 308 1741 385 iii
1770 305 2294 388 ΑΡοῠΑὶῩΡδιΝ.
2339 343 2402 376 ές
2437 317 2576 388 LIB.
2601 329 2678 387 II.
2879 332 2890 340 '
3480 319 3618 392 ιορὶὲ

327 449 618 516 θιευυωί»,
651 451 784 524 quia
807 451 1020 526 seipsos
1043 453 1295 529 quotidie
1319 453 1379 512 in
1405 470 1504 530 ara
1527 451 1708 512 cordis
1721 453 1927 511 sacriil-
1943 449 1993 519 Α
2007 453 2077 512 lis
2096 448 2502 530 volumine,qui
2523 439 2744 524 dicinll
2745 451 2871 513 illia
2889 460 3138 512 millium
3150 461 3267 514 min
3278 453 3614 516 istrabantei

327 538 480 595 cium
507 541 946 599 contribulatum
979 539 1240 614 oderunt,
1266 553 1332 602 ut
1355 542 1540 601 hostia
1553 544 1674 600 viva
1694 546 1852 610 fiant,
1869 561 1931 600 se
2009 544 2176 616 (Dan.
2198 549 2312 614 vn).
2329 544 2762 602 Innumerabilis
2779 546 2975 619 utique
2998 547 3610 619 numerusangelorum

326 629 458 686 eum
501 629 657 686 Villis
704 639 762 688 et
800 635 1266 707 concupiScentiis
1314 621 1734 690 mortiﬁcanles.
1786 629 1932 689 Hinc
2011 631 2418 691 numerabil'em
2441 635 2724 708 signiﬁcat
2741 627 3616 694 multitudinemelectorum.Tot

331 717 547 776 Paulus
570 717 743 776 dicit:
769 720 990 779 Obsecro
1015 740 1104 780 vos
1119 741 1220 796 per
1247 721 1688 780 misericordiam
1725 723 1836 790 Dei,
1867 723 1932 778 ut
2015 725 2221 796 quippe
2259 726 2514 780 homines
2553 723 2730 780 sancti
2785 725 3070 780 escensuri
3107 719 3238 781 sunt
3273 726 3332 781 in
3385 719 3608 793 caelum,

327 809 628 864 exhibealis
648 823 876 880 corpora
895 819 1074 867 uestra
1097 813 1332 867 hostium
1357 817 1641 874 virentem,
1657 816 1930 876 sanctam,
2015 819 2152 882 quot
2177 813 2253 868 ibi
2285 816 2678 868 remanserunt
2705 813 2891 886 angeli
2921 822 3188 886 pereunte
3208 813 3450 884 diabolo,
3473 821 3616 888 quo;-

330 896 437 952 Βεο
455 897 759 966 ρῖασεηεωη
785 896 954 966 (Rom.
977 896 1072 971 xu)
1091 901 1374 974 .Dumque
1393 903 1497 956 hoc
1517 899 1746 966 faciunt,
1766 913 1936 971 super
2015 896 2168 955 niam
2199 901 2257 956 in
2288 903 2548 956 omnibus
2584 899 2915 972 angelorum
2965 903 3254 960 ordinibus
3282 904 3392 976 ipsi
3434 898 3616 958 sancti
3705 932 3711 938 -

330 991 546 1040 terram
574 1004 734 1058 reges
763 989 1032 1058 existunt,
1063 991 1196 1062 quia
1227 988 1532 1045 carnaliter
1567 986 1627 1044 et
1653 987 1936 1043 desideria
2015 981 2200 1046 locum
2225 987 2530 1050 habebunt.
2562 989 2777 1060 Dignus
2807 996 2882 1046 est
2920 1010 3100 1062 agnus
3137 996 3238 1063 qui
3273 996 3476 1048 occisus
3511 997 3610 1060 est,

324 1077 557 1130 terrena
585 1074 985 1148 comprimunt,
1015 1075 1073 1133 et
1096 1077 1268 1134 veluti
1289 1095 1460 1151 super
1476 1075 1787 1148 subjectum
1815 1082 1934 1132 ter-
2013 1076 2528 1148 acciperevirlulem
2558 1087 2606 1134 et
2626 1081 2979 1146 divinitatem
3011 1087 3059 1136 et
3073 1085 3408 1152 sapientiam
3425 1087 3475 1136 et
3501 1071 3622 1150 for-

324 1167 454 1240 ram
486 1164 612 1236 lege
651 1164 876 1221 virtutis
921 1175 1178 1238 regnant.
1211 1169 1346 1233 Quae
1392 1169 1587 1239 utique
1625 1169 1932 1222 electorum
2016 1170 3036 1237 litudinemethonorcmetgloriamet
3059 1169 3617 1236 benedictionem.Qui

327 1249 599 1321 Ecclesia,
617 1253 764 1310 sicut
783 1253 1074 1328 redempta
1095 1263 1180 1311 est
1200 1275 1228 1312 a
1251 1257 1493 1323 Christo,
1517 1255 1599 1312 ita
1625 1255 1683 1311 in
1709 1253 1806 1310 illo
1837 1251 1931 1327 qui
2014 1252 2332 1327 appellatur
2359 1255 2446 1310 leo
2470 1261 2700 1328 prOpter
2721 1257 3134 1327 fortitudinem,
3156 1256 3277 1330 ipse
3299 1251 3619 1332 appellatur

325 1350 459 1398 bam
489 1340 730 1398 redemit
755 1347 1089 1415 potestatem
1105 1353 1169 1400 ut
1196 1346 1401 1400 librum
1435 1343 1681 1417 aperiret
1699 1343 1930 1416 accepit.
2015 1356 2195 1416 agnus
2216 1352 2447 1416 prepter
2467 1340 2846 1400 innocentiam
2871 1353 2924 1400 et
2949 1345 3388 1418 simplicitatem,
3405 1355 3464 1404 et
3485 1351 3616 1420 quia

402 1429 472 1487 Et
500 1431 618 1486 vidi
636 1439 684 1486 et
709 1431 906 1488 audivi
936 1450 1114 1489 vocem
1143 1439 1471 1503 angelorum
1524 1435 1832 1489 multorum
1872 1447 1934 1487 τη
2013 1433 2075 1488 in
2100 1426 2435 1489 sacrificium
2469 1442 2552 1489 est
2575 1433 2820 1492 oblatus.
2847 1436 3061 1506 Dignus
3085 1437 3429 1510 estaccipere
3449 1437 3621 1492 virtu-

325 1519 779 1576 cir'cuilulhroni
798 1525 848 1576 et
865 1527 1210 1578 animalium
1227 1530 1272 1578 el
1297 1528 1602 1578 seniorum.
1624 1523 1781 1588 Quod
1815 1523 1933 1577 haec
2014 1526 2150 1586 tem,
2173 1523 2235 1576 ut
2255 1519 2450 1577 eadem
2475 1523 2686 1578 scilicet
2709 1525 2882 1578 virtus
2908 1529 2966 1578 et
2994 1522 3283 1592 fortitudo,
3313 1542 3435 1598 quae
3457 1523 3616 1580 estin

325 1607 476 1664 visio
491 1608 610 1664 tota
627 1609 1199 1682 spiritalisfuerit,hic
1216 1611 1671 1668 manifestissime
1691 1607 1934 1666 Joannes
2015 1605 2207 1681 uerbo,
2235 1609 2311 1666 sit
2339 1617 2396 1666 et
2424 1613 2481 1666 in
2513 1611 2741 1666 homine
2771 1615 3080 1686 assumpto,
3126 1609 3190 1668 ut
3213 1615 3403 1668 omnia
3439 1613 3617 1685 possit

327 1699 598 1766 ostendit,
643 1717 769 1755 cum
800 1697 976 1756 dicit:
1008 1701 1080 1756 Et
1119 1701 1306 1757 audivi
1352 1717 1543 1756 vocem
1599 1698 1932 1772 angelorum
1955 1745 1996 1772 η
2017 1695 2893 1765 Deusethomo.Etdivinitatem,
2919 1706 3053 1770 quia
3066 1706 3128 1756 in
3148 1706 3259 1772 ipso
3279 1705 3493 1756 habitat
3507 1719 3621 1756 om-

326 1789 675 1856 multorum;
704 1805 892 1861 neque
921 1791 1070 1845 enim
1100 1807 1202 1846 vox
1225 1791 1395 1846 videri
1411 1795 1614 1862 potest,
1634 1791 1734 1844 sed
1747 1787 1937 1844 videre

327 1875 582 1948 positum
612 1880 697 1933 est
716 1894 818 1949 pro
845 1875 1180 1953 intelligere,
1221 1881 1364 1934 sicut
1393 1881 1448 1934 in
1491 1873 1677 1934 Exodo
1703 1877 1929 1950 legitur,

342 1961 561 2020 Videbat
593 1967 834 2036 populus
865 1984 1024 2035 voces,
1039 1964 1096 2024 id
1125 1975 1208 2023 est
1230 1969 1576 2040 intelligebat
1596 1957 1780 2035 (Exod.
1813 1969 1931 2036 xx).

325 2051 426 2110 Sic
455 2055 604 2110 enim
633 2053 878 2112 solemus
926 2063 982 2111 et
1009 2071 1110 2132 nos
1157 2057 1343 2112 dicere
1375 2059 1463 2113 cui
1507 2073 1676 2130 quam
1721 2053 1936 2127 aliquid

325 2141 630 2199 Ostendere
659 2143 969 2216 cupientes.
1023 2151 1214 2200 utrum
1263 2145 1468 2212 videat,
1507 2147 1566 2200 id
1615 2153 1700 2200 est
1743 2152 1938 2200 utrum

328 2228 616 2304 intelligat
663 2241 729 2288 ea
771 2233 893 2304 quae
923 2235 1180 2289 dicimus.
1213 2224 1390 2290 TotUs
1421 2236 1626 2306 quippe
1665 2233 1816 2289 visus
1855 2235 1940 2288 vel

329 2319 564 2376 auditus
613 2321 843 2377 Joannis
896 2325 955 2377 in
1011 2325 1209 2396 Spiritu
1251 2323 1378 2387 fuit,
1411 2331 1578 2396 atque
1608 2320 1732 2378 ideo
1780 2323 1940 2394 spiri-

331 2407 601 2466 tualisl'n
620 2411 725 2466 hoc
747 2417 937 2468 autem
968 2413 1088 2468 loco
1119 2411 1267 2485 quod
1297 2413 1616 2484 signiﬁcant
1646 2411 1934 2480 animalia,

331 2496 548 2566 throni,
581 2507 638 2556 et
666 2503 936 2566 seniores,
967 2499 1073 2556 hoc
1102 2499 1424 2572 significant
1453 2507 1510 2556 et
1529 2503 1738 2570 angeli,
1766 2499 1822 2556 id
1853 2503 1939 2556 est

331 2601 531 2662 omnes
553 2597 800 2645 sanctos.
827 2589 943 2644 Nec
964 2589 1315 2645 solummodo
1344 2587 1424 2644 illi
1455 2589 1814 2662 appellantur
1843 2604 1940 2644 an-

331 2675 471 2752 geli,
507 2681 601 2750 qui
625 2677 766 2733 alios
804 2675 1026 2745 docent,
1065 2679 1213 2734 sicut
1242 2679 1506 2751 episcopi,
1542 2676 1854 2752 presbyteri
1883 2679 1941 2758 et

333 2763 546 2836 caeteri,
599 2765 695 2822 sed
743 2766 915 2822 etiam
967 2778 1161 2822 omnes
1201 2769 1363 2839 justi,
1399 2768 1495 2839 qui
1539 2769 1746 2822 bonum
1791 2767 1940 2838 quod

331 2853 683 2929 intelligunt,
716 2855 838 2911 aliis
867 2857 1227 2911 manifestare
1253 2857 1482 2912 student
1511 2874 1521 2909 :
1556 2873 1686 2911 nam
1707 2863 1760 2911 et
1790 2852 1937 2910 idem

334 2943 583 3000 Joannes
611 2942 752 3000 dixit
778 2941 837 3000 in
865 2961 967 3000 suo
999 2945 1320 3017 Evangelio,
1353 2947 1484 3017 quia
1529 2953 1790 3015 quotquot
1820 2962 1940 2999 cre-

2016 1792 2106 1843 nis
2111 1792 2398 1857 plenitudo
2411 1792 2472 1843 di
2476 1807 2563 1843 vin
2573 1793 2725 1844 italis
2737 1792 3393 1859 corporaliter(00l.n).Et
3403 1791 3620 1862 sapien—

2016 1877 2174 1942 tiam,
2189 1885 2250 1932 ut
2271 1877 2418 1932 sicut
2437 1879 2627 1933 omnia
2639 1879 2743 1933 scit
2766 1879 3016 1934 Verbum
3030 1887 3160 1934 ante
3180 1880 3431 1934 saeculaa
3450 1880 3617 1934 Patre

2015 1965 2376 2035 genitum,ita
2387 1964 2526 2019 sciat
2539 1967 2656 2036 ipse
2670 1968 2836 2021 homo
2855 1963 2914 2022 in
2931 1967 3144 2022 unitate
3163 1983 3414 2038 personae
3426 1965 3617 2022 Verbo

2017 2055 2478 2124 conjunctus,nec
2495 2053 2800 2126 quidquam
2823 2057 2896 2110 sit
2917 2057 3065 2128 quod
3086 2055 3402 2111 eumlatere
3421 2045 3616 2128 possit;
3709 2089 3725 2100 ο

2017 2137 2143 2212 ipsa
2167 2147 2252 2196 est
2280 2143 2486 2214 quippe
2513 2138 2614 2197 Dei
2655 2143 2831 2199 virtus
2879 2149 2934 2199 et
2987 2139 3088 2198 Dei
3137 2143 3432 2216 sapientia,
3475 2135 3621 2198 sicut

2021 2231 2157 2285 dixit
2172 2233 2472 2303 Apostolus
2493 2250 2504 2286 :
2525 2235 2632 2302 Qui
2661 2237 2760 2288 etsi
2779 2237 2934 2288 cruci
2934 2233 3077 2302 ﬁxus
3092 2239 3166 2286 est
3186 2250 3250 2287 ea:
3265 2237 3616 2302 infirmitate,

2021 2322 2112 2373 sed
2139 2319 2270 2374 vicit
2296 2335 2362 2375 tu;
2389 2325 2592 2375 rirlute
2631 2321 2731 2376 Dei
2757 2323 2841 2394 (II
2877 2321 2996 2380 Cor.
3027 2318 3161 2394 xm).
3195 2315 3354 2376 Unde
3377 2313 3618 2392 Aposto-

2018 2409 2126 2474 lus,
2189 2404 2304 2463 Etsi
2350 2422 2683 2465 noveramus
2713 2411 3000 2465 Christum
3032 2409 3340 2466 secundum
3361 2427 3610 2476 carnem,

2018 2495 2254 2568 sedjam
2283 2513 2433 2552 nunc
2463 2515 2573 2553 non
2609 2499 2888 2553 novimus.
2924 2495 3084 2564 Quod
3112 2501 3302 2554 autem
3331 2499 3621 2571 praemissa

2017 2587 2609 2657 virtute,sapientia,et
2630 2585 3218 2650 divinitate,fortitudo
3237 2585 3618 2660 subjungitur,

2019 2673 2260 2746 repetita
2289 2675 2569 2730 sententia
2597 2682 2696 2738 est,
2721 2693 2846 2730 cum
2869 2677 2973 2730 hoc
2994 2677 3068 2730 sit
3088 2674 3265 2732 virtus
3286 2678 3435 2748 quod
3460 2676 3622 2731 forti-

2019 2765 2176 2830 tudo,
2201 2764 2295 2818 ubi
2322 2761 2504 2818 adhuc
2533 2765 2791 2818 subditur
2815 2759 2911 2820 :Et
2935 2767 3205 2820 honorem
3227 2772 3284 2820 et
3296 2766 3535 2838 gloriam
3565 2771 3624 2821 et

2021 2847 2492 2916 benedictionem,
2523 2849 2792 2907 subaudis
2819 2855 3020 2924 dignus
3042 2860 3128 2908 est
3147 2855 3417 2926 accipere,
3443 2853 3622 2910 bono-‘-

2023 2953 2141 2994 rem
2161 2937 2373 2994 scilicet
2393 2941 2448 2994 in
2467 2942 2896 3007 resurrectione,
2917 2942 3156 3012 gloriam
3178 2943 3238 2997 in
3267 2939 3614 3008 ascensione,

334 3031 605 3090 diderunt
627 3033 686 3089 in
715 3037 864 3101 eum,
900 3035 1047 3089 dedit
1076 3039 1150 3089 eis
1175 3041 1492 3104 potestatem
1528 3039 1670 3103 ﬁlios
1697 3037 1794 3089 Dei
1817 3031 1943 3100 ﬁeri
1967 3041 1971 3044 ’
2023 3027 2634 3100 benedictionem,quia
2655 3027 2976 3085 sublevatus
2992 3033 3061 3085 ad
3075 3031 3361 3086 dexteram
3379 3041 3628 3104 paternae

327 3125 524 3198 (Joan.
553 3128 618 3194 ι),
643 3125 700 3180 et
714 3121 1032 3192 Psalmista,
1053 3123 1161 3192 Ego
1181 3125 1320 3188 diri,
1347 3126 1431 3178 dii
1449 3129 1574 3178 estis
1607 3123 1708 3190 (Ps.
1730 3121 1936 3191 intui).
1959 3136 2002 3197 ί)
2023 3118 2339 3187 majestatis
2367 3109 2740 3183 benedicitur,
2773 3114 2829 3172 id
2859 3125 2946 3173 est
2966 3113 3230 3174 laudatur
3261 3119 3330 3173 ab
3352 3116 3504 3173 omni
3525 3134 3628 3172 sua

332 3197 497 3270 idem
519 3227 742 3285 quoque
777 3215 833 3268 in
866 3211 1162 3284 Evangelio
1193 3211 1464 3269 Dominus
1493 3213 1592 3280 ait,
1641 3215 1727 3266 Vos
1755 3218 1941 3266 autem
2025 3205 2303 3260 creatura.
2335 3205 2579 3277 Dignum
2609 3213 2694 3261 est
2729 3207 2900 3273 enim,
2936 3214 2998 3261 ‘ut
3025 3205 3348 3264 humanitas
3374 3202 3501 3262 Filii
3525 3197 3628 3261 Dei

337 3305 438 3377 qui
467 3299 544 3358 dii
565 3301 722 3372 estis,
755 3319 915 3372 quem
946 3321 1028 3358 me
1057 3319 1163 3357 esse
1202 3303 1387 3356 dicitis
1441 3301 1655 3369 (Matth.
1706 3303 1832 3372 xx)?
1881 3299 1940 3358 Si
2023 3307 2148 3364 quae
2203 3301 2364 3350 tanta
2393 3295 2664 3350 sustinuit
2718 3295 3122 3362 cruciamenta,
3156 3303 3284 3368 post
3311 3287 3631 3368 sputa,post

339 3389 476 3462 ergo
506 3386 704 3454 sancti,
733 3387 833 3444 illii
863 3391 958 3445 Dei
983 3391 1272 3455 vocantur,
1308 3406 1409 3443 nec
1439 3391 1622 3444 solum
1662 3390 1762 3444 ﬁlii
1816 3383 1936 3455 Dei,

337 3481 438 3536 'sed
463 3474 633 3534 etiam
658 3479 755 3544 dii,
783 3479 916 3551 quid
945 3481 1150 3534 mirum
1173 3479 1785 3550 siappellanturangeli
1809 3471 1833 3532 ?
1862 3476 1942 3532 De

334 3563 429 3624 his
449 3568 655 3640 quippe
685 3564 900 3639 angelis
927 3564 1106 3622 Isaias
1137 3563 1274 3622 dicit
1298 3587 1308 3622 :
1343 3567 1548 3638 Angeli
1568 3567 1722 3637 pacis
1749 3580 1942 3621 amare

330 3650 591 3724 flebunt;
625 3663 683 3712 et
710 3653 1006 3712 Zacharias
1037 3675 1049 3709 :
1084 3657 1258 3710 Labia
1279 3657 1587 3711 sacerdotis
1617 3652 1944 3710 custodiunt

335 3743 651 3810 ‘scientiam,
678 3741 733 3801 et
755 3747 935 3816 legem
968 3744 1265 3816 requirunt
1285 3761 1350 3799 ex
1372 3762 1467 3798 ore
1499 3743 1642 3815 ejus,
1679 3742 1811 3814 quia
1837 3761 1943 3798 an-

335 3835 499 3908 gelus
519 3835 740 3890 Domini
758 3833 1102 3888 exercituum
1125 3835 1224 3888 est.
1259 3826 1360 3888 Isti
1399 3834 1456 3887 in
1497 3833 1733 3886 circuitu
1754 3833 1944 3886 throni

335 3923 396 3979 at
423 3919 752 3978 animalium
765 3921 1058 3994 sunt,quia
1078 3919 1184 3994 ipsi
1209 3918 1344 3976 sunt
1367 3921 1553 3975 throni
1581 3927 1638 3974 et
1655 3918 1940 3985 animalia,

332 4007 447 4085 ipsi
477 4027 698 4084 quoque
728 4010 914 4083 angeli
941 4018 998 4066 et
1017 4008 1285 4065 seniores.
1306 4011 1609 4064 Possumus
1634 4017 1691 4064 et
1723 4004 1822 4063 hos
1838 4021 1942 4064 an-

335 4103 496 4174 gelos
527 4097 844 4172 intelligere
889 4103 1162 4172 supernos
1193 4099 1442 4170 spiritus,
1473 4099 1567 4169 qui
1618 4099 1672 4152 in
1703 4099 1942 4152 circuitu

335 4185 599 4247 Ecclesiae
617 4191 952 4256 consistunt,
976 4189 1271 4260 ipsamque
1285 4183 1626 4247 custodiunt,
1629 4185 1790 4258 juxta
1805 4183 1943 4241 illud

337 4275 631 4352 Apostoli:
662 4277 856 4333 Nonne
885 4290 1069 4332 omnes
1097 4280 1330 4345 spiritus
1355 4279 1754 4330 ministratorii
1791 4279 1940 4342 sunt,

342 4373 505 4424 missi
530 4372 594 4422 in
630 4371 1035 4432 ministerium,
1079 4372 1306 4435 propter
1327 4383 1412 4420 eos
1442 4370 1541 4435 qui
1569 4360 1942 4420 hereditatem

341 4462 572 4526 capiunt
614 4458 813 4510 salutis
857 4449 1038 4527 (Hebr.
1074 4459 1156 4520 II).
1217 4453 1344 4508 Non
1393 4451 1625 4509 dubium
1663 4457 1750 4508 est
1796 4455 1944 4508 enim

2022 3383 2236 3455 alapas,
2265 3390 2526 3450 mortem,
2547 3387 2917 3457 sepulturam,
2941 3393 3218 3457 resurgat,
3242 3382 3380 3454 etin
3399 3386 3631 3440 dextera

2023 3469 2209 3528 Patris
2229 3473 2548 3537 collocetur,
2569 3479 2626 3528 et
2645 3475 2714 3528 ab
2737 3475 2890 3529 Omni
2912 3479 3171 3530 creatura
3188 3471 3467 3543 laudetur,
3493 3469 3628 3530 ado-

2023 3567 2200 3627 retur,
2229 3567 2286 3614 et
2311 3561 2680 3630 glorificetur,
2711 3567 2881 3633 atque
2907 3552 3300 3622 benedicatur.

2088 3736 2154 3792 Et
2184 3752 2400 3792 omnem
2431 3737 2750 3793 creaturam
2781 3757 2900 3808 quae
2930 3743 2988 3794 in
3007 3745 3130 3796 caelo
3150 3748 3245 3805 est,
3267 3735 3316 3796 et
3335 3733 3499 3812 super
3519 3747 3630 3796 ter-

2029 3841 2174 3888 ram,
2199 3827 2449 3880 ctsublus
2473 3835 2623 3882 terra
2641 3835 2690 3884 ei
2711 3835 2830 3896 qua
2843 3833 2974 3882 sunt
2992 3831 3051 3884 in
3069 3829 3236 3893 "tari,
3255 3838 3302 3885 et
3329 3849 3446 3902 qum
3472 3835 3532 3886 in
3548 3847 3625 3898 eo,

2026 3909 2227 3982 dignus
2257 3921 2332 3969 est
2357 3921 2618 3984 accipere.
2638 3917 2710 3972 Ut
2739 3909 2998 3972 videlicet
3024 3915 3147 3990 ipsa
3175 3920 3498 3974 humanitas
3511 3936 3628 3974 om-

2025 4001 2122 4057 nia
2148 4002 2430 4074 possideat
2460 4005 2518 4057 in
2539 4005 2694 4071 creto,
2729 4005 2785 4058 id
2815 4007 2900 4058 est
2929 4005 2986 4060 in
3019 4007 3254 4077 angelis,
3287 4008 3345 4061 in
3368 4013 3538 4074 terra,
3567 4009 3628 4062 in

2025 4091 2368 4158 hominibus,
2398 4092 2502 4146 sub
2525 4095 2696 4157 terra,
2732 4093 2786 4146 in
2817 4093 3038 4148 inferno
3060 4100 3117 4148 et
3143 4096 3202 4149 in
3234 4097 3396 4163 mari,
3417 4102 3474 4150 et
3500 4113 3624 4167 quae

2027 4187 2160 4234 sunt
2191 4179 2248 4234 in
2275 4198 2360 4235 eo.
2390 4179 2504 4250 lioc
2536 4187 2621 4234 est
2640 4182 2788 4252 quod
2813 4181 2932 4252 ipse
2960 4180 3240 4256 Dominus
3270 4200 3570 4255 resurgens
3595 4201 3630 4238 a

2030 4267 2288 4332 mortuis,
2313 4265 2449 4322 dicit
2474 4287 2484 4320 :
2512 4271 2646 4322 Data
2669 4274 2742 4322 est
2775 4269 2916 4322 mihi
2947 4267 3126 4324 omnis
3155 4265 3384 4340 potestas
3414 4275 3476 4326 in
3503 4275 3629 4328 caelo

2027 4364 2075 4412 et
2107 4363 2166 4412 in
2196 4363 2347 4412 terra
2369 4354 2549 4428 (Matt.
2575 4363 2784 4426 xxviii),
2824 4363 2880 4412 et
2902 4353 3203 4430 Apostolus
3233 4385 3246 4420 :
3287 4365 3353 4416 In
3404 4364 3626 4417 nomine

2025 4448 2152 4500 Jesu
2183 4463 2342 4501 omne
2361 4461 2506 4515 genu
2533 4451 2792 4516 ﬂectatur
2816 4451 3130 4514 ca’lcslium,
3177 4446 3550 4516 terrestrium,
3581 4455 3633 4505 et

337 4525 490 4619 quod
517 4547 586 4600 de
637 4525 994 4616 reparatione
1036 4543 1268 4598 humani
1305 4544 1528 4614 generis
1569 4543 1673 4614 ipsi
1723 4559 1944 4615 quoque
2028 4538 2384 4602 in/ernorum
2409 4537 2639 4606 (Philip.
2688 4542 2766 4605 ιι).
2802 4537 3108 4619 Possumus
3147 4525 3202 4592 et
3234 4539 3388 4592 mare
3419 4531 3634 4609 allego-

335 4617 523 4706 angeli
544 4641 677 4689 sunt
695 4633 993 4704 laetati,qui
1020 4631 1176 4704 prius
1196 4633 1454 4686 homines
1471 4650 1502 4686 a
1535 4645 1636 4686 suo
1662 4633 1942 4686 consortio
2026 4625 2139 4680 rice
2166 4625 2479 4696 intelligere
2507 4626 2656 4680 hunc
2690 4617 2981 4682 mundum.
3016 4627 3074 4679 in
3110 4632 3220 4697 quo
3242 4621 3632 4697 comprehensi

335 4719 1321 4794 deputabantextraneos.Undenato
1340 4715 1780 4786 Domino,adfuit
1804 4723 1944 4774 mul-
2024 4720 2158 4768 Sunt
2181 4722 2406 4768 centum
2438 4713 2846 4784 quinquaginta
2869 4707 2984 4766 tres
3011 4712 3207 4783 pisces,
3245 4713 3446 4784 quibus
3486 4731 3635 4770 com-

331 4808 519 4867 titudo
550 4809 766 4866 militiae
801 4796 1044 4864 caelestis
1087 4807 1440 4864 laudantium
1474 4811 1644 4864 Deum
1676 4815 1732 4862 et
1751 4809 1940 4862 dicen-
2028 4799 2396 4873 prehenditur
2419 4815 2686 4856 numerus
2717 4798 3042 4856 electorum.
3089 4801 3282 4857 Omnes
3324 4797 3520 4874 audivi
3548 4805 3634 4858 di-

333 4898 504 4968 tium,
536 4899 723 4956 Gloria
743 4904 804 4955 in
820 4896 1040 4954 excelsis
1059 4899 1312 4964 Deo,etin
1333 4905 1608 4967 ιρννιι-ραχ
1627 4896 1946 4954 hominibus
2035 4898 2208 4946 centes
2234 4894 2442 4945 sedenti
2464 4907 2628 4959 super
2659 4893 2924 4945 thronum
2949 4896 2999 4944 et
3026 4900 3170 4959 agno
3201 4909 3216 4944 :
3242 4887 3549 4948 Benedictio
3577 4899 3630 4948 et

334 4991 484 5044 bonae
503 4989 808 5044 voluntatis
823 4988 977 5059 (Luc.
998 4993 1084 5055 II).
1118 4984 1241 5042 Sive
1264 4987 1368 5041 hoc
1387 4987 1455 5041 de
1476 4982 1798 5040 hominibus
1811 4999 1943 5038 san-
2027 4980 2203 5034 honor
2223 4986 2269 5033 el
2287 4982 2469 5048 gloria
2490 4985 2536 5032 ct
2569 4984 2800 5047 potestas
2824 4982 2887 5034 in
2907 4981 3106 5033 secula
3131 4984 3479 5036 swculorum.
3505 4973 3636 5039 Um-

333 5071 441 5132 ctis
482 5078 596 5132 sive
625 5079 695 5132 de
739 5073 1059 5132 cmlestibus
1089 5071 1382 5148 spiritibus
1422 5076 1658 5140 dicatur,
1695 5074 1943 5128 ostendi-
2025 5069 2146 5134 hes,
2179 5065 2236 5122 id
2265 5065 2353 5122 est
2381 5068 2956 5137 animalia,seniores,
2977 5075 3034 5122 et
3049 5069 3298 5140 angelos,
3323 5065 3511 5126 audivi
3539 5073 3636 5128 di-

331 5159 432 5220 tur
458 5160 761 5222 multitudo
799 5161 1250 5227 innumerabilis,
1285 5177 1412 5218 cum
1443 5160 1802 5233 subjungitur
1831 5180 1842 5215 :
1877 5161 1943 5216 Et
2027 5163 2218 5210 centes
2261 5154 2477 5210 sedenti
2517 5155 2575 5208 in
2603 5151 2824 5219 thOHO,
2857 5147 2970 5208 De’o
2999 5155 3171 5221 Patri,
3207 5157 3264 5211 (it
3293 5174 3440 5230 agno
3492 5159 3635 5216 Filio

331 5259 456 5312 erat
478 5269 745 5310 numerus
766 5269 958 5309 eorum
991 5254 1175 5307 millia
1198 5256 1468 5314 millium,
1493 5255 1792 5306 dicentium
1820 5267 1942 5304 voce
2025 5247 2168 5316 eius.
2204 5244 2325 5308 Quo
2345 5245 2403 5298 in
2433 5245 2554 5298 1000
2573 5259 2700 5298 Cum
2724 5257 2972 5311 Personae
2993 5233 3176 5300 Patris
3197 5252 3254 5302 et
3269 5245 3397 5302 Filii
3419 5245 3636 5303 solum-

329 5351 564 5412 tnagna.
598 5343 656 5397 Si
687 5341 834 5398 enim
869 5342 1086 5396 certum
1117 5353 1418 5396 numerum
1450 5337 1746 5412 posuisset,
1782 5353 1939 5392 sum-
2023 5333 2188 5389 modo
2213 5339 2512 5405 ponantur,
2544 5333 2621 5387 ibi
2649 5331 2862 5404 pariter
2907 5339 2964 5387 et
3001 5330 3244 5406 Spiritus
3293 5339 3519 5392 sanctus
3552 5335 3635 5391 in-

329 5447 485 5488 mam
507 5445 702 5486 eorum
725 5429 1062 5503 exprimens,
1085 5439 1142 5485 et
1167 5427 1380 5484 diceret
1399 5429 1588 5483 decem
1613 5427 1808 5492 millia,
1841 5431 1940 5481 aut
2021 5423 2334 5494 telligitur:
2375 5423 2507 5492 quia
2541 5419 2637 5476 ubi
2683 5415 2856 5477 Filius
2885 5429 2943 5477 et
2974 5415 3214 5496 Spiritus
3261 5429 3508 5499 sanctus,
3554 5422 3631 5479 ibi

329 5526 564 5576 centum
586 5521 782 5588 millia,
809 5528 909 5575 aut
929 5519 976 5575 si
997 5519 1132 5591 quid
1155 5513 1707 5590 hujusmodi,utique
1723 5509 1939 5571 ﬁnitum
2025 5514 2197 5568 etiam
2227 5511 2350 5566 sine
2376 5511 2546 5565 dubio
2577 5513 3074 5582 comprehenditur
3097 5520 3151 5568 et
3181 5513 3367 5567 Pater.
3390 5511 3506 5566 Hoc
3531 5511 3636 5566 ita-

329 5604 659 5666 ostenderet
679 5604 1142 5665 numerum.Taie
1164 5623 1387 5680 quoque
1408 5607 1646 5678 legimus
1669 5606 1728 5661 in
1743 5598 1944 5661 Datile-
2027 5621 2136 5677 que
2166 5609 2315 5658 nunc
2340 5603 2536 5658 sancta
2553 5597 2800 5670 Ecclesia
2817 5600 3161 5674 generaliter
3171 5601 3303 5656 facit
3325 5605 3450 5671 quae
3461 5599 3522 5654 in
3546 5599 3634 5655 his
