4048 6172
479 225 621 290 1023
945 233 1324 293 HAYMONIS
1352 238 1843 301 HALBERSTAT.
1876 244 2106 302 EPISC.
2165 246 2324 303 OPP.
2358 248 2543 304 PARS
2572 248 2619 303 Ῑ.
2651 276 2715 288 -
2747 244 3119 302 COMMENT.
3149 244 3331 301 BIBL.
3607 238 3725 297 1024

483 358 839 423 animalibus,
890 362 1221 431 senioribus,
1255 371 1311 420 et
1367 369 1583 439 angelis
1635 372 2076 439 demonstratur,
2099 375 2152 435 A
2172 377 2376 434 invitat
2395 375 2701 431 Ecclesiam
2720 376 3070 444 sequentem,
3093 369 3279 425 dicens
3300 388 3310 422 :
3329 368 3469 423 Veni
3496 367 3563 421 ad
3581 367 3724 422 ﬁdem

487 447 620 518 quia
650 448 846 504 laudat
874 450 1197 508 Creatorem
1219 473 1404 523 suum,
1431 459 1522 513 cui
1565 461 1670 515 soli
1705 462 1941 518 debetur
1977 464 2082 518 ho-
2163 467 2379 531 scilicet
2407 464 2639 529 Christi,
2663 478 2776 517 non
2804 458 3093 532 gressibus
3125 458 3389 530 corporis,
3423 457 3520 512 sed
3543 456 3657 510 ﬁdei
3681 460 3728 511 et

479 551 605 604 nor,
638 536 968 607 benedictio,
1000 542 1123 596 laus
1140 549 1197 598 et
1222 546 1405 615 gloria
1423 547 1481 602 in
1502 550 1706 605 saecula
1728 554 2078 607 saeculorum.
2164 556 2390 617 mentis,
2412 560 2470 609 et
2498 553 2780 607 transiens
2808 566 2840 603 a
2870 548 3108 620 mystico
3129 548 3268 618 legis
3288 553 3345 602 et
3368 546 3731 618 prophetarum

554 626 636 681 Et
663 633 904 695 quatuor
922 634 1202 686 animalia
1229 636 1480 691 dicebant
1508 656 1524 689 :
1556 638 1752 695 Amen.
1784 644 1851 695 Et
1882 643 2086 709 viginti
2165 644 2386 716 eloquio
2415 643 2487 697 ad
2516 638 2852 712 cognitionis
2882 637 3252 702 intellectum,
3302 641 3362 691 et
3386 636 3511 690 vide
3546 650 3607 688 ea
3630 651 3732 704 qua:

489 721 733 783 quatuor
754 721 991 772 seniores
1011 723 1397 786 ceciderunt,et
1418 728 1793 784 adoraverunt
1818 734 2079 784 viventem
2164 738 2296 789 ante
2325 738 2458 787 sunt
2486 730 2774 803 praedicta,
2802 729 2923 799 jam
2962 731 3158 797 aperte
3186 725 3480 796 completa.
3513 723 3641 778 Hinc
3664 727 3736 777 est

480 805 548 858 in
583 807 781 858 secula
828 810 1175 866 seculorum.
1218 811 1377 867 Sicut
1399 831 1545 885 saepe
1590 817 1801 872 dictum
1840 825 1944 879 est,
1977 820 2080 873 hoc
2161 823 2321 887 illud,
2376 822 2544 887 Audi,
2576 821 2721 887 ﬁlia,
2749 822 2797 871 et
2822 817 2941 870 vide
2973 817 3135 883 (Psal.
3184 820 3355 883 XLIv).
3388 812 3532 867 Audi
3556 811 3738 866 scilicet

483 896 619 987 sunt
648 891 918 987 animalia
963 898 1114 987 quod
1158 900 1430 965 seniores,
1475 902 1531 957 id
1563 909 1646 959 est
1672 911 1855 961 totum
1879 922 2083 978 corpus
2162 912 2452 987 praedicta,
2482 909 2609 964 vide
2637 906 2930 977 completa.

482 979 759 1036 Ecclesiae.
781 982 1159 1048 Quamobrem
1197 994 1254 1043 et
1281 991 1529 1047 seniores
1575 1010 1704 1048 cum
1745 995 2083 1051 animalibus
2163 979 2183 987 ’
2233 1004 2302 1057 Et
2329 1017 2440 1056 ecce
2486 1014 2657 1068 equus
2700 997 2884 1060 albus,
2915 998 2966 1048 et
2996 994 3096 1062 qui
3123 993 3331 1046 sedebat
3367 1006 3531 1059 super
3577 992 3737 1054 illum,

482 1069 665 1124 Amen
694 1074 1054 1143 respondent,
1098 1083 1156 1132 et
1172 1079 1440 1135 animalia
1467 1099 1593 1136 cum
1617 1084 1928 1140 senioribus
1957 1085 2087 1139 ado-
2167 1092 2392 1146 habebat
2437 1104 2661 1151 arcum,
2711 1092 2760 1140 et
2789 1086 2922 1138 data
2954 1087 3029 1136 est
3077 1084 3128 1135 ei
3156 1097 3376 1136 corona.
3431 1081 3537 1134 Per
3561 1093 3739 1149 equum

486 1163 618 1212 rant
637 1163 695 1213 et
720 1162 945 1217 cadunt.
980 1165 1103 1220 Una
1124 1167 1274 1221 enim
1295 1170 1603 1241 eademque
1635 1172 1885 1227 Ecclesia
1906 1174 2086 1228 divcr-
2167 1178 2355 1233 album
2408 1174 2678 1229 debemus
2725 1171 3042 1241 intelligere
3074 1185 3276 1240 corpus
3317 1167 3659 1222 Dominicum
3683 1164 3741 1218 ab

485 1245 564 1300 sis
594 1248 877 1305 vocabulis
907 1253 1167 1321 ﬁgurata,
1202 1262 1260 1310 et
1289 1258 1470 1312 Deum
1499 1261 1799 1329 collaudat,
1824 1269 1881 1317 et
1907 1263 2086 1333 ipsam
2170 1264 2323 1320 omni
2351 1269 2576 1335 peccato
2597 1261 2871 1317 mundum
2903 1278 2915 1312 :
2947 1276 3049 1331 per
3077 1274 3352 1312 sessorem
3379 1256 3547 1321 illius,
3570 1254 3743 1309 divini-

485 1335 655 1389 tidem
686 1337 1019 1409 interposito
1065 1346 1245 1399 Amen
1289 1362 1475 1401 veram
1527 1365 1648 1403 esse
1677 1353 1992 1416 confirmat,
2033 1356 2091 1405 et
2169 1360 2345 1409 tatem
2382 1351 2567 1416 Verbi,
2598 1368 2721 1421 quae
2768 1366 2916 1404 nunc
2944 1348 3139 1418 utique
3168 1363 3340 1417 super
3388 1346 3533 1399 hunc
3562 1360 3741 1414 equum

485 1439 615 1477 eum
639 1441 805 1494 quem
832 1445 961 1483 vero
990 1430 1174 1486 laudis
1201 1436 1477 1504 praeconio
1507 1440 1731 1507 attollit,
1751 1441 1955 1495 cadens
1975 1441 2083 1494 hu-
2169 1441 2671 1511 ascendit,quando
2687 1438 2932 1492 Verbum
2958 1436 3057 1490 Dei
3077 1452 3302 1490 carnem
3321 1441 3379 1488 et
3399 1434 3634 1487 animam
3654 1431 3743 1486 sibi

486 1511 699 1601 milite?
745 1515 963 1571 “dom-t-
1015 1519 1160 1583 Quid
1190 1523 1264 1575 sit
1310 1528 1497 1579 autem
1528 1526 1635 1581 iste
1675 1545 1837 1583 casus
1880 1533 1935 1582 et
1970 1529 2086 1582 haec
2173 1536 2322 1590 intra
2350 1538 2575 1601 uterum
2598 1530 2827 1601 virginis
2855 1528 3160 1598 conjunxit.
3178 1526 3339 1581 Unde
3368 1525 3487 1596 ipse
3510 1540 3602 1595 per
3616 1522 3744 1577 Psal-

486 1599 759 1670 adoratio,
791 1619 962 1677 supra
983 1608 1103 1678 jam
1134 1612 1802 1688 exposuimus.Sequitur:
2123 1690 2142 1692 _
2172 1624 2398 1678 mistam
2419 1600 2670 1692 loquitur
2689 1599 2759 1673 ad
2781 1619 2958 1673 Deum
2978 1618 3227 1681 Patrem,
3248 1622 3309 1669 ut
3333 1618 3644 1684 jumentum
3668 1612 3743 1677 fa-

1399 1756 1445 1779 Π
2109 1690 2154 1749 Β
2172 1718 2289 1769 ctus
2317 1727 2444 1765 sum
2463 1690 2612 1779 apud
2642 1714 2688 1762 te
2721 1710 2893 1778 (Psal.
2926 1711 3119 1771 LXXII),
3162 1712 3268 1759 etc.
3310 1705 3420 1759 Per
3446 1718 3626 1756 arcum
3653 1700 3743 1753 duo

1104 1753 1340 1810 CAPUT
1369 1756 1464 1810 VL
2593 1753 2978 1859 Testamenta,
3012 1753 3220 1865 eanuo
3245 1798 3332 1847 tot
3362 1791 3656 1863 procedunt
3676 1804 3745 1841 88-

558 1869 625 1923 Et
640 1872 757 1925 vidi
775 1888 901 1927 cum
921 1880 1224 1944 aperuisset
1244 1896 1424 1948 agnus
1444 1899 1621 1937 unum
1645 1900 1709 1937 ea:
1727 1891 1924 1953 septem
1941 1888 2095 1953 sigil-
2174 1869 2491 1963 gittaa,quot
2512 1892 2644 1941 sunt
2673 1886 2861 1939 divina
2882 1884 3124 1955 eloquia.
3153 1882 3390 1953 Sagittis
3421 1880 3564 1934 enim
3598 1879 3746 1932 inter-

489 1958 576 2011 lis.
602 1960 833 2030 Apertio
859 1964 1030 2034 sigilli
1060 1968 1327 2023 revelatio
1368 1976 1457 2025 est
1486 1974 1854 2030 sacramenti.
1886 1974 2094 2031 Verum
2178 1958 2446 2035 ficiuntur
2464 1975 2739 2042 homines,
2759 1980 2816 2028 et
2839 1974 2927 2027 his
2945 1971 3167 2042 sagittis
3187 1971 3508 2025 diVinaPum
3528 1967 3748 2036 δαίμω-

487 2063 590 2117 per
616 2055 833 2119 septem
856 2053 1057 2123 sigilla,
1088 2057 1238 2112 sicut
1264 2062 1650 2130 supradictum
1677 2069 1781 2126 est,
1805 2062 2097 2134 plenitudo
2178 2083 2371 2123 rarum
2400 2063 2818 2119 interficiuntur
2839 2060 3080 2132 reprobi,
3102 2065 3167 2114 ut
3196 2060 3515 2113 moriantur
3531 2058 3745 2127 peccato,

486 2139 885 2207 mysteriorum
912 2141 1366 2203 absconditorum
1413 2150 1761 2221 designatur,
1788 2168 1910 2222 quae
1964 2152 2102 2205 late-
2182 2162 2241 2213 et
2269 2157 2451 2210 vivant
2482 2154 2618 2208 Deo.
2642 2152 2802 2207 Unde
2832 2149 3130 2204 Psalmista
3165 2165 3176 2200 :
3224 2147 3451 2215 Sagittae
3481 2151 3580 2199 tua
3604 2147 3749 2195 acuta

489 2222 737 2319 ἱππ-³9⁸⁸
757 2229 1055 2319 εξένεηίιιιη
1080 2234 1324 2289 Ποωίηίο
1346 2237 1480 2300 Qum
1503 2255 1630 2293 cum
1656 2241 1836 2294 milita
1864 2240 1997 2305 Sint,
2039 2244 2096 2293 et
2178 2248 2351 2319 (Psal.
2374 2246 2534 2308 XLIV),
2568 2245 2626 2295 et
2645 2245 2865 2295 caetera.
2902 2238 3004 2292 His
3034 2236 3259 2307 sagittis
3305 2249 3569 2306 percussa
3596 2231 3750 2285 fuerat

488 2312 839 2370 multimodis
863 2322 1260 2391 praenuntiata,
1288 2330 1353 2379 ut
1371 2327 1451 2380 ait
1476 2329 1773 2398 Apostolus
1803 2347 1815 2381 :
1847 2330 2086 2395 Multi/a-

2178 2312 2569 2403 Ecclesia,quaa
2597 2328 2819 2384 dicebat
2850 2347 2860 2381 :
2890 2327 3235 2382 Invenerunt
3264 2341 3358 2379 me
3387 2322 3652 2385 custodes,
3672 2318 3747 2390 qui

491 2403 642 2455 riam
667 2407 964 2474 multisque
979 2412 1159 2465 modis
1185 2416 1320 2467 olim
1342 2417 1485 2469 Deus
1507 2420 1728 2487 loquens
1752 2419 2010 2486 patribus
2033 2420 2095 2471 in
2177 2425 2529 2479 circumeunt
2547 2419 2850 2480 civitatem,
2878 2419 3279 2488 percusserunt
3312 2430 3407 2468 me
3440 2418 3497 2466 et
3523 2410 3749 2464 vulnera“

492 2492 768 2559 ΡνοΡῙθειίε
800 2495 975 2561 (θεὸν.
1002 2509 1064 2569 1),
1099 2508 1336 2571 possunt
1384 2509 1575 2560 tamen
1605 2506 1865 2560 universa
1916 2505 2097 2560 tribus
2178 2516 2391 2568 verunt
2436 2526 2546 2566 me.
2579 2509 2688 2562 Per
2714 2522 2977 2561 coronam
3032 2520 3163 2558 vero
3215 2519 3344 2574 quae
3391 2502 3473 2555 illi
3507 2499 3631 2554 data
3660 2502 3746 2559 est,

492 2578 675 2633 modis
726 2587 1142 2676 comprehendi,
1191 2591 1403 2647 scilicet
1451 2594 1750 2661 locutione,
1785 2595 2006 2650 actione
2037 2600 2093 2649 et
2174 2616 2474 2676 possumus
2498 2597 2816 2667 intelligere
2838 2594 3228 2649 credulitatem
3242 2591 3499 2646 omnium
3523 2586 3749 2676 gentium

494 2682 680 2757 Opere.
711 2671 865 2726 Verbi
887 2677 1071 2744 gratia
1102 2694 1115 2728 :
1148 2679 1284 2735 Ecce
1314 2683 1500 2745 venio,
1534 2684 1741 2738 locutio
1763 2694 1878 2739 est:
1910 2684 1978 2739 In
2007 2701 2096 2738 ca-
2174 2671 2235 2747 in
2260 2690 2497 2746 circuitu
2528 2688 2701 2757 hujus
2749 2685 2935 2740 saeculi
2983 2681 3480 2737 commorantium.
3530 2675 3750 2732 Surrexit

494 2756 612 2845 pite
631 2758 762 2813 libri
782 2762 1051 2834 scriptum
1080 2773 1165 2822 est
1188 2768 1258 2824 de
1288 2787 1398 2837 me,
1422 2773 1668 2843 cognitio
1688 2778 1773 2828 est
1792 2772 2093 2845 prmmissze
2175 2777 2324 2831 enim
2355 2795 2389 2830 ει
2411 2756 2668 2839 mortuis,
2702 2772 3039 2844 praedicatus
3066 2776 3153 2825 est
3176 2769 3246 2824 ab
3271 2768 3561 2840 apostolis,
3594 2763 3748 2818 credi-

493 2844 1103 2935 locutionis,Christum
1129 2858 1620 2929 demonstrans,de
1643 2879 1752 2934 quo
1773 2844 2045 2935 propheta
2074 2880 2086 2915 :
2172 2870 2266 2920 tus
2294 2882 2328 2918 a
2355 2868 2475 2918 toto
2505 2863 2742 2918 mundo.
2799 2862 2866 2914 Et
2911 2863 3064 2913 exiit.
3099 2859 3279 2924 Unde,
3321 2858 3433 2913 nisi
3469 2860 3651 2927 aperto
3692 2851 3751 2905 si-

494 2934 624 3035 ἔξεσε
656 2943 829 3035 veniet
858 2943 1198 3035 desideratus
1228 2954 1440 3003 cunctis
1468 2954 1719 3018 gentibus
1746 2934 1948 3024 (Agger.
1990 2955 2054 3019 ΙΙ)
2072 2994 2085 3008 .
2113 2954 2327 3035 Cgillo,
2358 2952 2415 3006 id
2444 2957 2531 3006 est
2560 2967 2624 3004 ex
2654 2950 2899 3004 revelato
2940 2948 3361 3020 Scripturarum
3392 2947 3741 3035 sacramento.

496 3023 641 3113 Nam
685 3037 739 3082 et
770 3029 829 3084 in
871 3034 1053 3105 capite
1082 3036 1357 3093 Geneseos
1397 3040 1466 3094 de
1499 3057 1565 3094 eo
1598 3023 1824 3109 dicitur,
1849 3042 1999 3113 quod
2039 3042 2099 3096 in
2116 3023 2156 3035 υ
2178 3023 2335 3098 Tunc
2355 3040 2490 3095 exiit
2517 3040 2586 3094 de
2617 3039 2800 3109 sigillo
2822 3038 3065 3108 quando,
3092 3037 3236 3091 sicut
3249 3036 3627 3108 supradictum
3649 3030 3749 3084 fue-

499 3112 795 3184 principio,
827 3118 883 3171 id
911 3126 997 3175 est
1022 3122 1083 3176 in
1102 3124 1242 3178 Filio
1271 3126 1466 3182 fecerit
1494 3129 1644 3183 Deus
1677 3112 1881 3184 cmlum
1910 3136 1967 3184 et
1983 3136 2099 3184 ter-
2181 3134 2293 3196 rat,
2322 3130 2649 3184 incarnatus
2686 3133 2791 3192 est,
2823 3128 2927 3180 hoc
2957 3131 3059 3191 est,
3095 3126 3319 3196 quando
3366 3123 3604 3180 Verbum
3640 3134 3748 3177 caro

498 3215 642 3289 ram.
676 3203 835 3265 Quod
861 3205 1007 3262 idem
1028 3210 1201 3266 Filius
1229 3214 1297 3268 de
1334 3232 1394 3269 se
1420 3219 1662 3271 ostendit
1689 3219 1745 3272 in
1776 3219 2096 3289 Evangelio,
2180 3219 2391 3272 factum
2415 3223 2519 3272 est.
2553 3216 2701 3271 Exiit
2728 3220 2919 3269 autem
2949 3218 3171 3268 vincens
3201 3212 3508 3277 diabolum,
3540 3209 3751 3282 primum

499 3287 691 3377 dicens
718 3292 924 3348 Judaeis
958 3315 970 3349 :
1005 3298 1120 3366 Ego
1149 3302 1482 3374 principium
1500 3307 1594 3377 qui
1616 3312 1674 3360 et
1702 3308 1900 3377 loquor
1921 3287 2095 3361 vobis.
2180 3308 2240 3360 in
2263 3307 2466 3377 seipso,
2521 3310 2583 3358 ut
2628 3307 2865 3359 vinceret
2900 3303 3165 3374 deinceps
3200 3303 3363 3356 illum
3413 3303 3471 3355 in
3522 3295 3751 3352 membris

500 3375 757 3466 actione,
778 3396 906 3435 cum
936 3387 1211 3456 sequitur,
1233 3397 1297 3444 ut
1324 3375 1533 3447 faciam
1554 3375 1899 3449 voluntatem
1914 3401 2099 3466 tuam,
2181 3396 2318 3450 suis.
2341 3375 2648 3449 Possumus
2675 3398 2733 3447 et
2770 3409 2870 3463 per
2892 3408 3100 3463 equum
3130 3391 3323 3445 album
3355 3389 3653 3459 intelligere
3674 3398 3751 3454 ge-

502 3462 658 3519 Deus
679 3483 857 3525 ωθυει
881 3471 1060 3536 Quam
1089 3480 1471 3548 operationem
1497 3482 1646 3537 idem
1673 3500 1895 3554 quoque
1925 3462 2100 3538 Filius
2181 3484 2450 3538 neraliter
2476 3462 2850 3537 universalem
2883 3462 3213 3545 Ecclesium,
3255 3495 3382 3551 quae
3408 3477 3653 3533 dealbata
3682 3476 3749 3526 est

502 3570 663 3609 suam
696 3572 819 3612 esse
847 3564 1093 3618 ostendit
1121 3582 1251 3621 cum
1282 3568 1340 3623 in
1385 3571 1683 3642 Evangelio
1712 3572 1980 3643 loquitur,
2020 3572 2102 3626 di-
2181 3574 2241 3627 in
2265 3571 2623 3643 baptismate,
2657 3570 2747 3625 cui
2779 3570 3035 3624 Christus
3065 3567 3350 3640 praesidet,
3398 3584 3521 3639 quae
3548 3564 3670 3619 dicit
3700 3560 3748 3613 in

501 3658 633 3697 cens
658 3661 670 3696 :
701 3647 853 3700 Meus
882 3651 1033 3705 cibus
1061 3659 1137 3707 est
1167 3662 1228 3708 ut
1255 3658 1463 3723 faciam
1492 3663 1829 3713 voluntatem
1860 3665 1977 3728 ejus
2003 3664 2102 3728 qui
2185 3662 2402 3733 psalmo
2427 3659 2894 3730 quinquagesimo
2929 3677 2941 3711 :
2966 3658 3225 3727 Asperges
3257 3673 3364 3718 me,
3385 3658 3624 3718 Domine,
3645 3652 3747 3718 hys-

504 3734 661 3785 misit
687 3750 773 3788 me
797 3738 981 3792 Patris
1013 3744 1189 3800 (Joan.
1218 3759 1315 3809 IV).
1350 3747 1625 3801 Czeterum
1661 3753 1725 3801 ut
1752 3748 1993 3811 breviter
2019 3748 2101 3802 di-
2182 3766 2324 3819 sopo,
2346 3756 2394 3803 et
2426 3749 2774 3802 mundabor:
2810 3748 3018 3801 lavabis
3046 3762 3150 3811 me,
3181 3752 3232 3799 et
3251 3760 3419 3813 super
3436 3748 3607 3798 nivem
3625 3741 3751 3793 deal-

501 3834 714 3888 camus,
764 3829 900 3880 tunc
944 3845 1124 3899 agnus
1171 3838 1388 3904 septem
1420 3835 1604 3905 sigilla
1651 3836 1811 3890 nobis
1854 3837 2095 3908 aperuit,
2183 3840 2369 3894 babor.
2400 3836 2732 3909 Specialiter
2768 3841 2957 3890 autem
2989 3835 3047 3888 in
3087 3851 3229 3905 equo
3260 3834 3390 3888 albo
3429 3834 3562 3888 ordo
3585 3826 3749 3901 pradi-

504 3910 729 3977 quando
757 3929 858 3983 pro
886 3917 1067 3973 salute
1095 3926 1310 3989 nostra,
1355 3923 1500 3977 sicut
1528 3931 1652 3978 erat
1694 3925 1752 3978 in
1794 3925 2099 3996 Scripturis
2181 3932 2434 3981 catorum
2457 3924 2809 3997 exprimitur,
2833 3925 2902 3978 de
2929 3939 3039 3995 quo
3064 3923 3203 3977 dicit
3230 3917 3745 3988 Habacuc((}ap.lu):

503 3998 714 4054 sanctis
741 4001 810 4056 de
840 4021 905 4059 eo
933 4010 1293 4078 promissum,
1315 4016 1368 4066 et
1389 4014 1542 4067 nasci
1567 4020 1625 4068 et
1645 4014 1786 4068 mori
1815 4020 1872 4068 et
1891 4032 1925 4069 a
1954 4031 2102 4069 mor-
2180 4016 2415 4071 Ascende
2452 4029 2617 4082 super
2646 4029 2806 4082 equos
2839 4019 2977 4076 tuos,
3008 4017 3067 4066 et
3093 4012 3380 4082 equitatus
3412 4017 3541 4065 tuus
3568 4006 3747 4062 sanitas

498 4085 616 4175 tuis
641 4104 955 4162 resurgere,
989 4113 1091 4152 nec
1127 4116 1239 4154 non
1270 4101 1343 4155 ad
1372 4093 1539 4156 caelos
1568 4104 1869 4158 ascendere
1903 4104 2095 4170 voluit,
2193 4111 2297 4159 est.
2330 4104 2438 4168 Qui
2460 4105 2592 4173 jure
2621 4103 2751 4172 equi
2773 4101 2994 4157 Domini
3018 4105 3306 4165 vocantur,
3334 4101 3431 4171 qui
3457 4116 3492 4153 a
3518 4095 3751 4153 Dominus

507 4179 564 4227 et
582 4192 642 4229 se
672 4178 740 4231 ad
757 4180 1034 4249 judicium
1062 4193 1365 4243 venturum
1398 4207 1521 4244 esse
1544 4192 1819 4263 praedixit.
1853 4193 2015 4247 Unde
2043 4198 2101 4247 et
2180 4194 2295 4248 illis
2324 4192 2633 4264 praesidens
2672 4208 2773 4262 per
2802 4191 2925 4245 illos
2974 4191 3265 4244 universas
3307 4194 3508 4259 gentes
3537 4180 3752 4241 circuivit

504 4278 806 4352 resurgens
834 4285 869 4323 a
896 4276 1153 4342 mortuis,
1175 4279 1398 4348 aperuit
1434 4280 1724 4351 discipulis
1763 4298 1991 4335 sensum
2037 4286 2158 4352 ut“
2181 4280 2534 4352 praedicando
2555 4285 2725 4350 atque
2755 4280 2825 4332 ad
2854 4279 3021 4333 fidem
3039 4295 3201 4333 suam
3223 4269 3751 4347 colligendo,quand0

508 4333 887 4441 intelligerent
914 4363 1103 4418 Omnia
1142 4333 1266 4436 qua:
1314 4368 1383 4422 de
1421 4368 1542 4439 ipso
2181 4333 2524 4441 illi'profecti
2551 4333 2993 4439 praedicaverunt
3040 4367 3267 4438 ubique,
3302 4333 3388 4420 de,
3401 4382 3513 4438 qua
3539 4333 3751 4418 sessione

509 4438 812 4512 Scripturis
827 4450 1253 4516 sanctis,dicens
1274 4456 1406 4527 quia
1434 4438 1513 4512 sic
1540 4462 1781 4526 oportuit
1798 4463 1920 4528 pali
1943 4461 2102 4515 Chri-
2184 4459 2354 4513 etiam
2374 4457 2646 4513 Dominus
2661 4457 2825 4511 dicit:
2854 4458 2981 4511 Ecce
3011 4473 3104 4523 ego
3132 4457 3410 4509 vobiscum
3437 4471 3561 4509 sum
3604 4449 3753 4505 omni-

507 4532 656 4585 stum
676 4538 725 4586 et
744 4550 1025 4606 resurgere
1042 4558 1078 4595 a
1098 4549 1335 4599 mortuis
1352 4546 1648 4617 (Act.xvn).
1668 4548 1805 4602 Inde
1825 4553 1911 4603 est
1929 4547 2101 4602 etiam
2186 4549 2283 4602 bus
2311 4549 2501 4601 diebus
2520 4563 2687 4615 usque
2716 4548 2789 4599 ad
2809 4548 3345 4599 consummationem
3371 4536 3746 4613 saeculiﬂllatth.

507 4621 655 4690 quod
676 4622 963 4697 discipulis
985 4631 1256 4702 Spiritum
1281 4641 1535 4689 sanctum
1567 4653 1628 4690 se
1656 4639 1960 4690 missurum
1978 4653 2103 4708 pro-
2184 4640 2398 4704 xxvm).
2458 4637 2642 4706 Eques
2673 4650 2806 4704 ergo
2856 4634 2950 4704 qui
2993 4632 3243 4698 sedebat,
3297 4632 3542 4687 habebat
3567 4639 3746 4686 arcum,

505 4709 783 4783 misit,qui
808 4731 904 4770 eos
931 4718 1157 4776 doceret
1190 4724 1397 4792 omnia,
1421 4730 1478 4778 et
1507 4725 1599 4796 qui
1627 4725 1706 4779 eis
1727 4742 1849 4795 quae
1869 4731 2101 4781 ventura
2185 4725 2318 4797 quia
2356 4741 2456 4795 per
2483 4723 2942 4795 praedicationem
2969 4722 3261 4805 doctorum
3292 4720 3584 4776 sententiis
3609 4710 3751 4770 divini

506 4806 670 4855 erant
706 4808 1085 4864 annuntiaret-
2185 4814 2354 4868 Verbi
2382 4814 2639 4868 Christus
2663 4811 2937 4883 percussit
2963 4811 3132 4865 corda
3169 4810 3491 4881 gentilium,
3523 4813 3579 4861 et
3608 4807 3749 4858 inter-

578 4889 646 4942 Et
672 4894 870 4948 audivi
912 4913 1095 4953 unum
1140 4918 1204 4954 ex
1244 4908 1486 4970 quatuor
1530 4906 1874 4958 animalibus
1919 4906 2103 4959 dicens
2184 4903 2317 4958 fecit
2335 4903 2393 4956 in
2422 4902 2501 4956 eis
2531 4902 2669 4955 vitia
2695 4907 2753 4955 et
2778 4912 3025 4971 peccata,
3060 4905 3125 4954 ut
3151 4905 3343 4970 posset
3382 4909 3661 4967 resurgam
3683 4904 3753 4943 $8-

508 4979 777 5046 tanquam
807 4999 982 5038 rorem
1009 4992 1251 5044 tonitrui
1277 5008 1292 5042 :
1332 4994 1459 5046 Veni
1494 4998 1543 5045 et
1568 4994 1704 5047 ride.
1750 4994 1815 5047 In
1852 4994 1955 5048 hoc
1981 4994 2104 5047 loco
2184 4991 2332 5045 nitas
2361 4990 2653 5045 virtutum.
2686 4989 2907 5043 Coruna
2925 4994 3116 5043 autem
3146 4987 3456 5041 secundum
3484 4986 3628 5038 hunc
3652 4993 3751 5033 sen-

507 5079 684 5121 unum
700 5069 909 5125 animal
928 5073 1268 5142 primitivam
1294 5079 1596 5150 Ecclesiam
1619 5080 1897 5150 signiﬁcat
1916 5097 1981 5134 ex
2008 5081 2103 5134 Ju-
2186 5096 2312 5134 sum
2342 5077 2644 5149 dupliciter
2663 5082 2848 5149 potest
2864 5076 3107 5146 intelligi
3126 5095 3138 5128 :
3157 5074 3257 5129 Vel
3279 5075 3511 5129 victoria
3529 5068 3751 5125 videlicet

508 5154 662 5221 decis,
688 5157 756 5211 de
778 5160 980 5228 quibus
1008 5165 1276 5236 scriptum
1304 5149 1565 5240 est,quod
1589 5149 1704 5223 una
1732 5169 1823 5223 die
1850 5170 2103 5224 credide-
2186 5172 2507 5222 sanctorum
2519 5166 2588 5219 de
2609 5165 2831 5219 diabolo
2844 5171 2901 5220 et
2918 5164 3369 5236 persecutoribus
3381 5164 3545 5234 hujus
3564 5154 3750 5218 mundi,

506 5248 642 5298 ιύῐη
667 5246 780 5300 tria
822 5248 1016 5318 millia,
1064 5254 1177 5308 alia
1206 5257 1454 5329 quinque
1496 5257 1696 5324 millia,
1744 5264 1800 5313 et
1843 5259 2105 5330 deinceps
2184 5257 2272 5311 vel
2300 5255 2471 5310 etiam
2501 5253 2803 5308 multitudo
2844 5253 3225 5324 subjectorum
3256 5252 3625 5318 ﬁdelium,pro
3653 5242 3751 5314 qui-

508 5335 909 5405 multa‘nmillia.
945 5341 1189 5398 Joannes
1211 5350 1400 5401 autem
1424 5347 1726 5401 Ecclesiam
1754 5353 2101 5420 sequentem.
2188 5345 2293 5399 bus
2318 5343 2425 5416 ipsi
2450 5341 2964 5397 remunerationem
3008 5340 3204 5396 aeterni
3243 5340 3403 5411 regni
3446 5334 3749 5420 percipiunt,

504 5423 654 5479 Dicit
675 5442 807 5498 ergo
827 5431 1060 5501 angelus
1080 5432 1282 5489 Joanni
1302 5453 1315 5488 :
1334 5435 1477 5490 Veni
1497 5441 1555 5490 et
1577 5436 1721 5503 vide,
1753 5416 1887 5509 quia
1913 5437 2110 5492 videli-
2192 5435 2336 5490 sicut
2348 5432 2651 5505 Apostolus
2678 5430 3030 5487 auditoribus
3048 5430 3182 5485 dicit
3214 5431 3439 5499 (Philip.
3470 5432 3550 5495 1v)
3579 5444 3589 5478 :
3616 5416 3752 5486 Ουοά

511 5522 600 5574 cet
624 5518 871 5576 Ecclesia
897 5520 1185 5593 primitiva
1212 5540 1317 5579 sua
1346 5524 1603 5580 doctrina
1625 5529 1684 5580 et
1718 5527 2113 5600 praedicatione
2192 5526 2460 5593 gaudium
2505 5526 2607 5576 aut
2644 5538 2767 5593 quae
2809 5536 3009 5577 corona
3051 5519 3245 5591 gaudii
3273 5518 3403 5585 mei,
3455 5529 3630 5571 nonne
3673 5522 3751 5561 vos
