4006 6164
276 268 414 326 1οἳ5

1162 267 1546 324 EXPOSITIO
1577 267 1659 322 IN
1685 267 2209 331 APOCALYPSIN.
2245 302 2314 318 —
2343 276 2480 331 LIB.
2512 276 2589 331 ΙΙ.

3411 284 3555 343 1026
3618 254 3622 263 ’

266 394 402 448 estis
421 394 446 446 ?
485 392 666 447 Exivit
693 393 783 446 hic
811 392 950 447 ordo
980 393 1410 463 praedicatorum
1448 410 1483 447 a
1518 393 1712 448 Iudaea
1738 408 1870 447 cum
1887 397 1936 454 Α
1955 398 2176 453 terfecit
2195 400 2396 455 Adam.
2412 402 2530 456 Hoc
2550 406 2636 456 est
2650 403 2801 456 enim
2823 404 2972 473 quod
2995 404 3086 459 hic
3100 405 3324 475 dicitur,
3338 413 3403 463 ut
3420 409 3557 465 invi-

265 499 368 536 suo
393 481 601 552 equite,
634 481 737 535 hoc
766 485 872 548 est,
896 496 1025 535 cum
1056 481 1279 536 Christo
1300 481 1406 534 sibi
1427 481 1648 535 dicente
1674 500 1685 534 :
1713 480 1799 534 Ite
1819 480 1877 532 in

1957 501 2079 539 cem
2102 503 2163 540 se
2186 487 2527 543 interﬁciant
2556 490 2828 545 homines.
2850 492 2957 545 Per
2974 492 3226 549 membra
3251 513 3354 550 sua
3378 499 3552 552 etiam

265 570 543 625 mundum
591 570 936 624 υηίνθΐευω·
973 571 1215 623 Vince“
1264 570 1777 659 Primoﬂdiabomm
1815 568 1875 659 ifl
1950 582 2177 652 jugulat
2200 585 2427 648 multos,
2454 589 2512 640 et
2536 585 2908 657 spiritualiter
2935 591 3248 659 separando
3277 608 3312 645 a
3340 593 3468 658 ﬁde,
3502 598 3561 648 et

269 660 473 731 seipso,
506 665 572 714 ut
597 659 845 714 vinceret
889 659 1049 713 illum
1078 664 1276 729 postea
1322 658 1381 710 in
1428 657 1573 724 aliis,
1618 674 1758 728 quos
1802 656 1873 711 ab

268 748 593 804 idololatria
620 753 869 802 traxerat
896 748 968 802 ad
998 746 1207 801 Christi
1228 746 1528 800 culturam.

342 849 411 902 Et
438 832 899 915 cum‘aperu-isset
930 847 1185 912 sigillum
1211 845 1532 908 secundum,
1564 846 1763 897 audivi
1790 859 1873 898 se-

270 939 521 991 cundum
547 937 785 998 animal,
818 935 1003 988 dicens
1028 951 1044 986 :
1078 934 1205 987 Veni
1233 937 1281 985 et
1305 933 1443 985 vide.
1469 933 1536 986 Et
1560 935 1696 985 exiit
1722 934 1872 985 alius

267 1041 442 1093 equus
462 1027 649 1093 rufus.
670 1023 829 1078 Sicut
849 1021 1109 1092 superius
1139 1037 1240 1092 per
1267 1019 1457 1074 album
1484 1036 1692 1090 equum
1714 1020 1877 1073 intel-

267 1114 511 1168 leximus
530 1128 732 1183 corpus
768 1110 999 1176 Christi,
1022 1110 1127 1164 hoc
1156 1114 1259 1173 est,
1285 1118 1537 1162 sanctam
1567 1108 1874 1161 Ecclesiam

269 1219 307 1256 a
324 1207 556 1273 peccato
577 1200 843 1254 mundam
867 1216 966 1270 per
986 1198 1329 1268 baptismum
1352 1201 1409 1250 et
1431 1195 1637 1250 Christi
1667 1195 1879 1266 passio-

267 1307 426 1357 nem,
450 1291 531 1345 sic
557 1290 615 1343 in
646 1290 753 1343 hoc
779 1289 901 1342 loco
921 1304 1021 1358 per
1041 1302 1249 1356 equum
1279 1287 1466 1338 rufum
1498 1283 1766 1338 debemus
1793 1283 1877 1337 in-

265 1379 528 1450 telligere
569 1394 735 1432 omne
783 1357 984 1447 corpus
1030 1373 1255 1431 diaboli,
1291 1374 1395 1426 hoc
1424 1377 1529 1437 est,
1562 1357 1757 1426 omnes
1784 1388 1875 1425 rc-

263 1467 480 1540 probos
497 1487 517 1521 :
542 1466 677 1538 quia
704 1466 851 1519 sicut
880 1463 1135 1519 Christus
1157 1468 1243 1516 est
1269 1467 1439 1531 caput
1468 1461 1720 1514 omnium
1743 1460 1877 1514 ﬁde—

266 1556 435 1620 lium,
468 1563 524 1610 et
571 1570 766 1608 omnes
813 1553 1007 1607 ﬁdeles
1037 1568 1240 1621 corpus
1284 1551 1404 1619 ejus
1433 1549 1490 1602 in
1521 1548 1725 1619 quibus
1757 1548 1877 1618 ipse

1956 672 2323 742 corporaliter
2351 674 2734 729 subtrahendo
2759 674 2829 728 ab
2854 676 2960 729 hac
2987 677 3130 744 luce,
3156 680 3300 735 sicut
3327 698 3428 752 per
3453 683 3561 737 Ne-

1954 775 2169 828 ronem,
2218 777 2328 831 per-
2371 762 2753 817 Domitianum
2806 769 2864 818 et
2913 770 3159 821 caeteros.
3214 770 3294 823 De
3351 770 3558 826 talibus

1955 848 2163 920 quippe
2182 849 2483 903 Psalmista
2507 850 2675 905 dicit:
2700 852 3060 909 Exacuerunt
3086 862 3151 908 ut
3173 860 3427 924 gladium
3446 862 3558 915 lin—

1954 951 2094 1002 guas
2123 953 2253 990 suas
2285 940 2456 1005 (Psal.
2514 941 2697 1007 LXIII).
2740 940 2806 994 Et
2844 958 3060 1009 rursus,
3102 945 3320 1013 Lingua
3364 962 3557 1000 eorum

1954 1026 2397 1093 gladiush'acutus
2428 1027 2590 1091 (Psal.
2619 1032 2748 1095 va).

2026 1112 2091 1165 Et
2112 1127 2238 1167 cum
2256 1116 2559 1182 aperuisset
2572 1118 2823 1181 sigillum
2848 1122 3093 1181 tertium,
3110 1121 3306 1175 audivi
3327 1124 3555 1178 tertium

1958 1203 2195 1267 animal,
2227 1204 2411 1255 dicens
2442 1220 2457 1255 :
2500 1204 2629 1256 Veni
2663 1209 2712 1257 et
2759 1207 2897 1269 vide,
2931 1212 2981 1260 et
3008 1224 3118 1261 cccc
3163 1226 3333 1277 equus
3372 1215 3549 1279 niger.

1958 1287 2285 1359 Pcrequum
2308 1290 2530 1360 nigrum
2553 1307 2720 1345 omne
2743 1310 2946 1364 corpus
2967 1295 3304 1368 intelligitur
3321 1299 3550 1367 diaboli,

1956 1375 2100 1430 sicut
2127 1382 2183 1430 et
2212 1395 2384 1449 supra
2410 1396 2511 1449 per
2529 1379 2742 1451 rufum,
2768 1383 2916 1452 quod
2946 1382 3223 1440 fuscatum
3244 1392 3331 1441 est
3359 1388 3552 1459 nigre-

1959 1464 2090 1518 dine.
2118 1476 2493 1535 peccatorum,
2528 1485 2861 1541 semperque
2891 1472 3104 1542 patitur
3137 1475 3399 1542 esuriem,
3426 1478 3562 1547 quia

1959 1554 2116 1622 cupit
2142 1554 2414 1608 devorare
2443 1556 2603 1623 alios,
2630 1562 2799 1628 atque
2825 1559 2882 1613 in
2912 1561 3138 1615 malitiae
3167 1579 3281 1617 sua:
3304 1570 3559 1621 ventrem

265 1661 375 1716 per
412 1644 581 1698 ﬁdem
620 1641 861 1705 habitat,
894 1641 973 1693 ita
1009 1647 1179 1710 caput
1226 1638 1476 1692 omnium
1509 1636 2236 1722 reproborumntrajicere.
2282 1643 2350 1696 Et
2395 1644 2541 1698 sicut
2587 1652 2756 1715 caput
2802 1664 2996 1702 eorum
3037 1666 3394 1722 nequaquam
3424 1653 3561 1709 dicit

266 1703 358 1788 est
380 1732 657 1797 diabolus,
683 1736 740 1785 et
772 1703 968 1784 omnes
1004 1703 1226 1799 reprobi
1252 1743 1456 1796 corpus
1486 1703 1630 1795 eju—s,
1662 1725 1720 1778 in
1751 1703 2194 1795 qui-BSul‘ﬁcit,
2228 1730 2309 1784 ita
2338 1737 2396 1785 et
2436 1733 2529 1786 isti
2575 1703 2864 1804 nunquam
2896 1703 3193 1792 satianttir.

265 1822 379 1876 bus
406 1821 530 1891 ipse
563 1819 799 1872 habitat.
829 1817 1024 1887 Equus
1053 1816 1244 1885 itaque
1271 1814 1430 1868 rufus
1460 1813 1679 1884 antiqui
1705 1812 1879 1866 hostis

266 1917 362 1965 est
386 1926 590 1981 corpus
606 1906 850 1979 peccatis
873 1911 1252 1968 cruentatum,
1274 1909 1332 1957 et
1356 1903 1672 1957 animarum
1704 1902 1882 1955 inter-

267 1996 612 2052 factionibus
632 1994 1025 2065 sanguineum.
1046 1992 1205 2055 Quod
1228 1990 1375 2045 enim
1399 1990 1629 2059 sanguis
1652 1994 1881 2060 peccata

268 2086 577 2158 signiﬁcet,
607 2083 910 2138 Psalmista
933 2081 1255 2135 manifestat
1280 2079 1377 2149 qui
1397 2078 1551 2143 dicit,
1578 2079 1769 2131 Libera
1796 2094 1880 2130 me

268 2176 337 2229 de
370 2174 743 2242 sanguinibus
772 2173 933 2235 Deus,
971 2171 1112 2224 Deus
1152 2167 1325 2238 (Psal.
1366 2170 1437 2233 L).
1472 2166 1587 2236 Ipsi
1613 2165 1762 2218 enim
1792 2181 1882 2218 re-

266 2262 439 2335 probi
467 2261 710 2333 peccatis
740 2264 872 2315 sunt
917 2257 1217 2317 cruentati.
1249 2261 1306 2310 et
1351 2256 1519 2308 etiam
1566 2253 1883 2307 homicidiis

264 2351 494 2407 foedati.
517 2350 678 2405 Unde
697 2354 756 2403 et
778 2364 879 2419 per
902 2347 1233 2418 prophetam
1256 2343 1591 2415 quibusdam
1612 2342 1883 2396 Dominus

266 2440 418 2494 dicit
450 2441 577 2506 (Isa.
612 2443 691 2503 I):
728 2437 871 2490 Cum
909 2433 1283 2489 clamaveritis
1319 2432 1388 2485 ad
1421 2448 1530 2499 me,
1573 2447 1686 2484 non
1712 2446 1884 2483 eat-au-

267 2531 434 2583 diam
461 2544 571 2581 vos.
597 2527 799 2581 Manus
819 2525 971 2579 enim
997 2528 1193 2577 vestrae
1226 2520 1501 2590 sanguine
1525 2520 1709 2590 plenae
1729 2524 1879 2572 sunt.

1961 1817 2221 1872 subditur
2248 1837 2259 1872 :
2298 1820 2365 1872 Et
2395 1824 2495 1887 qui
2521 1823 2729 1875 sedebat
2759 1840 2925 1892 super
2950 1842 3096 1891 eum,
3131 1827 3354 1881 habebat
3392 1835 3561 1884 state-

1964 1922 2087 1960 ram
2113 1910 2176 1960 in
2199 1924 2372 1961 manu
2392 1926 2513 1963 sua.
2542 1908 2885 1966 Mercatores
2913 1914 3097 1967 solent
3116 1914 3263 1969 ferre
3287 1920 3560 1987 stateram

1961 1995 2019 2048 in
2050 2012 2240 2058 manu,
2271 1997 2368 2067 qui
2409 2005 2733 2053 mercantur
2758 2016 2826 2053 ea
2855 2017 2980 2070 quae
3010 2000 3115 2055 sibi
3145 2003 3384 2073 placent,
3419 2021 3558 2076 pen-

1962 2090 2202 2155 sant'que
2222 2101 2289 2139 ea
2313 2101 2438 2155 quae
2458 2086 2596 2140 dant
2616 2093 2673 2141 et
2700 2088 3000 2159 accipiunt.
3026 2090 3135 2144 Sed
3157 2092 3413 2148 diabolus
3436 2111 3559 2165 pes-

1964 2172 2140 2227 simus
2168 2179 2255 2227 est
2301 2180 2594 2240 mercator,
2628 2176 2724 2246 qui
2765 2177 2864 2230 dat
2892 2177 3038 2243 vilia,
3080 2185 3145 2232 ut
3183 2181 3401 2235 auferat
3429 2200 3560 2253 pre-

1964 2261 2126 2315 tiosa.
2158 2262 2381 2316 Statera
2409 2263 2599 2334 itaque
2627 2281 2889 2334 perversa
2919 2267 3038 2336 ejus
3076 2269 3264 2323 suasio
3294 2269 3562 2342 intelligi-

1965 2354 2078 2415 tur,
2110 2350 2243 2420 quia
2263 2350 2430 2404 vitam
2462 2353 2769 2407 multorum
2801 2355 3039 2409 mercari
3065 2357 3287 2426 quaerit,
3311 2363 3376 2412 ut
3401 2375 3564 2414 suam

1966 2438 2208 2492 esuriem
2253 2445 2509 2494 saturare
2555 2447 2744 2511 queat.
2779 2443 2848 2496 Et
2876 2454 2942 2496 ut
2984 2444 3090 2498 hoc
3126 2446 3305 2516 possit
3357 2447 3559 2516 facere,

1964 2526 2121 2597 prius
2152 2527 2233 2580 eis
2272 2527 2475 2596 quibus
2518 2530 2855 2600 temporalia
2891 2532 3194 2601 promittit,
3226 2534 3563 2590 alimentum

270 2619 426 2673 Hinc
456 2621 543 2670 est
567 2614 717 2686 quod
748 2613 981 2667 inferius
1008 2610 1209 2675 bestia,
1231 2624 1400 2680 super
1419 2623 1588 2679 quam
1613 2606 1880 2661 meretrix
1960 2614 2131 2668 Verbi
2169 2615 2270 2668 Dei
2301 2617 2599 2682 subtrahit,
2650 2635 2760 2688 quo
2804 2625 3032 2673 necatos
3072 2621 3131 2674 in
3162 2638 3364 2693 corpus
3392 2641 3559 2678 suum

266 2707 456 2769 sedet,
489 2704 749 2758 coccinea
775 2717 896 2755 esse
924 2698 1269 2771 perhibetur.

1968 2719 2279 2767 assumens,
2313 2703 2516 2757 famem
2550 2706 2778 2760 malitiae
2799 2724 2913 2762 suae
2943 2715 3150 2778 augeat
3176 2711 3362 2780 potius
3390 2729 3563 2783 quam

344 2805 417 2858 Et
436 2804 536 2872 qui
554 2802 766 2855 sedebat
788 2814 953 2866 super
972 2814 1116 2859 eum,
1137 2798 1333 2849 datum
1354 2800 1430 2848 est
1452 2796 1544 2848 illi
1565 2799 1624 2846 ut
1641 2797 1881 2847 sumeret
1968 2791 2228 2861 depellat.
2255 2792 2363 2846 Dat
2391 2793 2522 2846 vilia
2545 2795 2799 2864 quaedam
2829 2804 2886 2849 et
2913 2798 3264 2867 temporalia,
3297 2804 3355 2854 et
3382 2802 3566 2856 aufert

259 2908 468 2964 pacem
496 2892 559 2944 de
589 2895 759 2943 terra.
795 2888 937 2941 Data
964 2891 1050 2940 est
1077 2884 1297 2939 diabolo
1326 2889 1577 2954 potestas
1604 2889 1668 2935 ut
1696 2885 1886 2935 sumat
1965 2880 2213 2952 pretiosa
2243 2887 2300 2934 et
2327 2887 2555 2945 acterna,
2596 2883 2741 2936 sicut
2768 2884 2901 2939 Adae
2926 2884 3082 2939 dedit
3109 2903 3359 2957 pomum.
3393 2895 3451 2944 et
3473 2895 3564 2944 to-

271 2997 481 3056 pacem
509 2980 579 3033 de
605 2984 776 3043 terra,
806 2976 1029 3047 quando
1056 2973 1403 3045 permittitur
1428 2973 1580 3041 justo
1609 2970 1711 3024 Dei
1735 2970 1885 3039 judi-
1899 3011 1948 3056 n
1966 2975 2087 3024 tum
2120 2986 2221 3040 per
2247 2969 2406 3023 illum
2435 2970 2495 3024 in
2524 2971 2656 3025 ﬁliis
2684 2972 2801 3025 suis
2822 2974 3035 3044 accepit
3064 2976 3357 3030 mundum.

270 3073 387 3135 cio,
414 3074 483 3125 ut
500 3070 607 3123 hoc
627 3066 804 3138 possit
820 3065 1020 3118 facere.
1035 3063 1169 3117 Tale
1189 3067 1276 3115 est
1292 3061 1416 3123 hoc,
1441 3060 1605 3130 quale
1626 3064 1683 3113 et
1702 3058 1841 3111 illud
1866 3074 1879 3111 :
1902 3058 1946 3073 "
2027 3059 2093 3112 Et
2113 3060 2311 3111 audivi
2332 3075 2522 3112 vocem
2548 3064 2815 3129 tanquam
2837 3078 3015 3115 vocem
3043 3065 3105 3116 in
3126 3065 3302 3118 medio
3322 3071 3566 3133 quatuor

270 3161 579 3217 Induravit
596 3159 867 3211 Dominus
893 3169 985 3207 cor
1007 3153 1318 3206 Pharaonis
1337 3150 1525 3215 (Exod.
1552 3158 1646 3218 x1).
1666 3147 1884 3201 Notan-
1966 3146 2328 3211 animalium,
2359 3147 2664 3200 dicentium
2696 3165 2713 3200 :
2746 3150 2972 3202 Bilibris
3004 3153 3185 3205 tritici
3228 3152 3488 3215 denario.
3516 3160 3566 3209 et

271 3251 417 3305 dum
440 3252 632 3301 autem
654 3244 787 3316 quia
806 3259 917 3297 non
939 3242 1008 3295 de
1025 3241 1181 3300 caelo,
1204 3238 1304 3293 sed
1326 3237 1394 3291 de
1414 3242 1567 3291 terra
1590 3235 1774 3289 aufert
1791 3235 1885 3288 ille
1969 3239 2075 3287 tres
2096 3235 2315 3288 bilibres
2336 3235 2528 3288 hordei
2545 3236 2795 3299 denario,
2815 3242 2862 3290 et
2886 3240 3084 3292 vinum
3113 3245 3161 3292 et
3187 3243 3367 3295 oleum
3388 3259 3456 3296 ne
3481 3245 3567 3297 la:-

271 3353 498 3410 pacem.
522 3335 738 3389 C(elum
765 3332 972 3403 quippe
994 3329 1275 3399 signiﬁcat
1294 3331 1534 3391 sanctos,
1561 3324 1762 3396 quibus
1780 3324 1888 3377 Do-
1968 3325 2131 3379 seris.
2171 3323 2301 3377 Haec
2328 3339 2429 3376 vox
2469 3340 2637 3394 quam
2680 3324 2894 3379 audivit
2932 3326 3194 3396 Joannes,
3228 3345 3333 3383 vox
3360 3330 3570 3385 intelli-

271 3428 471 3481 minus
489 3437 822 3478 ascensurus
842 3420 909 3473 ad
943 3419 1189 3480 Patrem,
1212 3415 1379 3469 dicit:
1408 3417 1599 3468 Pacem
1624 3429 1799 3467 meam
1822 3413 1889 3466 do
1970 3410 2125 3481 gitur
2146 3410 2248 3465 Dei
2275 3411 2696 3482 omnipotentis,
2725 3414 2950 3483 quando
2994 3416 3256 3471 adunatis
3298 3419 3369 3473 ad
3388 3420 3568 3474 ﬁdem

273 3517 432 3569 vobis
458 3514 635 3581 (Joan.
660 3512 799 3574 xxv).
831 3507 914 3561 Ab
934 3506 1024 3559 his
1046 3520 1160 3558 non
1179 3507 1365 3575 potest
1389 3501 1645 3555 diabolus
1671 3500 1892 3554 auferre
1971 3498 2253 3569 gentibus,
2288 3516 2319 3553 a
2358 3500 2582 3554 laesione
2621 3501 2924 3556 electorum
2956 3504 3229 3559 Dominus
3273 3506 3569 3577 antiquum

277 3618 506 3676 pacem.
527 3599 662 3670 quia
680 3596 933 3652 caelestes
949 3599 1101 3660 sunt,
1118 3599 1176 3648 et
1194 3599 1403 3647 terram
1425 3590 1660 3654 calcant,
1686 3588 1893 3643 haben-
1973 3588 2353 3642 adversarium
2384 3589 2724 3660 compescuit
2748 3590 3040 3661 ipsamque
3072 3592 3278 3654 docuit,
3305 3594 3572 3663 quemad-

276 3698 375 3746 tes
393 3688 703 3761 principem
722 3685 872 3757 pacis
888 3680 1366 3744 habitatorem,de
1379 3696 1489 3751 quo
1505 3680 1713 3733 Paulus
1733 3677 1886 3731 dicit:
1976 3677 2201 3730 modum
2232 3678 2649 3730 infestationem
2680 3677 2856 3748 ipsius
2887 3687 3117 3748 possent
3157 3681 3409 3748 evadere,
3442 3699 3570 3736 cum

278 3784 406 3850 Ipse
426 3784 502 3832 est
524 3792 641 3846 pax
660 3779 849 3831 nostra
864 3773 1080 3841 (Ephes.
1112 3771 1203 3843 ιι).
1228 3770 1309 3824 De
1336 3774 1491 3822 terra
1514 3767 1683 3832 enim,
1706 3766 1760 3819 id
1784 3771 1886 3830 est,
1975 3764 2057 3818 ait
2081 3782 2093 3817 :
2129 3767 2509 3819 Paenitentiam
2538 3768 2682 3832 agile
2710 3766 2920 3833 (Matth.
2950 3769 3056 3834 In),
3090 3773 3145 3822 et
3173 3773 3394 3824 caetera.
3425 3771 3572 3842 Apo-
3635 3834 3639 3838 ,

279 3870 358 3923 de
407 3864 646 3920 terrenis
693 3860 1016 3916 hominibus
1059 3858 1234 3914 sumit
1277 3873 1492 3929 pacem,
1527 3856 1769 3925 facitque
1797 3870 1892 3908 eos
1975 3851 2133 3906 stolis
2179 3868 2400 3922 quoque
2438 3851 2627 3921 jussit,
2659 3857 2723 3905 ut
2761 3857 2959 3907 euntes
2997 3853 3348 3925 baptizarent
3376 3873 3572 3913 omnes

280 3955 595 4017 discordes,
616 3958 674 4007 et
702 3950 1037 4005 zizaniorum
1061 3946 1298 4002 divortia
1322 3946 1471 4000 inter
1499 3961 1595 3999 eos
1629 3942 1889 4007 seminat,
1975 3944 2192 4010 gentes,
2232 3939 2494 3993 docentes
2524 3954 2617 3992 eas
2664 3944 2725 3993 ut
2756 3957 2789 3994 a
2819 3940 3042 3995 cultura
3071 3942 3349 3999 idolorum
3380 3946 3451 4000 ad
3477 3962 3573 3999 ve-

281 4043 561 4117 quoniam
583 4046 737 4094 terra
758 4044 907 4103 sunt,
932 4038 989 4091 id
1010 4043 1097 4091 est
1117 4041 1346 4090 terrena
1371 4039 1426 4088 et
1443 4031 1771 4087 transitoria
1795 4031 1898 4084 im-
1978 4044 2105 4082 rum
2137 4028 2229 4081 Dei
2255 4032 2716 4081 converterentur
2748 4029 2983 4084 cultum.
3010 4031 3166 4085 Tunc
3196 4032 3349 4086 enim
3379 4033 3574 4088 diabo-

281 4114 582 4188 nioderate
602 4129 879 4184 ambiunt.
899 4126 981 4180 De
997 4143 1107 4197 quo
1129 4125 1310 4179 adhuc
1332 4121 1723 4192 subjungitur:
1749 4122 1813 4175 Et
1836 4124 1896 4173 ut
1978 4115 2067 4170 lus
2085 4114 2331 4187 perdidit
2359 4115 2729 4184 frumentum,
2753 4116 3050 4187 hordeum,
3070 4118 3264 4173 vinum
3284 4127 3342 4175 et
3364 4121 3569 4185 oleum,

282 4224 534 4278 invicem
551 4236 602 4272 se
618 4219 979 4284 interﬁciant,
1003 4215 1167 4267 datus
1183 4218 1258 4266 est
1278 4214 1369 4265 illi
1388 4212 1611 4278 gladius
1631 4224 1891 4276 magnus.
1975 4203 2033 4258 id
2063 4210 2149 4259 est
2178 4220 2374 4259 omnes
2402 4204 2616 4271 ﬁdeles,
2641 4205 2919 4277 coepitque
2945 4207 3237 4263 comedere
3265 4210 3473 4280 paleas,
3497 4210 3577 4264 vi-

287 4309 558 4365 Gladium
599 4322 710 4361 non
748 4318 1078 4375 corporeum
1120 4300 1387 4354 debemus
1425 4297 1761 4368 intelligere,
1798 4294 2142 4375 sednnacia
2185 4293 2374 4348 bibere
2420 4298 2478 4346 et
2524 4310 2831 4348 amurcam.
2865 4295 3025 4350 Unde
3067 4301 3125 4350 et
3152 4296 3275 4369 ipsa
3308 4315 3409 4353 vox
3439 4298 3574 4355 sub—

285 4394 667 4469 spiritualem,
691 4409 800 4463 quo
820 4407 939 4467 non
954 4394 1175 4444 tantum
1201 4402 1454 4457 corpora,
1478 4390 1755 4455 quantum
1781 4380 1952 4436 ani:
1979 4382 2141 4444 didit,
2170 4381 2360 4436 dicens
2386 4400 2398 4435 :
2432 4380 2657 4436 Bilibris
2685 4382 2864 4437 tritici
2893 4383 3125 4439 denario
3154 4401 3286 4453 uno,
3319 4386 3582 4442 subaudi-

289 4500 404 4540 ωε
429 4482 784 4556 jugulantur.
820 4477 1054 4533 Gladius
1085 4476 1233 4530 enim
1271 4475 1359 4528 hic
1387 4473 1725 4543 intelligitur
1753 4471 1901 4525 mala
1980 4477 2076 4526 tur
2106 4488 2118 4523 :
2153 4471 2335 4525 Valet.
2370 4469 2478 4524 Sed
2509 4470 2667 4541 prius
2698 4470 2809 4525 ista
2830 4472 2992 4542 juxta
3018 4471 3266 4529 litteram
3292 4482 3423 4531 sunt
3453 4493 3581 4531 con-

290 4568 837 4648 persuasio,locutio
859 4582 1050 4638 prava,
1073 4563 1329 4634 deceptio
1349 4563 1563 4633 iniqua,
1583 4577 1692 4632 quo
1711 4560 1901 4630 gladio
1981 4559 2278 4614 sideranda
2335 4577 2346 4612 :
2406 4558 2631 4613 Bilibris
2668 4560 2842 4613 tritici
2892 4560 2973 4615 ita
3027 4562 3363 4634 intelligitur
3401 4583 3414 4619 :
3456 4565 3580 4620 Duo

292 4646 520 4719 duobus
538 4658 718 4713 modis
734 4656 992 4711 homines
1012 4653 1269 4708 diabolus
1289 4651 1574 4715 interﬁcit,
1603 4667 1732 4704 cum
1754 4649 1902 4703 vide-
1982 4648 2229 4714 sextarii,
2271 4652 2329 4702 et
2363 4652 2478 4701 tres
2533 4646 2762 4701 bilibres
2819 4648 3016 4701 hordei
3063 4666 3158 4703 sex
3223 4651 3467 4705 sextarii.
3512 4653 3583 4707 Et

295 4754 434 4808 licet
458 4747 674 4805 occulte
702 4746 853 4799 mala
881 4742 1139 4813 suggerit
1185 4757 1285 4812 per
1316 4740 1583 4810 seipsum,
1615 4738 1701 4793 vel
1730 4737 1903 4792 etiam

300 4858 431 4897 cum
450 4842 643 4911 aperte
660 4837 845 4907 justos
863 4831 1221 4905 persequitur
1236 4846 1336 4900 per
1350 4828 1605 4883 membra
1619 4844 1740 4893 sua,
1754 4827 1904 4881 unde

298 4932 363 4985 in
400 4924 703 4996 Evangelia
731 4922 1035 4977 habemus:
1070 4919 1208 4973 Cum
1228 4918 1481 4971 diabolus
1508 4933 1562 4969 se
1588 4919 1819 4969 misisset
1841 4917 1905 4969 in

303 5034 399 5075 cor
416 5016 595 5077 Judae,
616 5018 675 5067 ut
698 5013 938 5066 traderet
959 5010 1259 5064 Dominum
1284 5007 1463 5073 (Joan.
1488 5005 1637 5076 xm),
1662 5004 1906 5075 primum

303 5107 515 5179 quippe
534 5101 721 5174 gladio
742 5099 905 5154 malae
924 5095 1323 5168 persuasionis,
1350 5094 1403 5149 ei
1424 5093 1482 5148 in
1508 5093 1699 5146 anima
1718 5091 1908 5146 Domi-

304 5211 445 5250 num
489 5198 556 5247 ut
598 5191 865 5250 traderet,
899 5186 1101 5241 deinde
1130 5183 1411 5256 persuasit
1448 5187 1514 5236 ut
1540 5180 1907 5251 semetipsum

305 5284 671 5339 interﬁceret.
704 5277 863 5334 Unde
892 5276 985 5329 ille
1007 5275 1179 5328 miser
1200 5274 1526 5345 desperans,
1550 5269 1801 5340 seipsum
1826 5270 1908 5322 la-

1984 4737 2310 4810 praacipitur
2335 4735 2419 4789 illi
2448 4735 2542 4806 qui
2573 4734 2803 4789 sedebat
2850 4736 2909 4789 in
2939 4753 3082 4807 equo
3127 4737 3307 4807 nigro,
3339 4739 3444 4793 hoc
3473 4746 3578 4808 est,

1987 4825 2226 4892 diabolo,
2259 4841 2332 4878 ne
2364 4824 2708 4878 frumentum
2755 4829 2954 4894 tangat
2996 4830 3096 4879 aut
3122 4826 3415 4891 hordeum,
3450 4830 3585 4900 quia

1986 4916 2098 4970 duo
2126 4913 2355 4969 sextarii
2384 4912 2575 4978 tritici,
2607 4911 2664 4965 id
2695 4917 2783 4965 est
2808 4911 3024 4966 bilibris
3056 4913 3286 4969 denario
3329 4932 3444 4971 uno
3485 4935 3585 4973 va-

1986 5003 2084 5067 let,
2132 5007 2191 5056 et
2224 5007 2339 5055 tres
2376 4999 2605 5054 bilibres
2652 4999 2849 5053 hordei
2885 5000 3145 5056 similiter
3179 5020 3292 5058 uno
3329 5006 3585 5063 denario.

1990 5090 2100 5144 Sed
2129 5090 2249 5160 jam
2274 5104 2424 5143 nunc
2442 5087 2730 5142 videamus
2751 5088 2886 5158 quid
2906 5088 3017 5143 ista
3043 5090 3362 5161 signiﬁcent
3389 5113 3401 5148 :
3435 5095 3590 5151 Licet

1988 5179 2170 5233 omnis
2202 5176 2447 5233 Ecclesia
2486 5178 2833 5231 frumentum
2860 5177 2953 5242 sit,
2977 5179 3139 5249 juxta
3168 5183 3318 5252 quod
3345 5184 3586 5255 Aposto-

1987 5268 2077 5322 lus
2102 5267 2238 5321 dicit
2259 5269 2308 5334 (Ι
2327 5267 2448 5321 Cor.
2472 5271 2563 5336 x):
2593 5266 2741 5319 Unus
2759 5270 3137 5334 panis,unum
3159 5286 3354 5340 corpus
3377 5292 3393 5326 :
3420 5277 3589 5328 multi

312 5388 460 5445 queo
477 5367 787 5441 suspendit.
818 5364 1089 5421 Similiter
1106 5377 1326 5435 quoque
1347 5359 1570 5413 mulieri
1592 5358 1812 5412 locutus
1826 5362 1915 5412 est
1993 5372 2185 5411 sumus
2215 5358 2279 5408 in
2310 5354 2543 5421 Christo,
2566 5359 2756 5408 tamen
2778 5356 3096 5427 specialiter
3123 5358 3214 5413 hic
3241 5360 3587 5416 frumentum

313 5442 416 5534 per
444 5464 784 5532 serpentem,
815 5455 1004 5510 dicens
1037 5472 1047 5508 :
1083 5454 1196 5508 Cur
1222 5452 1365 5505 Deus
1386 5450 1643 5516 praecepit
1669 5448 1817 5502 vobis
1845 5463 1912 5502 ne
1994 5443 2262 5534 debemus
2297 5442 2613 5512 intelligere
2656 5444 3051 5515 praedicatores
3092 5448 3384 5520 utriusque
3410 5453 3586 5503 testa-

318 5551 665 5607 comederetis
685 5549 748 5602 de
777 5545 932 5616 (Gen.
959 5545 1046 5610 Ill)
1083 5540 1236 5611 ligno
1258 5536 1419 5593 vitae?
1444 5536 1516 5593 Et
1541 5551 1644 5607 per
1672 5550 1799 5590 eam
1822 5535 1913 5590 in-

1995 5532 2193 5601 menti,
2222 5531 2320 5604 qui
2348 5532 2643 5588 moluntur
2668 5532 3033 5592 tribulatione
3051 5536 3341 5608 praesentis
3360 5537 3505 5608 vitae,
3527 5543 3586 5594 et
