4048 6172
425 204 562 282 ιο27
651 183 666 189 ’

834 205 1214 263 HAYMONIS
1252 203 1742 274 HALBEBSTAT.
1785 203 2014 280 Ερωοτ
2059 203 2222 275 cep.
2259 201 2470 275 rens.
2507 207 2552 264 ι.
2595 235 2656 247 -
2696 201 3067 270 COMMENT.
3107 201 3292 262 131131..

3561 201 3696 266 mea

403 331 791 399 excoquuntur
816 327 946 400 igne
974 329 1268 397 passionis,
1303 335 1360 388 et
1387 329 1710 386 efficiuntur
1736 330 1996 404 pulcher--
2015 333 2067 392 Α
2084 329 2234 389 enim
2263 329 2406 386 bene
2425 331 2684 386 infernus
2711 330 3088 401 appellantur,
3111 330 3246 400 quia
3267 329 3417 387 sicut
3437 328 3694 392 infernus

407 417 585 474 rimus
615 418 818 488 Christi
842 418 1022 490 panis,
1047 435 1172 471 eum
1202 417 1486 474 imitantes
1514 419 1610 492 qui
1641 419 1777 473 dicit
1805 419 1873 473 de
1904 436 1963 472 se
1993 437 2004 471 :

411 507 785 580 Nisigranum
808 505 1301 582 frumenticadens
1329 508 1386 560 in
1407 515 1558 562 terra
1588 516 1872 563 mortuum
1895 507 2010 562 fue-

410 597 508 662 rit,
539 601 644 651 etc.
675 597 799 652 Una
823 613 956 669 ergo
981 595 1194 652 bilibris
1223 613 1290 652 ex
1319 595 1534 650 duobus
1565 597 1845 662 sextariis,
1876 596 2008 667 quia

413 685 557 743 solet
586 685 754 740 homo
784 701 880 738 vas
909 683 1136 749 habere,
1171 685 1320 754 quod
1351 685 1500 755 capit
1529 685 1680 750 duos,
1715 684 2004 739 sextarios.

413 774 749 844 intelligitur
774 790 886 826 una
907 773 1139 826 ecclesia
1159 790 1224 826 ex
1251 774 1468 828 duobus
1499 775 1719 845 populis
1744 774 1802 830 in
1833 789 2012 828 unum

416 865 681 932 collectis,
707 865 870 935 juxta
898 865 1034 918 illud
1060 886 1071 920 :
1098 866 1250 918 Alias
1281 882 1396 922 oves
1417 867 1582 919 habeo
1602 883 1719 934 qua:
1740 883 1850 919 non
1881 867 2010 918 sunt

416 973 484 1010 ea:
509 956 605 1010 hoc
641 955 790 1016 ovili,
837 958 885 1006 et
916 956 1044 1006 illas
1075 958 1278 1021 oportet
1319 971 1401 1006 me
1431 955 1719 1016 adducere,
1758 959 1806 1007 et
1835 969 2013 1007 vocem

413 1059 594 1103 meam
612 1043 860 1105 audient,
879 1046 925 1094 et
941 1044 1028 1108 ﬁet
1047 1057 1228 1096 unum
1249 1043 1386 1094 ovile
1404 1047 1452 1094 et
1470 1058 1619 1095 unus
1628 1042 2010 1111 pastoonmz.

413 1137 492 1203 Χ).
518 1131 632 1190 Sub
655 1130 810 1184 duali
837 1136 1027 1184 autem
1058 1147 1294 1184 numero
1323 1130 1821 1201 comprehenditur
1851 1145 2012 1199 prop-

413 1227 503 1281 ter
531 1221 641 1276 duo
670 1222 1032 1282 testamenta,
1063 1218 1147 1270 vel
1177 1229 1407 1288 propter
1442 1218 1730 1287 geminum
1762 1215 2012 1272 dilectio-

2091 436 2448 492 nequaquam
2469 419 2605 474 dicit
2629 418 2869 486 Sufficit,
2887 419 2987 474 sed
3006 435 3122 476 sem
3129 435 3227 488 per
3246 418 3319 474 ad
3340 416 3692 487 recipiendas

2090 508 2309 562 animas
2338 509 2524 563 sinum
2557 508 2727 572 laxat,
2760 507 2842 560 ita
2872 512 2930 560 et
2959 507 3050 560 isti
3079 513 3322 564 mentem
3355 506 3603 564 dilatant
3628 503 3700 560 ad

2093 595 2390 652 ambienda
2442 602 2687 660 terrena,
2738 611 2840 649 nec
2870 599 3094 649 tantum
3136 595 3428 665 acquirere
3457 600 3701 665 possunt

2094 690 2367 756 quantum
2390 685 2639 754 cupiunt.
2661 683 2821 738 Unde
2851 690 3166 754 sequuntur
3193 683 3510 751 diabolum,
3535 682 3594 740 id
3618 686 3703 750 est

2092 772 2390 828 imitantur
2420 774 2578 827 illum
2602 773 2697 843 qui
2725 779 2813 828 est
2841 778 3009 842 caput
3036 772 3217 826 omnis
3247 772 3498 828 malitiae.
3540 771 3700 826 Unde

2095 863 2366 933 scriptum
2387 869 2491 923 est,
2513 863 2821 916 Imitamur
2841 865 2942 930 qui
2961 867 3092 916 sunt
3117 864 3282 914 ittum
3302 878 3366 914 es:
3388 866 3559 929 parte
3587 863 3703 928 ejus

2093 952 2245 1019 (Sap.
2271 953 2348 1016 It).
2378 954 2589 1006 Auctor
2617 951 2806 1022 itaque
2832 951 3029 1006 mortis
3068 955 3263 1004 contra
3293 949 3442 1005 vivos
3474 965 3698 1020 pugna-

2097 1047 2280 1104 turus,
2314 1057 2484 1114 super
2511 1057 2716 1111 equum
2749 1039 3018 1111 pallidum
3046 1039 3224 1106 sedet,
3255 1037 3388 1110 quia
3426 1037 3703 1110 nimirum

2094 1146 2194 1199 per
2222 1128 2467 1182 ofﬁcium
2500 1146 2718 1188 eorum,
2745 1145 2884 1199 quos
2922 1129 3041 1198 jam
3073 1127 3442 1197 spiritualiter
3472 1125 3700 1192 occidit,

2094 1219 2264 1272 vitam
2295 1219 2603 1272 electorum
2632 1217 2988 1286 exstinguere
3021 1215 3312 1288 quaeritﬁt
3342 1217 3476 1270 (tata
3506 1220 3583 1268 est
3615 1216 3703 1270 illi

415 1309 502 1365 nis
526 1313 889 1384 praeceptum.
922 1305 1142 1359 Bilibris
1171 1306 1360 1376 itaque
1388 1305 1558 1358 tritici
1593 1305 1822 1359 denario
1844 1305 2010 1368 valet,
2091 1312 2322 1374 potestas
2338 1309 2499 1375 super
2515 1311 2756 1375 quatuor
2771 1312 2950 1374 partes
2974 1311 3130 1358 terra
3154 1307 3458 1370 interficere
3478 1304 3697 1378 gladio.

417 1387 552 1477 quia
579 1413 774 1452 omnes
804 1395 988 1449 sancti
1007 1395 1250 1464 pretioso
1272 1393 1479 1447 Christi
1503 1411 1774 1464 sangume
1800 1393 2014 1446 redem-
2099 1397 2197 1453 Hic
2215 1402 2408 1467 aperte
2423 1397 2860 1460 demonstratur,
2877 1393 3259 1466 quiasiugulis
3273 1391 3542 1464 gentibus
3554 1391 3706 1448 Deus

416 1485 500 1564 ρίῖ
529 1491 679 1540 sunt.
711 1483 869 1538 Unde
907 1483 1240 1554 Apostolus:
1276 1483 1463 1549 Empti
1498 1485 1644 1535 enim
1683 1487 1808 1535 estis
1835 1483 2014 1549 pretio
2097 1485 2454 1557 cumipotens
2483 1485 2710 1554 angelos
2740 1483 3051 1541 secundum
3077 1482 3337 1538 meritum
3371 1498 3536 1536 suum
3567 1497 3704 1555 ριἐξο

419 1592 622 1648 magno
655 1576 704 1644 (I
733 1575 853 1629 Cor.
893 1573 986 1640 v1).
1009 1571 1105 1624 Vel
1135 1588 1236 1642 per
1272 1571 1566 1626 denarium
1595 1587 1895 1641 possumus
1926 1570 2012 1626 in-
2096 1573 2299 1645 posuit,
2327 1580 2382 1628 et
2401 1574 2551 1628 sicut
2566 1572 2723 1626 bonis
2743 1573 2972 1638 bonum,
3004 1571 3062 1626 id
3091 1579 3180 1625 est
3209 1570 3538 1626 Hicinelem
3569 1585 3704 1638 pra-

420 1662 674 1736 telligere
711 1661 892 1736 ipsum
923 1658 1223 1714 Dominum
1277 1661 1467 1712 Jesum
1501 1659 1812 1723 Christum,
1847 1675 2014 1732 quem
2040 1662 2227 1738 Bfecit
2241 1663 2525 1730 angelum.
2543 1661 2700 1716 Unde
2723 1669 2826 1724 est,
2845 1662 3026 1714 Nemo
3049 1664 3136 1713 est
3154 1659 3380 1727 adjutor
3396 1673 3582 1720 meus,
3595 1655 3706 1713 nisi

420 1749 704 1826 accepturi
731 1754 864 1819 sunt
892 1749 948 1801 in
979 1748 1455 1804 remuneratione.
1490 1748 1832 1802 Laborantcs
1864 1747 2014 1801 enim
2097 1751 2336 1806 Michael
2373 1750 2632 1822 princeps
2682 1753 2882 1806 vester,
2917 1749 2994 1802 ita
3033 1747 3194 1802 malis
3243 1747 3422 1802 [mlas
3468 1745 3705 1820 angelos

418 1833 478 1895 in
505 1839 670 1894 vinea
709 1837 1002 1896 denarium
1033 1843 1389 1910 acceperunt.
1425 1837 1548 1892 Sive
1593 1855 1692 1908 per
1721 1837 2016 1892 denarium
2099 1839 2422 1910 prmposuit,
2437 1838 2674 1908 ideoque
2691 1837 3127 1908 quatuorangeli
3142 1835 3239 1908 qui
3255 1834 3706 1909 quatuorregnis

418 1931 534 1984 vita
555 1933 764 1984 aeterna
792 1927 1144 1996 intelligitur,
1171 1943 1292 1998 qua)
1315 1927 1530 1981 cunctis
1553 1925 1742 1982 electis
1766 1925 2016 1980 dabitun

418 2036 546 2074 cum
575 2016 890 2090 audierint:
933 2017 1128 2080 Venite,
1153 2016 1420 2068 benedicti
1449 2018 1629 2070 Patris
1659 2019 1764 2068 mei
1791 2015 2011 2082 (Matth.

420 2113 572 2171 xxv).
602 2106 740 2160 Tres
764 2110 953 2158 autem
984 2102 1212 2157 bilibres
1239 2103 1455 2166 hordei,
1489 2104 1772 2173 subjectos
1799 2109 1857 2156 et
1887 2103 2009 2158 sim-

420 2197 592 2268 plices
612 2194 930 2266 signiﬁcant
949 2192 1250 2254 auditores,
1271 2191 1365 2262 qui
1387 2191 1490 2246 sub
1511 2191 1759 2247 ternario
1781 2206 2016 2244 numero

423 2275 994 2356 comprehenduntur,
1013 2279 1142 2350 quia
1164 2279 1272 2332 ﬁde
1289 2285 1490 2334 sanctae
1507 2279 1797 2334 Trinitatis
1817 2295 2018 2333 ornan-

423 2377 538 2426 tur.
566 2371 754 2424 Unum
785 2369 975 2438 itaque
1003 2373 1089 2421 est
1117 2367 1381 2422 frumenti
1411 2375 1467 2421 et
1505 2369 1719 2428 hordei,
1756 2367 1888 2440 quia
1914 2365 2018 2420 etsi

425 2460 569 2514 alius
589 2459 760 2514 alium
778 2457 1108 2512 fortitudine
1135 2464 1193 2510 et
1217 2457 1490 2528 dignitate
1515 2457 1801 2529 praecellit,
1826 2463 2019 2508 tamen

426 2565 620 2604 omnes
658 2563 769 2601 uno
809 2545 1014 2600 Christi
1057 2547 1330 2616 sanguine
1377 2552 1510 2599 sunt
1556 2545 1852 2616 redempti.
1900 2542 2020 2598 Etsi

2099 1927 2502 2000 principalibus
2525 1931 2658 1980 sunt
2687 1925 2990 1996 praepositi,
3019 1940 3130 1978 non
3162 1923 3294 1977 boni
3318 1923 3573 1988 fuerunt,
3602 1923 3704 1978 sed

2100 2017 2253 2070 mali.
2270 2018 2409 2070 Data
2421 2021 2508 2070 est
2519 2016 2595 2068 illi
2613 2021 2857 2085 potestas
2874 2030 3044 2084 super
3056 2019 3298 2084 quatuor
3311 2017 3707 2084 partesterm.

2099 2105 2155 2162 id
2176 2112 2262 2159 est
2280 2121 2450 2176 super
2469 2121 2662 2158 omnes
2684 2103 2970 2174 reprobos,
2991 2103 3086 2174 qui
3109 2103 3167 2156 in
3185 2107 3430 2173 quatuor
3451 2099 3710 2173 partibus

2098 2199 2262 2256 terra:
2295 2197 2608 2258 morantur,
2630 2193 2686 2245 in
2720 2191 2934 2246 oriente
2957 2190 3193 2260 scilicet,
3216 2189 3526 2253 occidente,
3551 2188 3709 2260 aqui-

2100 2283 2226 2338 lone
2253 2288 2310 2338 et
2339 2281 2589 2335 meridie.
2616 2281 2660 2333 γ
2665 2281 2714 2333 el
2747 2297 2847 2350 per
2875 2286 3117 2350 quatuor.
3147 2285 3336 2350 partes
3361 2283 3558 2342 terrae,
3578 2293 3709 2349 pos-

2101 2387 2294 2427 sumus
2309 2370 2622 2440 intelligere
2637 2375 2880 2438 quatuor
2893 2384 3066 2436 regna
3077 2367 3428 2438 principalia,
3446 2365 3710 2436 Assyrio-

2102 2475 2227 2512 rum
2247 2458 2498 2512 videlicet
2509 2465 2567 2511 et
2581 2457 2990 2521 Chaldznorum,
3001 2455 3295 2510 Medorum
3307 2461 3364 2508 et
3377 2455 3710 2528 Persarqu

2103 2547 2471 2604 Macedonum
2498 2552 2667 2616 atque
2691 2546 3094 2600 Romanorum.
3119 2543 3246 2598 Sive
3271 2543 3442 2615 etiam
3467 2547 3713 2615 quatuor

423 2639 593 2694 etiam
624 2635 766 2690 alius
787 2634 932 2708 plus,
956 2634 1098 2688 alius
1127 2634 1314 2688 minus
1343 2635 1400 2688 in
1429 2635 1592 2688 vinea
1625 2633 1845 2690 Domini
1871 2631 2022 2688 labo-
2102 2640 2292 2706 partes
2311 2640 2494 2702 terrae,
2520 2635 2576 2688 in
2599 2635 2802 2704 quibus
2831 2638 3170 2704 potestatem
3190 2632 3410 2704 accepit
3426 2629 3714 2702 diabolus,

421 2732 528 2796 rat,
553 2732 744 2780 tamen
766 2739 941 2778 unum
967 2739 1164 2776 omnes
1191 2728 1316 2793 post
1343 2722 1591 2776 laborem
1619 2721 1912 2776 denarium
1940 2735 2024 2773 re-
2104 2723 2486 2797 intelligamus
2532 2723 2842 2788 haereticos,
2875 2738 3146 2794 paganos,
3188 2721 3405 2791 judzeos
3443 2727 3504 2776 et
3539 2719 3710 2774 falsos

424 2815 656 2886 cipiunt.
687 2812 804 2866 Etsi
828 2810 978 2865 enim
1002 2809 1107 2864 erit
1129 2809 1205 2864 ibi
1227 2808 1518 2862 diversitas
1540 2809 1916 2871 mansionum,
1940 2810 2024 2858 ta-
2105 2814 2460 2868 christianos,
2495 2813 2675 2883 super
2703 2813 2805 2866 has
2835 2818 3076 2883 quatuor
3104 2815 3292 2880 partes
3320 2815 3508 2871 terra},
3537 2808 3598 2864 id
3622 2813 3713 2864 est

424 2921 556 2960 me“
581 2918 692 2958 una
711 2901 819 2956 erit
837 2898 1216 2974 remunemiio
1241 2911 1252 2944 ³
1278 2897 1412 2968 (illia
1429 2915 1624 2952 omnes
1646 2897 1704 2950 ίη
1727 2909 2024 2949 commune
2042 2953 2082 2974 η
2105 2909 2462 2958 terrenarum
2483 2900 2799 2969 hominum,
2821 2905 2878 2954 et
2901 2916 3000 2972 per
3019 2899 3360 2958 desiderium
3388 2903 3603 2954 terram
3629 2897 3714 2950 in-

423 3009 600 3050 unum
642 2989 1006 3063 possidebunt
1057 2968 1256 3053 Deum,
1293 2953 1350 3040 et
1389 2987 1537 3058 quod
1567 2986 1624 3040 in
1655 3003 1714 3039 se
1745 2984 1869 3056 quis
1909 2998 2021 3036 non
2040 2953 2088 3024 α
2105 2953 3046 3062 ῂθδῂξξιίίῖξῃῂαδξξροὶεδιᾷιεω
3076 2953 3350 3049 diabolus;
3377 2993 3436 3042 ει
3619 2985 3710 3042 ωε

425 3081 674 3146 habebit,
698 3077 924 3133 habebit
949 3076 1145 3147 utique
1166 3076 1224 3130 in
1243 3075 1444 3136 altero,
1468 3075 1602 3146 quia
1617 3073 1724 3128 erit
1743 3073 1854 3126 illis
1873 3073 2020 3125 Deus

425 3169 618 3236 omnia
645 3168 703 3220 in
733 3165 1011 3220 omnibus.
1047 3161 1114 3216 Et
1141 3163 1331 3216 vinum
1363 3169 1420 3216 et
1451 3163 1635 3216 oleum
1676 3178 1746 3214 ne
1775 3159 2012 3214 laeseris.

425 3258 585 3324 Quod
611 3254 868 3326 superius
895 3252 1244 3323 signiﬁcatur
1269 3267 1368 3321 per
1396 3251 1761 3313 frumentum,
1795 3249 1899 3302 hoc
1931 3247 2019 3300 hic

424 3333 762 3422 intelligitur
785 3357 886 3412 per
906 3340 1126 3394 vinum:
1151 3345 1206 3392 et
1232 3339 1383 3409 quod
1401 3355 1570 3410 supra
1594 3355 1694 3409 per
1723 3336 2016 3400 hordeum,

423 3433 530 3488 hoc
557 3449 706 3486 nunc
734 3445 834 3501 per
859 3429 1063 3493 oleum,
1088 3426 1144 3481 id
1173 3433 1278 3494 est,
1315 3443 1510 3482 omnes
1541 3425 1718 3482 sancti
1747 3425 1805 3478 in
1838 3424 2020 3479 Eccle-

425 3524 510 3578 sia
535 3519 805 3594 generali.
839 3518 1007 3572 Recte
1036 3516 1186 3570 enim
1234 3534 1334 3588 per
1376 3516 1564 3570 vinum
1614 3522 1671 3569 et
1699 3515 1884 3568 oleum
1915 3512 2020 3582 ipsi

425 3611 836 3684 exprimuntur,
870 3606 998 3676 quia
1035 3605 1178 3658 sicut
1207 3605 1396 3658 vinum
1429 3610 1485 3657 et
1514 3605 1699 3657 oleum
1731 3619 1796 3655 ex
1828 3600 2019 3654 multis

424 3700 600 3758 botris
628 3700 689 3752 in
707 3697 884 3770 praelo
909 3695 1116 3768 pressis
1136 3695 1478 3766 producitur,
1504 3693 1585 3748 ita
1603 3692 1686 3746 illi
1709 3690 1902 3745 multis
1925 3688 2022 3743 tri-

2103 3087 2299 3136 coutra
2323 3095 2495 3134 unam
2526 3078 2734 3133 Christi
2767 3083 2984 3152 pugnat
3013 3076 3336 3138 Ecclesiam,
3377 3091 3550 3146 quam
3583 3073 3707 3128 ideo

2101 3171 2356 3227 scindere
2374 3185 2484 3224 non
2505 3173 2705 3238 potest,
2729 3167 2860 3238 quia
2885 3166 2994 3222 ﬁde
3010 3165 3224 3220 Christi
3242 3169 3328 3220 est
3348 3164 3535 3230 unita,
3545 3163 3711 3232 juxta

2101 3260 2260 3322 illud,
2290 3261 2403 3314 Una
2426 3263 2500 3310 est
2529 3258 2777 3310 columba
2808 3272 2927 3309 mea
2952 3256 3134 3322 (Cant.
3159 3257 3236 3320 VI)
3266 3272 3278 3306 :
3309 3253 3380 3308 Et
3410 3252 3494 3306 illi
3519 3250 3710 3317 divisi,

2103 3347 2202 3402 isti
2226 3363 2352 3402 vero
2375 3344 2736 3399 inveniuntur
2758 3343 2920 3398 uniti.
2937 3342 3225 3399 Interfecit
3243 3358 3374 3398 vero
3395 3341 3500 3396 has
3520 3347 3708 3414 partes

2103 3442 2265 3492 terrae
2282 3434 2470 3508 gladio
2501 3434 2662 3488 mala:
2687 3431 3086 3503 suggestionis,
3108 3437 3172 3486 ut
3193 3430 3584 3501 supradictum
3600 3433 3706 3495 est,

2103 3530 2150 3578 et
2171 3526 2319 3591 fame
2341 3521 2608 3576 audiendi
2635 3520 2868 3575 verbum
2898 3519 3022 3582 Dei,
3039 3520 3108 3574 de
3131 3536 3241 3590 qua
3266 3519 3416 3572 fame
3439 3517 3712 3572 Dominus

2103 3613 2240 3668 dicit
2267 3629 2368 3682 per
2389 3613 2562 3664 Amos
2589 3610 2922 3681 praphetam
2953 3609 3108 3678 (Cap.
3131 3613 3270 3674 vni).
3295 3609 3518 3662 Mittam
3545 3606 3603 3660 in
3629 3604 3710 3660 eis

2105 3707 2328 3766 tantem,
2345 3717 2450 3754 non
2469 3702 2656 3768 panis,
2680 3714 2790 3752 non
2810 3701 2964 3751 sitim
2986 3712 3164 3764 aqua,
3185 3695 3278 3750 sed
3293 3696 3568 3754 audiendi
3587 3709 3710 3751 rer-

421 3787 805 3866 bulationibus
841 3785 1004 3841 istius
1027 3783 1152 3838 vita:
1179 3789 1532 3856 premuntur,
1565 3787 1621 3834 et
1649 3781 1708 3836 in
1739 3777 2018 3852 apothecis

2107 3793 2236 3862 tium
2265 3792 2381 3844 Dei.
2405 3789 2526 3852 Quo
2555 3788 2612 3844 in
2639 3788 2760 3842 loco
2791 3785 3023 3858 quaestio
3049 3784 3263 3866 oritur:
3299 3785 3360 3840 Si
3385 3784 3536 3842 Deus
3565 3783 3708 3838 hanc

423 3863 702 3956 Dominici
729 3873 941 3929 cellarii
981 3873 1318 3928 conduntur.
1364 3872 1434 3926 Et
1477 3870 1610 3946 quia
1647 3869 1859 3936 vinum,
1890 3871 2025 3922 sunt
2104 3860 2310 3932 famem
2333 3875 2610 3940 immittit,
2634 3874 2770 3946 quid
2789 3878 2983 3946 peccat
3007 3860 3294 3930 diabolus?
3322 3871 3457 3936 Quae
3477 3869 3714 3941 quaestio

426 3965 694 4042 baptizati
714 3964 772 4018 in
794 3963 902 4018 fide
919 3961 1225 4016 Dominicaa
1245 3960 1539 4032 passionis.
1559 3960 1628 4014 Et
1652 3963 1846 4029 postea
1866 3972 2022 4011 acce-
2105 3966 2270 4029 facile
2309 3964 2559 4028 solvitur,
2596 3963 2729 4036 quia
2757 3962 2902 4033 quod
2937 3961 3091 4016 Deus
3121 3960 3254 4014 facit
3281 3960 3437 4028 justo
3473 3958 3709 4028 judicio,

423 4061 631 4128 perunt
657 4054 844 4109 oleum
873 4049 1327 4122 Spiritussancti,
1355 4047 1615 4120 prohibet
1641 4046 1828 4102 divina
1848 4045 2025 4099 virtus
2107 4053 2362 4110 diabolus
2379 4052 2513 4106 facit
2531 4051 2593 4104 in,
2605 4050 2866 4105 suasione
2884 4055 2941 4103 et,
2956 4048 3104 4103 mala
3115 4047 3495 4102 voluntatem
3515 4051 3708 4111 morie,

429 4139 724 4218 antiquum
767 4142 987 4196 hostem
1017 4155 1088 4193 ne
1116 4156 1211 4194 905
1238 4139 1426 4204 laedat,
1469 4143 1534 4191 ut
1561 4135 1847 4190 suadendo
1876 4133 2025 4210 mala
2104 4141 2398 4204 subaudis,
2420 4141 2615 4196 datum
2647 4143 2734 4193 est
2762 4137 2842 4194 illi
2888 4137 3203 4192 interﬁcere
3233 4135 3512 4201 homines,
3543 4133 3712 4205 spiri—

429 4231 732 4310 aliquando
762 4246 858 4286 eos
886 4229 957 4286 ad
987 4232 1275 4302 peccatum
1302 4225 1611 4296 pertrahat.

2045 4230 2244 4327 Dtuali
2264 4229 2478 4286 scilicet
2504 4234 2675 4299 atque
2701 4225 2976 4282 interiori.
3000 4226 3064 4280 Et
3097 4226 3281 4279 bestiis
3306 4229 3482 4280 terra.
3510 4223 3712 4280 Bestiae

496 4341 710 4406 Etcum
729 4337 1030 4406 aperuisset
1049 4335 1298 4400 sigillum
1321 4337 1608 4400 quartum,
1629 4331 1826 4384 audiri
1850 4344 2026 4382 vocem
2045 4314 2370 4380 'eﬂ‘eratos
2397 4317 2652 4374 homines
2694 4322 2753 4370 et
2778 4315 3043 4406 bestial‘es
3069 4314 3406 4406 signiﬁcant,
3441 4330 3543 4406 per
3571 4329 3715 4406 quos

429 4431 624 4500 quarti
646 4427 916 4482 animatis
943 4425 1193 4487 dicentis,
1241 4424 1366 4476 Veni
1388 4426 1436 4476 et
1463 4421 1602 4475 vide.
1626 4420 1692 4472 Et
1720 4433 1832 4472 ecce
1859 4432 2030 4485 equus

427 4518 702 4592 pallidus.
723 4513 834 4579 Qui
857 4511 1117 4584 superius
1141 4527 1241 4582 per
1260 4526 1467 4581 equum
1491 4508 1678 4562 rufum
1702 4511 1759 4562 et
1784 4505 2028 4575 nigrum,

427 4607 538 4681 ipsi
567 4604 936 4676 designantur
964 4606 1022 4656 et
1047 4600 1139 4664 hic
1175 4615 1274 4671 per
1303 4598 1595 4670 pallidum,
1628 4595 1684 4648 id
1715 4599 1802 4648 est
1828 4608 2024 4648 omnes

427 4695 656 4769 reprobi:
691 4693 771 4754 ad.
796 4692 1070 4768 pallorem
1097 4694 1318 4746 aeternae
1370 4685 1568 4742 mortis
1596 4681 1842 4746 venturi,
1872 4696 2029 4734 mox:-

425 4787 545 4855 tuis
569 4785 720 4850 enim
743 4769 967 4854 prbprie
995 4779 1174 4850 pallor
1201 4775 1438 4833 accidit-
1463 4775 1584 4828 Nec
1617 4771 1828 4826 mirum
1855 4769 1903 4824 si
1929 4785 2030 4840 per

431 4875 565 4946 equi
580 4874 854 4946 pallorem
871 4885 1026 4927 mors
1049 4865 1401 4937 exprimitur,
1424 4877 1559 4916 cum
1584 4859 1756 4922 etiam
1776 4857 1895 4928 ipse
1915 4872 2028 4912 ses-

429 4981 524 5032 sor
549 4979 702 5029 mors
739 4963 986 5018 vocetur.
1039 4955 1200 5011 Unde
1231 4953 1490 5012 subditur
1531 4968 1543 5003 :
1587 4949 1654 5004 Et
1691 4949 1790 5016 qui
1818 4947 2027 5000 sedebat

429 5067 592 5120 super
621 5053 810 5116 illum,
833 5062 1031 5104 nomn
1063 5046 1152 5098 illi
1180 5058 1348 5098 mors.
1371 5041 1493 5106 Quo
1515 5037 1742 5098 nomine
1771 5033 2028 5088 diabolus

427 5139 780 5209 intelligitur,
811 5134 950 5205 quia
987 5131 1205 5189 invictis.
1235 5128 1446 5186 diaboli
1495 5142 1648 5182 mors
1691 5121 1942 5178 introivit
1969 5121 2028 5176 in

430 5230 624 5296 orbem
652 5234 968 5289 terrarum;
1001 5220 1097 5292 qui
1145 5235 1314 5292 super
1359 5233 1456 5276 eos
1482 5214 1658 5278 sedet,
1697 5211 1792 5283 qui
1835 5210 2027 5281 pallidi

429 5326 586 5390 sunt,
613 5319 719 5381 hoc
748 5318 862 5379 est,
876 5311 974 5382 qui
999 5326 1173 5384 opera
1197 5307 1398 5366 mortis
1421 5303 1660 5364 habent:
1685 5307 1742 5356 et
1769 5316 1902 5354 cum
1921 5299 2029 5390 ipsi

426 5387 548 5475 sint
568 5387 801 5475 amanti,
832 5400 1004 5462 etiam
1023 5400 1167 5458 alios
1191 5397 1548 5464 exstinguere
1580 5394 1858 5464 quaerunt,
1881 5387 2030 5448 unde

428 5505 489 5566 et
513 5497 792 5574 sequitur,
837 5491 970 5566 quia
995 5495 1046 5552 et
1073 5489 1340 5558 Momm
1363 5485 1706 5556 aequabatur
1733 5495 1880 5543 eum.
1914 5475 2030 5553 Ipsi

2111 4408 2368 4464 diabolus
2389 4407 2594 4462 multos
2618 4404 2918 4468 interfecit,
2943 4403 3090 4458 sicut
3116 4403 3223 4457 fuit
3248 4403 3420 4466 Nero,
3441 4402 3717 4457 Domitia-

2113 4515 2222 4553 nus
2237 4503 2292 4552 et
2310 4495 2498 4550 caeteri
2518 4497 3241 4565 persecutoressanctorum
3269 4495 3614 4560 martyrum:
3644 4491 3717 4548 de

2107 4586 2318 4642 talibus
2345 4584 2479 4637 dicit
2506 4581 2840 4652 Apostolus:
2871 4581 3144 4635 Cretenses
3172 4593 3383 4648 semper
3403 4579 3714 4647 mendaces,

2111 4677 2271 4730 male
2300 4675 2473 4728 bestia
2495 4673 2626 4742 (Tit.
2665 4680 2724 4736 Ii,
2756 4674 2816 4724 et
2842 4669 2974 4724 alibi
3002 4683 3012 4716 :
3043 4668 3106 4724 Si
3127 4668 3431 4724 secundum
3468 4669 3719 4724 homines

2109 4765 2184 4834 ad
2213 4764 2406 4816 bestias
2438 4761 2690 4830 pugnari
2723 4759 2916 4825 Ephesi
2939 4758 2990 4828 (Ῐ
3012 4756 3134 4811 Cor.
3157 4759 3267 4823 xv).

2180 4853 2388 4908 Etcum
2401 4851 2702 4917 aperui-sset
2719 4847 2974 4914 sigillum
2988 4847 3271 4914 quintum,
3288 4845 3407 4898 ridi
3419 4842 3518 4898 sub
3534 4845 3720 4900 auare

2111 4942 2209 4997 Dei
2227 4941 2450 4993 animas
2470 4937 2910 5003 interfectorum.
2925 4935 2992 4988 In
3017 4932 3378 4989 tabernaculo
3401 4931 3581 5004 Moysi
3601 4932 3721 4988 duo

2111 5028 2317 5086 altaria.
2359 5026 2606 5088 (munt,
2657 5023 2812 5103 prius
2849 5021 3062 5078 scilicet
3087 5037 3196 5079 me
3241 5026 3568 5092 coopertum
3609 5019 3721 5076 sub

2109 5119 2257 5182 divo,
2275 5115 2368 5172 ubi
2385 5113 2657 5169 sacriﬁcia
2674 5111 3070 5167 cremabantur
3094 5129 3107 5164 :
3130 5109 3286 5168 aliud
3313 5125 3445 5164 vero
3473 5109 3722 5166 interius

2111 5212 2242 5264 ante
2260 5205 2464 5270 velum,
2483 5203 2546 5258 in
2564 5219 2672 5274 quo
2693 5206 2917 5258 tantum
2929 5199 3158 5270 sanguis
3179 5197 3493 5272 ponebatur
3512 5203 3571 5256 et
3587 5198 3725 5270 thy-

2112 5295 2341 5361 miama,
2373 5297 2428 5348 et
2475 5298 2599 5346 erat
2632 5290 2896 5347 vestitum
2937 5303 3093 5342 auro.
3137 5287 3319 5344 Scisso
3349 5291 3536 5346 autem
3568 5286 3720 5352 velo,

2111 5400 2242 5442 arca
2270 5398 2394 5458 quae
2422 5385 2544 5434 erat
2572 5379 2728 5432 intra
2769 5377 2975 5434 Sancta
3022 5380 3366 5438 sanctorum.
3412 5374 3725 5458 coniuncta

2113 5477 2200 5548 est
2417 5483 2612 5544 aureo,
2645 5471 2715 5522 ut
2744 5465 2866 5542 jam
2891 5463 3052 5520 nulla
3084 5467 3234 5521 esset
3269 5461 3536 5523 distantia
3563 5453 3726 5520 inter
