4048 6172
552 219 688 279 1031
828 236 835 249 -
930 204 1326 275 ‘HAYMONIS
1364 215 1853 272 HALBERSTAT.
1895 213 2126 270 EPISC.
2168 214 2327 270 OPP.
2367 214 2553 269 psus
2589 212 2634 267 ι.
2678 243 2744 254 -
2783 212 3153 270 COMMENT.
3191 212 3372 268 BIBL.
3652 215 3767 273 103-2

540 345 836 417 judicii,et
856 344 1324 400 resurrectionem
1343 356 1571 396 suorum
1591 354 1886 409 corporum
1909 343 2142 408 praesto-
2164 339 2372 400 Asedes
2399 342 2474 391 est
2526 335 2667 402 (Act.
2709 338 2839 405 vn),
2866 340 2924 391 et
2968 336 3232 391 Salomon
3277 335 3426 403 (Sap.
3459 334 3516 404 ιι)
3543 354 3556 391 :
3599 338 3774 393 Anima

546 434 674 491 lari.
2225 427 2368 497 justi
2401 426 2561 480 sedes
2586 425 2893 496 sapientiae.
2930 424 3119 480 Stellae
3142 441 3276 497 ergo
3301 424 3425 479 coeli
3457 427 3621 480 sancti
3644 434 3773 491 sunt,

618 525 684 578 Et
751 526 892 577 datas
957 526 1089 579 sunt
1147 522 1264 574 illis
1319 521 1552 584 singulae
1617 519 1764 571 stola:
1826 517 1977 570 albae.
2042 516 2150 568 Per
2229 494 2328 584 qui
2371 516 2429 569 in
2458 494 2705 568 tenebris
2732 514 2897 568 istius
2935 514 3061 568 vitae
3105 494 3311 580 lucent,
3341 514 3507 568 veluti
3534 516 3587 568 in
3613 517 3775 571 ﬁrma-

549 612 728 665 stolas
783 611 941 664 albas
998 607 1314 677 intelligere
1361 605 1633 659 debemus
1693 604 2006 657 mercedem
2048 604 2148 656 ba-
2233 608 2425 657 mento
2463 604 2655 657 stellae.
2699 602 2805 666 Qui
2850 608 2987 656 tunc
3038 603 3231 672 utique
3285 602 3355 656 de
3408 602 3540 656 cmlo
3587 604 3771 669 cadent,

554 699 766 770 ptismi,
801 697 1093 769 praemium
1124 694 1404 765 martyrii,
1446 693 1761 747 mercedem
1809 699 2147 746 aeternorum
2233 692 2458 762 quando
2478 691 2581 746 sub
2612 692 2709 745 illa
2734 691 3123 761 persecutione
3151 691 3507 751 validissima,
3534 692 3634 746 ﬁde
3657 709 3777 748 rece-

558 792 617 840 et
644 786 916 856 gaudium
953 783 1194 838 cmlestis
1223 782 1439 853 patriae.
1471 780 1696 834 Habent
1731 796 1865 849 ergo
1895 786 2025 833 ante
2063 795 2152 832 re-
2235 781 2395 845 dunt,
2417 780 2512 850 qui
2534 780 2691 851 prius
2713 780 2823 833 ﬁde
2844 786 2999 833 recta
3020 785 3076 833 et
3096 779 3358 850 Operibus
3374 779 3538 849 justis
3560 780 3778 835 videban-

558 875 960 929 surrectionem
1009 872 1187 926 sancti
1229 870 1480 940 singulas
1523 868 1715 933 stolas,
1748 868 1881 938 quia
1928 868 1987 921 in
2034 866 2154 921 sola
2234 874 2328 923 tur
2344 869 2553 943 lucere.
2586 868 2649 922 In
2677 874 2890 923 terram
2915 869 3135 929 cadent,
3160 869 3294 938 quia
3319 868 3554 922 terrenis
3571 869 3776 925 delecta-

559 964 751 1018 anima
796 962 1020 1018 aaternis
1053 958 1493 1014 beatitudinibus
1537 957 1721 1011 adhuc
1762 957 2151 1027 perfruuntur,
2234 957 2482 1011 tionibus
2513 956 2889 1024 inhaerebunt,
2912 962 2972 1011 et
3009 973 3076 1011 ex
3126 957 3247 1027 ipso
3284 973 3476 1010 amore
3503 958 3776 1013 terrenoad

550 1057 747 1123 postea
775 1057 967 1106 autem
996 1048 1281 1119 accepturi
1313 1053 1443 1101 sunt
1472 1045 1887 1116 binas,quando
1910 1045 2150 1116 receptis
2230 1047 2590 1118 iniquitatem
2617 1052 2800 1101 ruent.
2834 1047 2997 1101 Unde
3026 1045 3320 1100 subditur:
3360 1046 3513 1102 Sicut
3540 1050 3775 1114 ﬁcusmil-

554 1140 882 1212 corporibus
906 1136 1288 1197 immutabiles
1310 1141 1477 1189 erunt
1502 1135 1559 1188 in
1582 1133 1791 1200 anima,
1817 1139 1874 1187 et
1898 1134 2149 1187 incorru-
2231 1139 2299 1190 tit
2325 1152 2535 1203 grossos
2559 1152 2683 1190 suos
2711 1152 2837 1189 cum
2866 1152 2900 1187 a
2925 1141 3082 1189 vento
3110 1141 3377 1189 moretur.
3426 1134 3573 1189 Licet
3595 1136 3714 1189 ﬁcus
3730 1137 3775 1191 in

552 1230 778 1302 ptibiles
798 1230 854 1284 in
879 1244 1129 1299 corpore.
1161 1226 1241 1280 De
1271 1226 1375 1278 hoc
1400 1223 1608 1277 Isaias:
1651 1225 1718 1276 In
1744 1228 1894 1276 terra
1922 1239 2024 1275 sua
2048 1224 2146 1275 du-
2230 1223 2528 1293 Evangelio
2555 1240 2901 1295 synagogam
2925 1223 3220 1293 signiﬁcet,
3242 1223 3557 1295 specialiter
3575 1223 3656 1277 hic
3678 1239 3775 1278 om-

546 1322 724 1389 plicia
746 1318 1099 1388 possidebunt
1117 1315 1394 1384 (lsa.Lx1).
1420 1312 1483 1365 Et
1504 1313 1716 1365 dictum
1743 1316 1817 1364 est
1840 1313 1956 1364 illis
1981 1316 2042 1363 ut
2068 1327 2150 1363 re-
2230 1328 2360 1366 nem
2391 1314 2694 1367 Ecclesiam
2746 1313 3044 1382 signiﬁcat,
3080 1312 3149 1366 de
3178 1328 3290 1383 qua
3327 1318 3464 1366 tunc
3501 1313 3683 1366 cadent
3701 1314 3775 1383 qui

553 1410 890 1477 quiescerent
914 1410 1122 1470 tempus
1142 1401 1327 1455 adhuc
1349 1401 1645 1459 modicum,
1660 1400 1827 1452 donec
1848 1400 2151 1465 impleatur
2232 1398 2560 1455 infructuosi
2586 1400 2812 1455 fuerant
2839 1406 2897 1454 et
2914 1418 2945 1454 a
2966 1400 3129 1454 bonis
3152 1400 3415 1471 operibus
3445 1400 3614 1455 vacui.
3636 1401 3776 1455 Gros-

552 1510 826 1549 numerus
845 1506 1233 1546 conservorum
1257 1505 1307 1543 et
1336 1491 1588 1555 fratrum
1614 1486 2014 1543 eorum.Dictio
2041 1486 2159 1554 ista
2232 1507 2327 1544 sus
2349 1490 2496 1544 enim
2529 1490 2619 1543 ﬁci
2649 1491 2967 1560 appellatur
2989 1488 3205 1544 fructus
3224 1490 3397 1561 primi
3419 1490 3682 1560 temporis,
3701 1491 3775 1560 qui

557 1582 852 1655 inspiratio
883 1588 968 1634 est
995 1578 1201 1643 divina,
1236 1593 1347 1648 qua
1372 1574 1653 1629 mentibus
1682 1575 1908 1629 illorum
1938 1574 2149 1629 deside-
2232 1583 2536 1649 antequam
2566 1578 2796 1632 veniant
2832 1578 2902 1631 ad
2941 1579 3351 1643 maturitatem,
3380 1583 3538 1632 vento
3564 1577 3776 1631 concussi

556 1670 816 1726 rentibus
857 1669 1004 1723 diem
1042 1665 1238 1737 judicii
1278 1663 1607 1719 immittitur
1633 1664 1810 1718 virtus
1839 1663 2195 1739 patientim,B
2231 1667 2432 1721 cadent
2450 1667 2508 1720 in
2537 1672 2768 1731 terram,
2792 1666 2873 1720 ita
2893 1666 3053 1720 etilli
3074 1667 3169 1737 qui
3188 1666 3432 1720 necdum
3452 1670 3779 1737 pervenerunt

552 1765 619 1815 ut
644 1760 928 1832 patienter
973 1756 1158 1810 ferant
1185 1753 1394 1819 omnia,
1434 1757 1817 1824 exspectantes
1846 1768 2145 1806 numerum
2229 1756 2300 1810 ad
2321 1756 2706 1810 maturitatem
2729 1755 3004 1809 bonorum
3029 1760 3351 1826 operum,et
3367 1755 3519 1809 vacui
3535 1760 3777 1820 sunt,con-

548 1851 777 1905 illorum
805 1847 901 1919 qui
931 1845 1193 1900 similiter
1212 1842 1589 1898 interﬁciendi
1610 1847 1745 1896 sunt
1770 1858 1872 1912 pro
1901 1841 2142 1906 Christo,
2227 1845 2377 1899 cussi
2403 1850 2586 1910 vento,
2607 1845 2666 1898 id
2688 1849 2772 1899 est
2798 1851 3055 1898 extrema
3081 1845 3476 1915 persecutione
3491 1842 3775 1898 decidentin

548 1956 679 1994 cum
724 1937 806 1992 eis
857 1935 1216 2007 postmodum
1245 1931 1558 2002 regnaturi,
1587 1937 1653 1984 ut
1693 1929 1790 2001 qui
1819 1929 2147 1984 desiderant
2224 1934 2568 1999 terram,hoc
2589 1937 2674 1987 est
2693 1932 2752 1985 in
2771 1938 3030 1986 terrenas
3044 1932 3466 1986 delectationes.
3492 1932 3592 1995 Qui
3613 1936 3776 1984 ventus

544 2027 795 2098 recipere
825 2039 927 2079 sua
952 2037 1206 2093 corpora,
1223 2020 1512 2091 gaudeant
1530 2036 1595 2073 ex
1614 2035 1849 2073 numero
1869 2019 2138 2088 colligen-
2219 2020 2362 2075 bene
2384 2037 2623 2092 magnus
2638 2020 2860 2086 dicitur,
2884 2021 3036 2091 quia,
3061 2026 3125 2074 ut
3144 2037 3320 2092 supra
3340 2021 3549 2075 dictum
3569 2025 3659 2085 est,
3679 2034 3760 2088 per

545 2117 747 2170 dorum
767 2109 1333 2167 fratrum.Talimodo
1354 2107 1763 2178 loquiturDeus
1783 2107 2139 2177 omnipotens
2224 2110 2435 2164 secutio
2462 2110 2560 2163 illa
2587 2110 2758 2164 etiam
2787 2110 2991 2163 electos
3020 2109 3337 2180 occupabit.

546 2203 781 2267 sanctis;
798 2199 974 2255 veluti
1004 2197 1243 2268 quilibet
1262 2196 1669 2267 paterfamilias
1692 2195 1906 2250 habens
1935 2194 2142 2250 multos
2299 2200 2361 2252 Et
2391 2201 2583 2252 calum
2626 2202 2842 2252 recessit
2870 2201 3011 2251 sicut
3044 2199 3182 2251 liber
3210 2200 3514 2252 involutus.
3546 2196 3687 2262 Quod
3708 2200 3776 2251 est

547 2293 714 2357 ﬁlios,
738 2288 1086 2359 singulisque
1114 2286 1183 2339 de
1213 2302 1349 2355 agro
1374 2284 1783 2339 revertentibus
1813 2289 1867 2339 et
1897 2284 2143 2355 roganti-
2225 2287 2456 2352 caelum,
2486 2286 2591 2341 hoc
2620 2292 2708 2341 est
2736 2292 2795 2340 et
2820 2285 2980 2352 liber,
3003 2286 3061 2340 id
3081 2292 3170 2341 est
3187 2291 3387 2341 sancta
3410 2285 3774 2355 Ecclesia,quia

547 2378 653 2435 bus
680 2383 746 2433 ut
771 2376 954 2431 cibum
984 2374 1091 2429 sibi
1118 2372 1347 2439 tribuat,
1379 2373 1682 2444 respondet
1706 2391 1718 2427 :
1754 2372 1999 2427 Refectio
2016 2373 2142 2444 qui-
2224 2376 2358 2430 dum
2377 2376 2553 2429 Deum
2575 2375 2745 2429 habet
2773 2375 3169 2443 habitatorem,
3189 2375 3364 2429 habet
3388 2391 3600 2446 quoque
3624 2380 3674 2428 et
3695 2373 3774 2429 Dei

546 2469 674 2543 dem
720 2471 904 2520 vestra
935 2468 1133 2536 parata
1179 2468 1281 2529 est,
1315 2461 1410 2516 sed
1440 2466 1757 2533 exspectate
1801 2461 2002 2515 fratres
2044 2478 2141 2516 ve-
2225 2465 2406 2535 legem
2430 2464 2714 2535 scriptam,
2736 2480 2847 2518 non
2877 2464 2934 2517 in
2952 2463 3160 2517 tabulis
3176 2464 3439 2534 lapideis,
3460 2464 3553 2517 sed
3572 2463 3623 2516 in
3647 2462 3775 2516 tabu-

546 2562 714 2622 stros,
748 2559 813 2609 ut
841 2570 967 2608 cum
1018 2552 1077 2607 in
1128 2568 1303 2606 unum
1354 2550 1521 2622 positi
1568 2550 1808 2617 fueritis,
1843 2566 2037 2605 omnes
2083 2551 2139 2604 in
2224 2552 2294 2606 lis
2315 2552 2499 2607 cordis
2527 2551 2785 2606 carnalis.
2812 2552 3150 2606 Intuendum
3179 2557 3377 2606 autem
3407 2551 3551 2623 quod
3566 2551 3772 2622 ipsaEe-

546 2660 847 2701 commune
895 2640 1221 2703 comedetis,
1251 2645 1309 2694 et
1336 2638 1640 2711 epulemini
1668 2638 2000 2710 gaudentes.
2036 2641 2143 2706 Qui
2223 2641 2396 2695 clesia
2417 2641 2563 2695 sicut
2588 2641 2732 2695 liber
2755 2641 3039 2696 involutus
3066 2641 3367 2696 recessisse
3401 2640 3612 2694 dicitur.
3641 2640 3697 2693 In
3720 2639 3775 2692 li-

543 2733 918 2802 interﬁciendi
960 2735 1092 2785 sunt
1129 2732 1272 2783 sicut
1312 2733 1359 2783 et
1412 2731 1518 2783 illi.
1548 2727 1648 2781 Vel
1698 2732 1893 2799 aperto
1926 2728 2140 2797 scilicet
2220 2729 2321 2784 bro
2343 2731 2492 2784 enim
2518 2729 2769 2784 involuto
2791 2730 2925 2801 quid
2943 2731 3183 2785 interius
3198 2729 3570 2795 contineatur,
3590 2744 3689 2782 non
3708 2726 3774 2780 vi-

543 2821 838 2895 martyrio,
871 2819 958 2874 vel
996 2819 1241 2877 occultO.
2220 2818 2407 2882 detur,
2436 2819 2546 2873 nisi
2586 2818 2656 2872 ab
2702 2819 2815 2873 illis
2844 2819 3047 2890 quibus
3074 2817 3397 2873 voluntarie
3424 2818 3676 2889 aperitur.
3701 2815 3774 2870 Sic

611 2913 681 2967 Et
697 2912 814 2965 vidi
829 2925 955 2964 cum
974 2909 1277 2976 aperuisset
1290 2908 1544 2974 sigillum
1558 2910 2141 2970 sextum,terr.emotus
2220 2908 2489 2962 nimirum
2505 2908 2685 2962 sancti
2711 2908 2862 2962 illius
2886 2908 3158 2979 temporis
3179 2913 3237 2962 et
3263 2908 3386 2962 suis
3409 2924 3469 2961 se
3498 2906 3774 2961 manifesta-

539 3002 723 3071 factus
737 3005 813 3094 est
829 2995 1239 3094 magnusQuui
1250 2993 1611 3094 hocl‘ocoper
1631 3000 2012 3094 terraemotum
2047 2995 2142 3049 de-
2159 3033 2202 3094 Ο
2220 2995 2380 3060 bunt,
2413 3002 2472 3050 et
2498 2996 2780 3051 extraneis
2807 3013 2869 3051 se
2896 2997 3332 3054 celabunt.sicut
3357 2996 3592 3067 legimus
3605 2995 3658 3049 in
3675 3010 3773 3064 pas-

541 3089 741 3144 bemus
770 3086 1090 3156 intelligere
1120 3083 1232 3138 nisi
1261 3082 1662 3137 validissimam
1692 3084 2137 3154 persecutionem
2162 3082 2202 3094 ν
2221 3085 2475 3140 sionibus
2504 3091 2826 3140 sanctorum
2842 3086 3362 3157 martyrum.Cujus
3378 3084 3775 3139 videlicetmem-

543 3194 666 3248 quae
690 3176 882 3231 futura
911 3179 998 3228 est
1025 3171 1373 3243 temporibus
1408 3171 1785 3225 Antichristi?
1811 3172 1967 3227 Unde
1995 3172 2137 3227 bene
2216 3172 2317 3228 bra
2337 3175 2580 3228 Joannes
2596 3173 2921 3244 alloquitur,
2949 3173 3167 3227 dicens:
3200 3173 3385 3228 Nolite
3408 3175 3561 3227 omni
3578 3170 3773 3239 spiritui

541 3281 656 3319 non
678 3260 1178 3333 simpliciterdixit,
1200 3264 1554 3314 terraemotus
1570 3259 1748 3314 factus
1766 3265 1868 3326 est,
1897 3261 1994 3314 sed
2009 3277 2136 3315 cum
2218 3265 2449 3327 credere,
2465 3263 2554 3316 sed
2570 3264 2792 3330 probate
2808 3264 3042 3329 spiritus
3054 3265 3106 3315 si
3124 3278 3191 3314 ea:
3208 3262 3312 3315 Deo
3333 3266 3468 3314 sunt
3484 3262 3527 3327 (Ι
3542 3259 3765 3322 Joansv).

543 3352 950 3415 additamento,
981 3353 1334 3403 terrmmotus
1382 3347 1563 3402 factus
1592 3354 1678 3402 est
1717 3362 1975 3419 magnus,
2009 3350 2142 3420 quia
2223 3350 2466 3406 Recedet
2491 3355 2682 3404 autem
2722 3348 2969 3404 Ecclesia
2995 3350 3054 3403 in
3092 3349 3208 3403 suis
3234 3348 3435 3403 electis
3471 3365 3504 3403 a
3539 3344 3767 3417 reprobis,

540 3442 687 3496 sicut
713 3438 986 3494 Dominus
1016 3437 1167 3500 dicit,
1197 3437 1328 3490 talis
1353 3436 1461 3490 erit
1482 3442 1617 3491 tunc
1639 3436 2139 3508 tribulatio,qualis
2220 3456 2334 3494 non
2359 3438 2623 3493 abscessu
2653 3438 2923 3509 corporis,
2956 3438 3052 3493 sed
3077 3438 3188 3492 ﬁde
3206 3442 3264 3491 et
3288 3437 3625 3508 operatione,
3639 3436 3771 3504 juxta

539 3546 654 3586 non
674 3529 802 3591 fuit,
826 3543 1008 3599 neque
1041 3528 1139 3581 ﬁet
1164 3542 1231 3581 ex
1260 3542 1369 3596 quo
1394 3525 1652 3580 homines
1676 3542 1797 3580 esse
1825 3533 2133 3598 ceperunt.
2220 3528 2360 3583 illud
2388 3529 2521 3598 (Isa.
2554 3527 2668 3596 LII).
2696 3526 3043 3597 Egredimini
3087 3528 3150 3579 de
3178 3526 3360 3579 medio
3410 3529 3544 3594 ejus,
3570 3521 3770 3594 populus

536 3620 605 3673 Et
632 3621 711 3673 sol
739 3620 919 3686 factus
942 3622 1015 3670 est
1044 3618 1203 3683 niger
1232 3617 1374 3668 sicut
1402 3630 1589 3669 saccus
1619 3616 1901 3668 cilicinus.
1936 3615 2134 3670 Cilicio
2218 3622 2468 3682 meus,et
2490 3616 2846 3670 immundum
2867 3632 2939 3669 ne
2956 3614 3276 3686 tetigeritis.
3300 3615 3370 3668 Et
3391 3617 3566 3668 omnis
3582 3627 3715 3665 mons
3729 3614 3768 3662 et

536 3711 860 3778 peccatores
914 3703 1172 3759 homines
1220 3708 1279 3756 et
1323 3702 1407 3755 rei
1441 3702 1772 3756 induuntur.
1807 3702 1902 3757 Sol
1940 3708 2131 3757 autem
2213 3709 2412 3761 insulae
2448 3707 2511 3759 de
2554 3708 2684 3759 locis
2724 3707 2841 3758 suis
2869 3709 3024 3758 molas
3051 3709 3202 3757 sunt.
3234 3704 3345 3756 Per
3369 3708 3583 3757 montes
3608 3701 3659 3753 in
3682 3699 3766 3752 hoc

537 3795 823 3850 Christum
848 3793 1147 3863 signiﬁcat,
1181 3791 1250 3845 de
1290 3806 1401 3861 quo
1428 3791 1700 3860 scriptum
1728 3795 1848 3844 est:
1890 3792 2034 3845 Vobis
2065 3795 2131 3845 li-
2211 3794 2331 3849 loco
2355 3793 2623 3848 debemus
2640 3792 2956 3863 intelligere
2977 3792 3286 3863 praecipuos
3305 3797 3533 3846 sanctos
3549 3791 3601 3844 in
3618 3787 3766 3863 Eccle-

536 3884 813 3938 menlibus
844 3897 1043 3936 nomen
1064 3892 1251 3934 meum
1269 3882 1484 3933 orietur
1514 3880 1593 3932 sol
1610 3881 1846 3945 justitia:
1866 3881 2125 3949 (Malach.
2211 3883 2295 3937 sia
2312 3883 2665 3945 constitutos,
2721 3882 2817 3953 qui
2863 3882 3078 3935 caeteris
3108 3880 3381 3946 eminent,
3398 3880 3558 3935 sicuti
3584 3880 3764 3931 montes

535 3973 635 4042 Iv).
654 3970 741 4026 De
755 3985 866 4041 quo
886 3969 1055 4023 etiam
1076 3966 1234 4039 impii
1251 3966 1455 4021 dicturi
1476 3971 1925 4036 suntgementes.
1950 3967 2021 4021 Et
2046 3968 2129 4022 sol
2210 3972 2504 4043 planitiem
2518 3977 2683 4026 terrae
2696 3971 3102 4044 transcendunt
3129 3970 3201 4023 ad
3226 3985 3368 4039 quos
3380 3969 3615 4040 pertinet
3632 3963 3758 4026 illud,

530 4060 769 4132 justitize
782 4075 897 4113 non
916 4055 1584 4126 luxitnobis.Fietitaque
1604 4059 1738 4109 tunc
1750 4054 1835 4109 sol
1858 4061 2128 4127 tanquam
2216 4061 2365 4131 quod
2394 4059 2663 4116 Dominus
2692 4076 2793 4130 per
2826 4059 3160 4130 prOphetam
3211 4057 3379 4111 dicit:
3424 4058 3699 4114 Suslotlam
3728 4056 3764 4104 ts

534 4165 732 4205 saccus
767 4147 1040 4211 cilicinus,
1073 4143 1297 4216 quando
1328 4143 1387 4196 hi
1414 4143 1473 4197 in
1504 4159 1742 4214 quorum
1770 4144 2031 4199 cordibus
2050 4146 2133 4199 lu-
2212 4165 2377 4218 super
2403 4150 2765 4203 altitudinem
2794 4148 3103 4212 terersa.
3123 4146 3393 4217 Lvm),qui
3414 4143 3762 4201 movebuntur.

533 4237 684 4293 cebit
710 4236 989 4299 Christus,
1020 4248 1121 4304 pro
1159 4232 1334 4287 nihilo
1381 4232 1676 4299 ducentur,
1707 4237 1765 4287 et
1798 4232 1973 4287 veluti
2003 4247 2132 4302 pec-
2211 4254 2325 4291 non
2352 4241 2417 4290 ut
2448 4254 2483 4291 a
2508 4237 2619 4292 ﬁde
2648 4236 2935 4302 recedant,
2967 4236 3065 4289 sed
3094 4251 3325 4306 corpore
3353 4240 3415 4288 et
3436 4234 3764 4300 animoatque

534 4330 752 4381 catores
780 4328 838 4378 et
873 4323 956 4378 rei
982 4320 1393 4381 interﬁcientur
1417 4336 1449 4374 a
1478 4320 1756 4376 ministris
1775 4321 2125 4385 Antichristi.
2151 4342 2381 4407 Dopere
2419 4324 2690 4380 recedunt
2728 4341 2763 4378 a
2790 4325 3058 4379 societate
3093 4323 3481 4395 reproborum,
3515 4322 3764 4378 audientes

533 4415 752 4470 Aliter:
786 4411 869 4466 sol
921 4410 1073 4482 ipsos
1130 4408 1411 4479 signiﬁcat
1459 4410 1872 4481 praedicatores,
1933 4410 2134 4482 quibus
2212 4414 2353 4468 illud
2375 4414 2678 4485 prophetae,
2703 4412 2851 4467 sicut
2876 4430 3049 4484 supra
3065 4412 3280 4467 dictum
3304 4418 3412 4467 est:
3451 4413 3601 4467 Exite
3617 4407 3765 4464 deilla

534 4503 811 4560 Dominus
835 4499 1001 4555 dicit:
1046 4500 1138 4553 Vos
1160 4500 1287 4552 estis
1320 4500 1418 4553 tua:
1439 4502 1643 4555 mundi
1673 4502 1891 4572 (Matth.
1927 4503 1996 4569 v).
2025 4501 2133 4565 Qui
2213 4504 2453 4574 populus
2478 4519 2656 4558 meus.
2672 4503 2790 4557 Hoc
2810 4506 2896 4556 est
2922 4502 2991 4557 de
3013 4501 3450 4573 Babylone,quze
3469 4505 3679 4573 peccata
3698 4496 3763 4550 si-

534 4594 731 4665 utique
750 4597 885 4646 tunc
912 4590 1051 4644 ﬁent
1067 4592 1340 4659 tanquam
1363 4604 1559 4643 saccus
1609 4589 2020 4660 cilicinus,quia
2039 4607 2132 4644 ce-
2210 4592 2464 4661 gniﬁcat,
2490 4596 2548 4645 et
2569 4591 2896 4645 societatem
2927 4591 3232 4645 malorum:
3255 4590 3453 4645 insulas
3469 4604 3672 4661 quoque
3687 4586 3765 4639 Ec-

529 4683 731 4739 labunt
747 4696 935 4736 coram
966 4677 1154 4749 impiis
1185 4676 1464 4747 quidquid
1488 4676 1774 4732 habebunt
1818 4679 2043 4733 luminis
2073 4684 2132 4734 et
2210 4680 2410 4734 clesias
2438 4680 2780 4751 signiﬁcant,
2817 4679 2914 4749 qui
2934 4678 3082 4733 sicut
3118 4678 3315 4733 insulae
3340 4680 3648 4733 tunduntur
3676 4675 3764 4728 flu-

528 4771 775 4828 virtutis.
802 4771 866 4825 In
886 4768 1001 4823 illis
1023 4781 1244 4837 quoque
1264 4765 1658 4821 obscurabitur
1672 4768 1776 4834 sol,
1809 4768 1906 4839 qui
1924 4768 2129 4823 timore
2210 4769 2410 4835 ctibus,
2442 4769 2524 4822 ita
2554 4768 2810 4822 Ecclesiae
2847 4766 3114 4821 ﬂuctibus
3143 4768 3597 4838 persecutionum
3630 4763 3764 4818 istius

530 4860 804 4926 concussi,
831 4854 1229 4913 autblanditiis
1248 4854 1488 4921 deliniti,
1512 4855 1799 4931 negabunt
1811 4856 2121 4923 Christum,
2209 4859 2336 4912 vita:
2358 4857 2697 4923 tunduntur,
2738 4856 2808 4911 de
2846 4856 3049 4927 quibus
3080 4872 3182 4927 per
3201 4857 3533 4927 prophetam
3554 4854 3758 4909 dicitur:

532 4955 591 5005 et
608 4950 681 5004 ad
702 4947 965 5003 tenebras
984 4944 1193 4999 erroris
1213 4943 1670 4999 devolventur.Et
1696 4948 1835 4999 luna
1850 4950 1962 4999 tota
1974 4948 2124 5014 facta
2206 4949 2289 5001 Me
2317 4948 2515 5000 insulae
2543 4947 2952 5014 exspectabant,
2982 4951 3031 4999 et
3062 4945 3355 4999 brachium
3398 4961 3579 4999 meum
3623 4941 3763 4995 susti-

531 5042 609 5091 est
644 5039 788 5090 sicut
830 5037 1076 5095 sanguis.
1111 5032 1271 5086 Luna
1318 5030 1624 5086 Ecclesiam
1670 5032 1966 5103 signiﬁcat,
2000 5050 2122 5104 quae
2208 5037 2413 5089 nebunt
2445 5036 2568 5099 (lsa.
2606 5038 2742 5095 LXI).
2796 5034 2930 5098 Quae
2977 5033 3240 5088 similiter
3287 5033 3430 5088 sicut
3475 5038 3531 5087 et
3577 5033 3763 5084 montes

530 5131 668 5181 tunc
694 5128 816 5178 tota
843 5123 941 5176 ﬁet
960 5120 1107 5174 sicut
1130 5120 1382 5190 sanguis,
1406 5120 1503 5192 qui
1524 5135 1638 5174 non
1661 5120 1721 5174 in
1741 5137 1855 5175 uno
1875 5122 2122 5187 loco,sed
2204 5122 2788 5195 separabuntur,dum
2808 5139 2842 5176 a
2862 5123 3024 5176 malis
3042 5122 3152 5176 ﬁde
3174 5126 3231 5176 et
3249 5122 3569 5193 operatione
3582 5119 3764 5189 disiun-

528 5214 589 5270 in
619 5210 879 5268 omnibus
921 5207 1122 5264 mundi
1162 5207 1417 5279 partibus
1444 5209 1758 5279 persecutio
1786 5209 2119 5265 Antichristi
2201 5218 2428 5284 gentur.

527 5307 725 5359 contra
752 5296 1053 5355 Ecclesiam
1079 5296 1449 5368 grassabitur.
2275 5302 2343 5355 Et
2364 5316 2512 5371 reges
2533 5307 2713 5368 terra,
2735 5305 2784 5355 et
2800 5304 3079 5371 principes
3097 5306 3147 5355 et
3177 5303 3414 5366 tribuni,
3436 5305 3483 5354 et
3507 5300 3703 5360 diuites,
3722 5295 3762 5346 et

597 5394 667 5450 Et
695 5392 859 5446 stella
887 5389 1004 5442 cali
1032 5386 1345 5441 ceciderunt
1372 5401 1537 5455 super
1570 5389 2020 5444 terram.Coelum
2041 5395 2127 5444 est
2204 5391 2389 5458 fortes,
2423 5396 2473 5445 et
2516 5395 2697 5446 omnis
2720 5408 2909 5446 servus
2940 5396 2991 5446 et
3031 5392 3191 5458 liber;
3218 5390 3613 5446 absconderant
3640 5402 3686 5440 ss
3709 5386 3761 5435 in

528 5487 722 5541 sancta
735 5475 1001 5545 Ecclesia,
1027 5475 1098 5530 de
1118 5490 1230 5548 qua
1252 5473 1525 5532 Dominus
1553 5477 1715 5533 dicit:
1746 5478 1953 5535 Gnatum
1980 5478 2126 5534 mihi
2205 5483 2478 5550 speluncis
2495 5485 2547 5535 et
2563 5483 2734 5551 petris
2753 5483 3051 5536 montium.
3067 5479 3250 5549 Reges
3268 5484 3417 5549 sunt,
3437 5477 3529 5550 qui
3557 5486 3762 5546 corpora
