4048 6172
282 278 425 337 1033

1213 278 1595 339 EXPOSITIO
1626 278 1706 335 IN
1731 278 2258 336 APOCALYPSIN.
2286 310 2355 325 —
2381 283 2518 341 LIB.
2551 284 2627 341 II.

3410 302 3555 362 1034

278 419 386 458 sua
406 402 551 459 bene
578 419 776 475 regere
799 411 1095 471 noverunt,
1126 423 1199 463 ne
1240 407 1454 463 scilicet
1498 404 1649 459 vitiis
1675 402 1937 463 insole-A
1958 401 2054 474 Vl).
2085 404 2187 459 Isti
2214 422 2411 464 omnes
2449 409 2783 470 imminente
2833 416 3025 474 futuro
3050 420 3281 492 judicio,
3326 433 3557 485 current

280 498 464 559 scant,
493 509 566 548 ne
616 493 866 565 penuriis
920 497 1305 552 succumbant.
1356 494 1648 565 Principes
1689 497 1879 547 autem

279 587 418 636 sunt
444 580 680 635 minoris
709 581 999 651 dignitatis
1028 585 1229 650 sancti,
1263 584 1360 654 qui
1389 599 1502 638 non
1530 580 1789 636 omnibus
1817 585 1884 635 ut

279 687 464 742 reges,
483 670 582 724 sed
598 676 787 725 tamen
809 671 1144 741 quibusdam
1165 690 1267 744 pro
1288 670 1564 727 concessis
1583 668 1882 725 virtutibus

278 758 579 814 resistunt.
605 757 838 813 Tribuni
867 776 1017 827 vero,
1051 760 1148 831 qui
1177 761 1359 814 adhuc
1381 757 1614 813 minoris
1632 761 1881 828 potesta-

279 846 356 901 tis
386 864 557 918 quam
602 847 899 919 principes,
933 855 990 903 et
1036 849 1143 919 ipsi
1182 849 1518 919 inquantum
1556 846 1876 918 praevalent.

280 940 481 990 contra
507 934 642 989 vitia
696 935 881 990 carnis
921 936 1210 991 dimicant.
1262 936 1473 991 Divites
1510 951 1731 1007 quoque
1768 951 1881 989 non

282 1024 505 1095 Opibus,
519 1024 616 1078 sed
633 1024 796 1079 bonis
806 1024 1066 1095 operibus
1087 1032 1355 1079 vocantur
1377 1043 1389 1091 ;
1410 1025 1559 1079 unde
1580 1023 1882 1095 Apostolus

284 1114 556 1167 admonet
573 1112 772 1167 divites
799 1113 921 1167 ﬁeri
950 1114 1009 1168 in
1038 1113 1199 1168 bonis
1227 1113 1507 1182 operibus,
1538 1112 1728 1177 fortes,
1769 1127 1883 1165 non

285 1201 542 1272 corporis
570 1202 793 1269 virtute,
839 1202 939 1256 sed
997 1202 1193 1256 animi.
1221 1201 1450 1271 Servus,
1490 1201 1584 1271 qui
1623 1199 1883 1271 conjugio

287 1290 591 1361 obligatur.
624 1290 791 1345 Liber
812 1307 1053 1362 quoque,
1077 1307 1112 1345 a
1131 1290 1393 1361 conjugio
1411 1289 1770 1360 etapeccatis
1798 1288 1894 1343 ab-

288 1379 510 1433 solutis.
526 1378 632 1433 Isti
651 1396 849 1434 omnes
872 1380 1075 1434 ultima
1109 1379 1502 1451 persecutione
1533 1377 1889 1450 deprehensi,

287 1467 533 1538 fugient,
547 1467 957 1523 etabscondent
973 1485 1034 1523 se
1053 1469 1109 1522 in
1132 1468 1415 1540 speluncis
1443 1472 1502 1521 et
1528 1466 1701 1538 petris
1728 1482 1916 1539 mon-p

288 1556 458 1622 tium,
480 1556 538 1610 id
557 1561 661 1621 est,
684 1557 953 1627 suffragia
971 1562 1294 1612 sanctorum
1314 1557 1604 1610 hominum
1633 1560 1691 1609 et
1717 1571 1890 1626 ange-

288 1645 475 1699 lorum
508 1650 787 1716 expetent.
809 1645 895 1699 Ad
936 1645 1039 1700 hos
1059 1651 1278 1701 montes
1297 1645 1601 1699 novissima
1628 1658 1889 1714 persecu-

1959 492 2031 545 ad
2055 493 2326 550 auxilium
2353 498 2692 568 daemonum,
2743 519 2871 558 cum
2904 506 3185 580 desperati
3232 512 3304 568 ad
3331 521 3557 573 sancto-

1960 596 2087 636 rum
2109 584 2417 654 quemlibet
2434 604 2547 643 non
2576 598 2919 661 praesumant
2941 598 3225 669 accedere,
3261 601 3509 659 dicentes
3538 622 3553 659 :

1963 670 2160 726 Cadite
2188 690 2358 745 super
2387 692 2510 743 nos,
2544 684 2603 732 et
2626 679 2950 738 abscondite
2981 701 3083 741 nos
3110 688 3181 742 ab
3207 688 3295 744 ira
3312 691 3560 748 sedentis

1960 761 2023 815 in
2053 762 2276 832 throno,
2304 765 2364 820 id
2386 773 2471 823 est
2508 770 2675 825 modo
2704 771 2937 828 liberate
2980 791 3103 844 nos,
3132 778 3264 850 quia
3302 780 3363 835 in
3404 782 3560 838 vobis

1961 848 2234 907 hactenus
2262 856 2456 911 confisi
2478 872 2695 914 sumus.

2557 983 2791 1040 CAPUT
2813 986 2940 1042 VII.

2035 1099 2107 1153 Et
2119 1106 2241 1168 post
2258 1103 2367 1157 hac
2385 1106 2502 1159 vidi
2519 1113 2988 1180 quatuorangclos
3003 1119 3210 1170 stantes
3236 1134 3402 1188 super
3426 1136 3566 1189 qua--

1967 1191 2095 1241 tuor
2111 1193 2345 1257 angulos
2399 1197 2575 1248 terras.
2633 1197 2888 1260 Quatuor
2937 1203 3123 1273 angeli
3145 1210 3361 1262 stantes
3396 1225 3567 1281 super

1975 1282 2219 1346 quatuor
2243 1285 2432 1349 partes
2457 1286 2642 1351 terrai,
2678 1286 2959 1359 principes
2986 1298 3136 1359 sunt,
3165 1296 3446 1367 praepositi
3467 1315 3566 1354 su-

1973 1380 2075 1434 per
2100 1372 2344 1436 quatuor
2361 1385 2538 1440 regna
2564 1373 3285 1451 principalia,Assyriorum
3315 1386 3571 1443 videlicet

1974 1454 2450 1521 etChaldaeorum,
2465 1460 2755 1517 Medorum
2779 1468 2837 1518 et
2849 1465 3171 1537 Persarum,
3200 1471 3566 1531 Macedonum

1971 1545 2031 1596 et
2059 1543 2463 1631 Romanorum.
2499 1548 2680 1620 Super
2733 1551 2837 1607 has
2876 1561 3121 1626 quatuor
3156 1564 3345 1630 partes
3381 1567 3568 1631 terrm,

1972 1629 2199 1686 stabant
2227 1638 2473 1704 quatuor
2493 1639 2678 1708 angeli
2696 1656 2960 1713 nequam,
2986 1646 3121 1715 quia
3138 1629 3234 1702 eos
3254 1649 3325 1703 ad
3353 1650 3442 1704 sui
3459 1629 3575 1709 son-

288 1733 446 1788 ιίοηθ
499 1733 931 1804 comprehensos
975 1734 1239 1789 hortatur
1291 1733 1485 1804 fugere
1526 1731 1799 1786 Dominus
1834 1729 1894 1785 in
1912 1722 1959 1783 Β
1977 1718 2096 1773 vitii
2115 1719 2408 1777 dominum
2438 1724 2867 1785 inclinaverunt.
2899 1733 3156 1788 Tenentes
3181 1744 3423 1804 quatuor
3448 1757 3574 1795 ven-

289 1822 615 1893 Evangelio,
637 1823 828 1877 dicens
850 1845 863 1879 :
885 1825 1036 1878 Tunc
1059 1826 1158 1893 qui
1184 1826 1247 1878 in
1274 1825 1464 1877 Judaza
1490 1826 1642 1883 sunt,
1668 1822 1894 1889 fugiant

287 1913 366 1965 ad
394 1917 603 1967 montes
620 1913 841 1984 (Matth.
867 1914 1038 1975 xxw).

363 2001 430 2054 Et
459 2001 641 2055 dicent
670 2003 949 2055 montibus
968 2006 1018 2055 et
1037 2003 1231 2069 petris,
1271 2000 1330 2054 id
1359 2003 1445 2054 est
1468 1998 1682 2070 angelis
1711 2002 1768 2052 et
1794 1997 1897 2051 ho-

286 2087 559 2143 minibus.
578 2088 685 2152 Qui
703 2093 854 2143 recte
874 2094 1093 2144 montes
1112 2082 1485 2160 appellantur,
1511 2088 1644 2159 quia
1669 2092 1896 2141 terrena

286 2176 625 2248 despiciunt,
648 2183 706 2232 et
729 2178 976 2232 cmlestia
996 2178 1466 2249 contemplantur.
1499 2177 1671 2231 Recte
1700 2180 1890 2247 petras,

288 2266 428 2337 quia
456 2282 491 2319 a
520 2266 743 2321 Christo
772 2266 868 2337 qui
892 2271 981 2321 est
1006 2272 1185 2337 petra,
1216 2265 1570 2321 roborantur.
1595 2266 1779 2321 Cadile
1806 2281 1898 2318 su-

280 2371 391 2423 per
420 2371 537 2420 nos,
564 2360 613 2410 et
633 2357 942 2410 abscondite
965 2372 1063 2409 nos
1092 2371 1127 2409 a
1160 2357 1301 2423 facie
1322 2357 1553 2409 sedentis
1566 2369 1728 2422 super
1743 2354 1894 2407 thro-

285 2460 453 2510 num,
473 2449 523 2498 et
553 2446 620 2497 ab
644 2446 736 2498 ira
777 2447 932 2512 agni.
960 2444 1024 2499 Id
1071 2448 1174 2510 est,
1204 2442 1590 2498 misericordia
1639 2442 1892 2496 animum

284 2532 582 2598 innectite,
628 2538 685 2587 et
733 2549 837 2587 nos
873 2532 982 2604 piis
1005 2531 1205 2586 vestris
1225 2530 1716 2586 intercessionibus
1737 2530 1895 2602 adju-

293 2625 426 2675 vate
443 2620 514 2675 ab
541 2621 965 2691 irajudicantis.

360 2711 635 2777 Quoniam
658 2713 807 2764 venit
832 2712 945 2764 dies
969 2726 1209 2779 magnus
1258 2713 1359 2765 ira:
1380 2712 1658 2779 ipsorum.
1692 2707 1757 2763 Id
1787 2712 1893 2776 est,

1979 1811 2056 1861 tos
2078 1812 2253 1876 terra,
2270 1827 2341 1866 ne
2356 1816 2559 1882 ﬂarent
2577 1831 2744 1885 super
2763 1824 2992 1882 terram,
3022 1839 3192 1892 neque
3210 1841 3376 1894 super
3393 1843 3569 1896 mare,

1978 1911 2149 1985 neque
2166 1901 2230 1952 in
2241 1902 2423 1955 ullam
2442 1904 2716 1958 arborem.
2734 1906 2892 1971 Quod
2923 1915 3056 1964 sunt
3079 1918 3322 1982 quatuor
3359 1915 3571 1985 angeli,

1977 1983 2083 2039 hoc
2100 1992 2234 2042 sunt
2249 1993 2308 2043 et
2322 1995 2567 2060 quatuor
2588 1994 2759 2048 venti.
2779 1994 2835 2049 id
2864 2002 2949 2051 est
2998 2008 3242 2070 quatuor
3268 1983 3577 2068 daemones.

1976 2072 2446 2145 principalitatem
2472 2095 2643 2150 super
2669 2086 3097 2157 quatuorregna
3121 2092 3577 2149 tenentes.Unde

1976 2160 2035 2215 in
2064 2162 2314 2219 Danielis
2340 2166 2623 2223 volumine
2651 2170 2909 2242 legimus,
2961 2177 3107 2246 quod
3152 2184 3398 2248 quatuor
3424 2181 3576 2236 venti

1977 2250 2307 2321 pugnabant
2324 2253 2382 2308 in
2393 2257 2536 2310 mari
2557 2273 2780 2329 magno,
2803 2266 2861 2315 et
2880 2269 3124 2332 quatuor
3133 2264 3321 2322 bestiae
3341 2285 3575 2324 consur-

1974 2339 2187 2409 gebant
2205 2340 2276 2396 de
2305 2348 2477 2411 terra,
2511 2361 2635 2417 quae
2682 2354 2816 2404 sunt
2844 2351 3077 2421 praefata
3116 2358 3359 2424 quatuor
3387 2358 3578 2413 saeculi

1975 2444 2169 2499 regna.
2192 2428 2483 2487 Tenebant
2507 2451 2641 2505 ergo
2685 2438 2871 2508 angeli
2899 2446 3144 2510 quatuor
3160 2448 3373 2512 ventos,
3404 2445 3461 2500 id
3491 2451 3581 2502 est

1975 2516 2188 2588 seipsos
2215 2519 2271 2573 in
2292 2521 2410 2575 suis
2439 2524 2725 2578 membris.
2748 2526 2893 2589 Quia
2921 2529 3067 2583 enim
3099 2531 3355 2587 diabolus
3384 2539 3443 2588 et
3461 2550 3579 2589 om-

1975 2623 2077 2661 nes
2104 2607 2283 2679 iniqui
2307 2626 2483 2665 unum
2515 2629 2717 2684 corpus
2738 2622 2888 2677 sunt,
2913 2618 3163 2688 profecto
3188 2625 3247 2674 et
3272 2621 3331 2675 in
3357 2623 3576 2692 angelis

1978 2695 2118 2749 etin
2143 2697 2325 2751 ventis
2379 2698 2500 2768 ipse
2556 2700 2909 2773 intelligitur.
2956 2705 3071 2776 Ipsi
3097 2708 3281 2778 angeli
3308 2712 3581 2766 tenebant

284 2798 579 2852 damnatio
597 2798 983 2869 reproborum.
1005 2799 1075 2852 Et
1094 2801 1218 2866 quis
1232 2801 1436 2866 poterit
1465 2801 1613 2852 stare
1628 2803 1652 2851 ?
1680 2796 1746 2850 Id
1785 2802 1891 2863 est,
1978 2789 2221 2853 quam"
2249 2790 2443 2841 νθηῖοε
2462 2792 2647 2856 term,
2670 2806 2741 2844 ne
2761 2792 2965 2846 ﬂarent
2995 2810 3166 2865 super
3190 2802 3421 2864 19mm,
3444 2797 3581 2869 quia

286 2882 502 2940 nullus.
535 2884 597 2941 Si
627 2886 776 2941 enim
809 2887 989 2941 sancti
1016 2886 1167 2941 illius
1191 2888 1334 2941 iram
1364 2892 1500 2941 tunc
1516 2886 1815 2951 timebunt,
1839 2885 1892 2940 et

1980 2877 2223 2941 quatuor
2251 2873 2532 2930 daemones
2560 2877 2796 2949 singulis
2824 2880 3013 2950 regnis
3041 2883 3279 2954 praelati,
3312 2884 3395 2939 ita
3421 2890 3577 2941 tene-

288 2974 482 3044 angeli
503 2990 725 3045 quoque
743 2975 947 3029 timore
972 2976 1514 3046 concutientur,quis
1534 2980 1787 3029 nostrum
1806 2990 1892 3028 su-

1978 2959 2114 3014 bant
2138 2977 2364 3017 omnem
2393 2964 2708 3036 subjectum
2735 2969 3001 3040 pepulum
3026 2976 3091 3025 ut
3119 2973 3309 3028 nullus
3335 2974 3574 3045 alicujus

1981 3049 2176 3079 ﬁnd-nm
2228 3052 2473 3079 νιΛι-ζιινιξ..
2534 3055 2766 3079 -.-Δ-....Α
2803 3063 2989 3079 ,Α-Α..-
3030 3075 3114 3079 ΑΑμ
3167 3061 3311 3079 ϋηο..
3556 3068 3569 3079 Α

289 3062 541 3129 stinebit,
562 3063 620 3116 in
642 3080 750 3133 quo
769 3068 827 3118 et
838 3064 1025 3133 justus
1045 3065 1134 3118 vix
1148 3063 1489 3118 salvabitur?
1516 3063 1597 3117 De
1616 3064 1722 3116 hoc
1749 3068 1892 3117 tem-

1979 3049 2179 3104 ﬂatum
2227 3052 2474 3123 regionis
2532 3055 2769 3110 auderet
2797 3063 2993 3112 contra
3022 3075 3117 3114 eos
3157 3061 3435 3130 emittere,
3477 3068 3579 3119 aut

286 3167 427 3222 pore
448 3152 873 3222 prophetadicit
896 3167 908 3201 :
928 3155 1051 3207 Dies
1070 3155 1174 3206 illa
1193 3155 1307 3206 dies
1329 3150 1633 3222 irw(Soph.
1662 3155 1733 3221 ι.)
1758 3152 1897 3206 Pos-
1978 3142 2407 3242 ιηιιιίΐϐξξοξηω
2434 3142 2576 3242 illos,
2603 3148 2679 3242 et.
2699 3143 2928 3242 verbum
2959 3147 3213 3242 veritatis
3250 3150 3445 3242 sinere
3482 3151 3579 3206 ad.

286 3257 488 3295 sumus
508 3245 565 3295 et
583 3240 699 3295 haec
720 3241 777 3295 in
799 3241 1139 3295 contrariam
1160 3247 1379 3312 partem
1394 3241 1729 3311 intelligere.
1752 3241 1892 3295 Mon-

1978 3243 2171 3282 versus
2189 3228 2361 3294 idola,
2389 3234 2455 3284 ut
2474 3231 2721 3287 diceret:
2746 3233 2873 3288 Non
2894 3242 3028 3290 sunt
3044 3236 3142 3303 dii,
3175 3238 3574 3308 quihominum

288 3335 377 3384 tes
397 3329 548 3383 enim
572 3346 717 3400 saepe
738 3330 797 3384 in
814 3346 972 3384 sacro
992 3330 1213 3401 eloquio
1249 3329 1520 3401 superbos
1552 3330 1889 3400 signiﬁcant,
1977 3332 2152 3371 manu
2172 3317 2509 3385 efﬁciuntur,
2532 3321 2631 3374 sed
2644 3326 2779 3375 sunt
2802 3322 3184 3379 simulacraad
3208 3326 3447 3383 nihilum
3463 3328 3579 3383 uti-

286 3418 440 3471 unde
457 3422 545 3471 est
559 3418 699 3472 illud
723 3416 885 3473 Isaiae
909 3436 920 3472 :
945 3418 1128 3489 Super
1146 3423 1393 3472 montem
1414 3418 1781 3488 caliginosum
1811 3418 1897 3471 le-

286 3512 417 3561 vate
435 3507 681 3578 signum,
702 3506 761 3561 in
782 3506 983 3578 quibus
1002 3506 1184 3561 verbis
1213 3507 1510 3590 Balthasar
1538 3506 1713 3561 voluit
1734 3505 1899 3560 intel-

290 3595 416 3666 ligi,
438 3595 791 3650 inﬁdelitatis
808 3600 864 3649 et
891 3595 1200 3667 impietatis
1220 3594 1428 3650 nebula
1445 3600 1790 3666 coopertum.
1809 3594 1901 3648 In-

288 3684 430 3738 sulae
446 3689 636 3737 autem
659 3684 1031 3754 appellantur,
1052 3683 1149 3755 qui
1170 3683 1519 3738 saecularium
1543 3683 1897 3753 negotiorum

288 3771 559 3827 ﬂuctibus
589 3772 938 3843 quatiuntur,
980 3777 1038 3826 et
1092 3771 1382 3827 instabiles
1424 3775 1575 3825 sunt.
1617 3771 1718 3826 Isti
1754 3771 1898 3825 tales

288 3859 671 3916 movebuntur
700 3859 898 3915 abono
928 3860 999 3915 ad
1030 3861 1264 3924 malum,
1308 3876 1343 3914 a
1367 3859 1475 3913 fide
1503 3859 1574 3912 ad
1594 3858 1898 3913 inﬁdelita-

291 3956 433 4017 tem,
490 3953 557 4003 ut
609 3949 975 4021 cupiditatem
1021 3965 1185 4003 suam
1223 3948 1439 4021 possint
1494 3948 1748 4019 implere.
1789 3946 1896 4010 Qui

292 4040 470 4094 etiam
502 4037 606 4093 sub
624 4039 778 4111 pacis
806 4044 1060 4111 tempore
1084 4055 1197 4092 non
1226 4039 1406 4092 solum
1428 4042 1745 4091 exterorum
1761 4034 1895 4089 sub-

292 4127 567 4182 stantiam
593 4128 937 4199 praeripiunt,
956 4128 1054 4182 sed
1071 4127 1243 4181 etiam
1270 4128 1329 4180 in
1350 4130 1532 4180 morte
1561 4125 1899 4196 propinquo-

292 4233 427 4271 rum
454 4216 722 4286 gaudent,
758 4222 927 4286 atque
959 4231 1155 4270 eorum
1184 4214 1332 4269 bona
1355 4214 1414 4268 in
1444 4230 1575 4268 suos
1603 4230 1739 4268 usus
1764 4230 1898 4268 con-

1977 3404 2072 3457 lia.
2096 3405 2161 3459 In
2190 3410 2344 3459 terra
2371 3413 2561 3461 autem
2579 3408 2873 3465 diversitas
2900 3412 3333 3482 provinciarum,
3353 3415 3412 3470 in
3433 3417 3577 3471 mari

1979 3508 2109 3547 vero
2130 3493 2566 3551 innumerositas
2582 3497 2912 3567 designatur
2930 3500 3263 3556 insularum.
3290 3503 3399 3558 Per
3408 3504 3575 3560 arbo-

1981 3596 2071 3634 res
2100 3597 2324 3653 quoque
2351 3582 2748 3654 intelliguntur
2790 3586 3045 3642 homines
3068 3589 3295 3659 singuli,
3334 3591 3467 3660 quia
3502 3593 3574 3647 ab

1980 3668 2341 3723 universitate
2362 3671 2512 3725 redit
2537 3672 2608 3726 ad
2629 3673 3054 3743 specialitatem,
3071 3677 3205 3746 quia
3228 3677 3337 3747 ipsi
3363 3678 3574 3734 daemo-

1979 3773 2080 3811 nes
2105 3773 2301 3811 omnes
2326 3758 2585 3814 homines
2602 3760 2661 3814 in
2684 3761 2771 3816 his
2799 3767 3043 3833 quatuor
3068 3764 3258 3836 regnis
3283 3765 3571 3836 degentes,

1978 3861 2080 3915 pro
2099 3861 2200 3900 suo
2231 3845 2498 3901 tenebant
2517 3849 2777 3905 astrictos
2799 3851 3048 3906 servitio.

2047 3934 2115 3987 Et
2130 3936 2245 3987 vidi
2264 3938 2503 3990 alterum
2523 3940 2786 4006 angelum
2803 3942 3180 3995 ascendentem
3193 3944 3263 3997 ab
3283 3947 3570 4013 artasatis,

1978 4018 2261 4076 habentem
2289 4027 2515 4092 signum
2538 4027 2637 4080 Dei
2662 4030 2794 4093 vivi,
2835 4032 2886 4080 et
2930 4031 3192 4084 clamavit
3221 4046 3341 4086 voce
3367 4048 3574 4100 magna

1979 4116 2220 4177 quatuor
2230 4117 2460 4181 angelis,
2476 4116 2675 4183 quibus
2691 4117 2886 4169 datum
2899 4122 2971 4170 est
2993 4132 3181 4171 nocere
3209 4124 3370 4174 terra:
3387 4125 3437 4174 et
3449 4137 3573 4175 ma-

1978 4200 2053 4263 ri,
2078 4200 2262 4253 dicens
2294 4220 2312 4255 :
2341 4204 2525 4257 Nolite
2550 4219 2740 4258 nocere
2772 4209 2930 4258 terra:
2958 4210 3007 4258 et
3030 4209 3184 4260 mari
3216 4224 3386 4276 neque
3412 4210 3578 4265 arbo-

294 4309 547 4359 vertunt.
576 4305 755 4376 Reges
785 4310 998 4372 autem,
1029 4304 1330 4376 principes,
1384 4320 1450 4357 ac
1477 4302 1711 4367 tribuni,
1740 4302 1902 4373 juxta
1921 4372 1958 4376 _
1980 4290 2566 4362 ribus.Aliusangelus
2587 4292 2889 4347 Dominum
2914 4293 3194 4365 signiﬁcat
3211 4295 3407 4352 Jesum
3420 4298 3579 4353 Chri-

298 4392 632 4464 qualitatem
662 4372 966 4463 graduum,
1025 4372 1231 4448 omnes
1272 4392 1538 4465 reprobos
1564 4372 2257 4484 significant,Dstum,.de
2282 4381 2691 4486 quascript‘um
2714 4387 2845 4486 ξεῖνε
2902 4384 3188 4486 Exibit?"
3224 4402 3426 4486 ηορκη
3461 4390 3579 4457 (ius

297 4480 535 4550 majoris
557 4480 768 4535 scilicet
818 4482 1111 4552 dignitatis
1170 4481 1446 4546 homines,
1482 4480 1807 4544 mediocres,
1849 4483 1907 4533 et
1985 4473 2176 4544 magni
2196 4470 2415 4574 consil-ini
2444 4471 2679 4574 angelus
2710 4470 2957 4574 (lsa..ilx).
2979 4471 3065 4526 Ab
3085 4480 3211 4574 ortu
3226 4474 3361 4574 solis
3379 4492 3580 4532 ascen-

297 4568 574 4634 minores,
603 4568 698 4639 qui
726 4568 990 4623 timentes
1020 4569 1281 4623 amittere
1306 4584 1482 4638 regna
1504 4573 1562 4622 et
1606 4567 1896 4631 honorem,
1985 4564 2086 4628 dlt,
2121 4561 2252 4633 quia
2270 4560 2441 4615 tertia
2467 4559 2557 4613 die
2587 4560 2896 4665 resurrexit
2919 4577 2954 4615 a
2989 4562 3246 4665 mortuis,
3271 4572 3334 4659 et.
3356 4580 3458 4619 sua
3490 4581 3581 4665 re-

300 4657 441 4711 dum
462 4656 718 4711 viderent
741 4658 1149 4712 Antichristum
1180 4673 1417 4728 regnare
1445 4661 1503 4711 et
1549 4654 1804 4710 membra
1832 4655 1903 4709 il—
1987 4651 2333 4707 surrectione
2351 4648 3179 4749 totumvmund‘umilluminavit
3192 4653 3585 4749 per-evangelii

299 4746 439 4812 lius,
458 4745 782 4799 transibunt
797 4745 868 4800 ad
889 4762 985 4801 eos
1006 4751 1062 4801 et
1091 4746 1466 4801 movebuntur
1484 4745 1554 4800 ad
1584 4745 1817 4809 malum,
1843 4749 1907 4797 ut
1988 4758 2109 4796 cam
2139 4740 2451 4795 doctrinam
2465 4778 2501 4838 ζ
2506 4737 2668 4838 Unde
2693 4736 2989 4791 Psalmista
3336 4741 3583 4838 ascendit

301 4834 385 4891 eis
408 4840 662 4905 parcant,
687 4840 744 4889 et
762 4835 985 4889 divitias
1001 4852 1113 4891 non
1135 4836 1417 4891 amittant.
1442 4835 1653 4890 Divites
1683 4848 1908 4906 quoque
1988 4845 2154 4925 super
2168 4843 2438 4925 occasum,
2459 4827 2724 4925 Dominus
2741 4840 2938 4925 nomen
2960 4828 3048 4878 est
3075 4827 3172 4925 illi
3206 4828 3367 4925 (Psat.
3387 4835 3580 4898 van).

301 4923 667 4994 appellantur
687 4924 949 4995 peccatis,
981 4925 1077 4997 qui
1109 4942 1276 4981 omne
1302 4926 1514 4981 malum
1544 4923 1694 4995 quod
1724 4923 1909 4977 volue-
1989 4919 2159 5013 Yenit
2179 4934 2312 4988 ergo
2337 4915 2407 4970 ab
2435 4919 2564 5013 ortu
2592 4914 2743 5013 solis,
2779 4918 2837 4967 et
2853 4914 3118 5013 praecepit
3149 4920 3392 4984 quatuor
3418 4932 3588 4987 ange-

301 5016 445 5066 runt
462 5010 718 5082 implere,
751 5011 927 5067 libere
948 5019 1236 5085 poterunt,
1283 5031 1387 5069 nec
1412 5014 1472 5067 in
1500 5013 1648 5067 malo
1669 5012 1909 5066 aliorum
1990 5008 2078 5072 lis,
2110 5023 2182 5061 ne
2202 5009 2470 5107 nocerent
2491 5008 2664 5107 ‘terrse
2687 5007 2744 5056 et
2763 5007 2923 5107 mari,
2960 5007 3094 5101 quia
3116 5019 3354 5074 surgens
3385 5020 3419 5058 a
3444 5021 3592 5107 mor:

302 5099 517 5155 auxilio
540 5099 886 5171 indigebunt.
917 5103 1115 5157 Fortes
1143 5103 1405 5157 similiter
1430 5102 1491 5156 in
1521 5101 1669 5155 malo
1698 5098 1912 5154 intelli-
1990 5096 2126 5158 tuis,
2161 5092 2449 5166 prohibuit
2475 5091 2822 5194 daemones‘a
2843 5090 3102 5194 “laesione
3124 5108 3341 5194 eorum,
3383 5095 3480 5166 qui
3518 5095 3591 5151 ad

300 5188 499 5259 gimus
514 5188 586 5242 ad
608 5189 952 5244 miscendam
966 5190 1179 5245 scilicet
1193 5189 1633 5254 ebrietatem,vel
1653 5188 1723 5241 ad
1744 5187 1912 5241 fidem
1992 5184 2163 5238 vitam
2183 5188 2451 5281 aeternam
2470 5184 2610 5281 sunt
2621 5178 3030 5281 praedestinati.
3236 5187 3294 5236 et
3308 5182 3431 5281 ipsa
3443 5200 3593 5281 qua-

304 5276 552 5330 aliorum
602 5276 1056 5332 subvertendam.
1117 5277 1273 5333 Servi
1326 5282 1552 5349 peccato
1608 5274 1913 5329 servientes
1993 5279 2126 5327 tuor
2143 5287 2318 5342 regna
2342 5269 2447 5324 sibi
2474 5267 2836 5369 subdidit._et
2891 5267 2978 5369 ad.
3010 5269 3281 5369 notitiam
3301 5278 3359 5369 et
3386 5274 3459 5369 ad
3482 5273 3597 5369 cul-

304 5368 465 5431 sunt,
498 5365 632 5436 quia
656 5366 752 5437 qui
783 5366 918 5420 facit
961 5373 1276 5437 peccatum,
1319 5381 1512 5421 servus
1555 5370 1641 5419 est
1678 5362 1910 5435 peccati.
1994 5368 2115 5417 tum
2135 5361 2304 5459 unius
2326 5359 2423 5459 lbei
2440 5357 2717 5459 perduxit,
2743 5357 2873 5458 hinc
2901 5362 2988 5459 est
3017 5358 3172 5459 quod
3229 5359 3597 5459 Nabuchodo-

308 5452 509 5509 Liberi
528 5455 818 5525 ajustitia,
838 5455 898 5509 id
918 5461 1004 5510 est
1020 5456 1190 5510 alieni
1207 5454 1491 5524 ajustitia;
1515 5453 1663 5507 unde
1681 5452 1906 5507 Paulus:
1994 5466 2164 5506 nosor
2184 5446 2322 5502 vidit
2349 5446 2913 5548 lapindemOprmcisIum
2933 5446 3003 5548 de
3022 5453 3232 5548 monte,
3375 5463 3598 5548 percus-

309 5543 458 5599 Uum
486 5545 632 5597 servi
652 5546 833 5598 essetis
854 5544 1254 5613 peccati,liberi
1277 5544 1715 5613 fuistisjustitia:
1737 5541 1905 5611 (Rom.
1994 5540 2069 5595 sit
2096 5542 2342 5594 statuam
2368 5536 2429 5591 in
2448 5535 2644 5591 ferreis
2673 5535 2926 5608 pedibus,
2950 5539 3009 5590 et
3026 5536 3361 5592 comminuit
3385 5535 3600 5607 pariter

562 5640 831 5705 Panos.
865 5643 1098 5708 cxvu.
3269 5630 3355 5694 ³³
3440 5734 3445 5739 _
