4048 6172
551 257 689 331 1035

1001 258 1381 327 HAYMONIS
1412 256 1901 319 HALBERSTAT'.
1935 250 2162 317 EPISC‘.
2190 255 2353 317 ΘΡΡ.
2386 256 2570 319 PARS
2598 258 2645 325 Is
2681 286 2745 300 -—
2777 255 3150 313 GOMMENT.
3181 257 3362 313 BIBL.

3672 254 3805 315 1036

518 400 771 455 aurum,
803 387 1121 454 argentum,
1156 387 1213 441 et
1233 398 1329 438 res.
1361 382 1426 439 In
1468 397 1607 439 auro
1634 382 1783 443 enim
1809 381 2144 451 intelligitur
2160 383 2210 446 Α
2229 379 2490 451 draginta
2514 387 2639 439 octo
2656 382 2833 439 millia
2852 384 3010 438 ﬁant.
3033 382 3108 438 Ut
3129 398 3261 449 vero
3290 382 3437 453 quod
3462 380 3719 451 credidit,
3744 380 3810 437 ad

542 488 786 545 regnum
817 472 1197 544 Assyriorum,
1228 471 1285 531 in
1307 476 1541 540 argento
1581 471 1893 535 Medorum,
1936 470 1995 524 in
2031 486 2141 524 {ore

550 566 847 631 Persarum
878 568 934 617 et
962 561 1348 626 Macedonum,
1374 559 1429 617 in
1452 559 1599 613 ferro
1617 572 1853 628 regnum
1868 559 2140 615 Romano-

546 667 673 720 rum
704 651 1071 721 signiﬁcatur.
1097 648 1352 711 Christus
1380 647 1527 704 enim
1550 651 1716 703 natus
1741 648 1812 709 de
1840 647 2013 718 stirpe
2039 648 2141 701 Ju-

546 740 725 804 daica,
756 739 878 795 sine
905 753 1071 809 opere
1097 736 1360 801 maritali,
1389 752 1489 807 per
1528 736 1984 807 praedicationem
2004 751 2142 806 apo-

546 828 816 882 stolorum
833 820 1110 896 percussit
1132 824 1541 891 extremitatem
1563 823 1723 894 regni
1737 825 2138 892 Romanorum,

544 927 602 974 et
624 925 758 972 tunc
772 916 1002 989 praefata
1015 915 1200 971 omnia
1224 914 1412 968 szeculi
1426 930 1601 987 regna
1621 913 1898 980 contrivit,
1917 930 2038 984 quae
2056 913 2137 967 illi

543 1012 706 1061 erant
723 1004 845 1075 subj
854 990 974 1057 ecta
989 1047 1001 1060 .
1013 1002 1181 1073 Lapi's
1192 1000 1379 1055 autem
1392 997 1648 1065 crevit,et
1658 1000 1960 1054 suscitatus
1976 1006 2062 1054 est
2079 1001 2138 1054 in

541 1110 802 1164 regnum;
827 1092 977 1164 quod
1005 1091 1063 1147 in
1078 1095 1349 1167 internum
1372 1105 1484 1143 non
1504 1088 1887 1158 dissipabitur.
1910 1088 2070 1143 Unde
2083 1096 2139 1143 et

526 1182 825 1247 subditur,
866 1181 1228 1247 Quoadusqus
1254 1180 1535 1246 n'gneinus
1558 1192 1735 1230 servos
1755 1178 1850 1229 Dei
1868 1182 2045 1232 nostri
2074 1182 2136 1233 in

527 1272 822 1341 frontibus
846 1284 1058 1325 torum.
1077 1266 1186 1322 Ubi
1210 1266 1566 1329 intuendum,
1585 1264 1719 1335 quia
1736 1280 1863 1319 cum
1882 1263 2149 1334 superius.

536 1368 717 1418 unum
747 1358 1012 1428 angelum
1038 1372 1099 1411 se
1112 1354 1315 1410 vidisSe
1329 1354 1479 1424 dicat
1503 1352 1892 1422 Joannes,ipse
1905 1353 2139 1422 angelus

536 1464 689 1505 nunc
716 1446 1011 1519 pluraliter
1030 1444 1284 1514 loquitur
1320 1442 1546 1497 dicens:
1572 1440 1947 1511 Quoadusque
1960 1440 2144 1510 signe-

539 1554 688 1604 mus,
710 1552 814 1606 ego
830 1534 1041 1589 scilicet
1067 1538 1126 1587 et
1142 1531 1380 1605 apostoli
1404 1530 1533 1586 mei.
1548 1530 1707 1594 Quod
1722 1530 1870 1583 enim
1888 1529 2142 1584 fecerunt

536 1625 798 1698 apostoli,
854 1623 974 1695 ipse
1016 1620 1275 1677 Christus
1326 1619 1476 1686 fecit,
1511 1619 1604 1689 qui
1631 1618 1692 1674 in
1746 1619 1883 1689 ipsis
1920 1618 2139 1673 habitat

2222 471 2513 529 Trinitatis
2541 472 3069 543 contemplationem
3098 474 3398 544 pertingat,
3427 487 3652 527 rursum
3673 488 3809 542 qua-

2222 559 2485 630 draginta
2508 567 2631 616 octo
2654 562 2832 617 millia
2851 568 2939 617 ter
2958 561 3428 632 multiplicentur,
3444 566 3503 614 et
3514 560 3583 616 de
3603 577 3664 615 se
3692 576 3812 615 cen-

2222 653 2341 705 tum
2365 650 2739 719 quadraginta
2775 656 3018 721 quatuor
3066 650 3242 706 millia
3279 649 3537 704 reddant.
3575 650 3729 703 Nam
3762 652 3811 702 et

2223 739 2580 797 centonarius
2607 754 2897 804 numerus,
2913 739 3011 810 qui
3035 755 3070 792 a
3096 740 3232 795 laeva
3251 737 3672 793 transferturad
3694 724 3811 789 dex-

2224 829 2424 891 teram,
2454 827 2775 896 generalem
2805 827 3087 898 signiﬁcat
3111 832 3434 882 sanctorum
3490 840 3808 891 numerum,

2218 913 2319 983 qui
2350 914 2408 968 in
2434 915 2773 991 perfectione
2818 916 3004 987 operis
3038 915 3282 983 inventi,
3314 915 3375 973 in
3416 915 3651 970 dextera
3688 917 3813 968 sunt

2217 1003 2546 1059 collocandi.

2289 1091 2372 1146 Ea:
2397 1094 2549 1147 tribu
2567 1094 2713 1149 Juda
2743 1094 3028 1149 duodecim
3050 1096 3236 1149 millia
3261 1095 3489 1161 signati.
3521 1091 3811 1147 Manifesta:

2222 1177 2281 1235 in
2301 1178 2406 1235 hoc
2426 1180 2544 1236 loco
2574 1182 2912 1247 ostenditur,
2932 1198 3046 1237 non
3081 1199 3186 1241 nos
3206 1180 3408 1251 debere
3423 1181 3515 1235 hic
3533 1181 3813 1235 carnalem

2221 1266 2473 1338 accipere
2488 1270 2936 1338 generationem,
2959 1286 3061 1341 per
3077 1270 3183 1326 hoc
3203 1270 3352 1342 quod
3370 1285 3485 1325 non
3507 1269 3812 1324 secundum

2220 1357 2476 1415 ordinem
2505 1358 2815 1414 nativitatis
2833 1359 3074 1429 suae‘ﬁlii
3100 1358 3269 1413 Jacob
3311 1363 3601 1430 ponuntur
3626 1357 3691 1413 in
3720 1358 3815 1415 hoc

2224 1444 2495 1514 catalogo.
2521 1446 2664 1509 Nam
2687 1447 2714 1500 J
2722 1447 2862 1511 udas
2882 1447 3079 1519 quihic
3106 1448 3324 1518 primus
3343 1446 3592 1518 ponitur,
3625 1445 3814 1517 utique

2223 1538 2423 1602 quarto
2451 1534 2572 1588 loco
2593 1540 2759 1591 natus
2790 1540 2892 1591 est.
2928 1535 3050 1601 Gad
3078 1551 3302 1609 quoque
3354 1535 3444 1593 hic
3482 1540 3571 1591 est
3595 1532 3813 1599 tertius,

2220 1620 2297 1675 ibi
2325 1626 2554 1683 octavus
2594 1623 2901 1680 invenitur.
2955 1623 3228 1683 Similiter
3256 1623 3327 1678 de
3381 1622 3602 1679 caeteris
3627 1628 3719 1677 est
3740 1622 3815 1679 iu-

517 1714 846 1787 -juxtaillud
873 1731 885 1765 :
910 1714 1037 1766 Ecce
1053 1727 1143 1778 ego
1157 1712 1430 1765 vobiscum
1452 1718 1578 1762 sum
1611 1724 1782 1775 usque
1802 1710 1875 1762 ad
1894 1710 2143 1762 consum;
2162 1704 2209 1769 Β
2223 1709 2516 1765 tuendum.
2536 1710 2696 1775 Quod
2718 1727 2894 1782 quare
2908 1711 3117 1767 factum
3139 1712 3232 1779 sit,
3272 1712 3396 1783 ipsa
3415 1712 3716 1767 nominum
3734 1711 3814 1765 in-

535 1808 836 1859 matiomm
861 1802 1047 1856 seculi
1072 1799 1284 1855 (Matth.
1317 1802 1535 1865 xxviii).
1586 1796 1821 1866 Signum
1862 1796 1987 1862 hoc,
2030 1812 2139 1867 quo

534 1893 832 1964 signantur
848 1906 1041 1945 omnes
1059 1887 1203 1944 servi
1220 1887 1320 1942 Dei
1341 1887 1398 1940 in
1412 1885 1897 1955 t‘rontibustsum
1911 1885 2139 1956 signum

535 1989 624 2038 est
642 1985 849 2036 sanctis
862 1978 1065 2039 crucis,
1092 1977 1238 2048 quod
1256 1976 1449 2030 ﬁdeles
1464 1975 1522 2033 in
1554 1973 1796 2029 Ecclesia
1817 1974 2134 2044 dupliciter,

531 2072 593 2126 in
612 2084 845 2141 corpore
866 2067 1078 2122 scilicet
1090 2070 1146 2119 et
1172 2064 1384 2129 anima,
1407 2069 1654 2134 portant.
1689 2064 1752 2117 In
1771 2064 2001 2133 corpore
2028 2063 2138 2123 sci-

532 2160 684 2225 licet,
717 2158 852 2228 quia
878 2156 1179 2225 signantur
1204 2152 1265 2205 in
1290 2152 1476 2207 fronte
1501 2151 1560 2205 in
1608 2151 1838 2205 nomine
1864 2151 2052 2205 Patris
2082 2156 2139 2205 et

510 2249 660 2302 Filii
682 2253 741 2301 et
762 2245 1006 2316 Spiritus
1033 2242 1233 2297 sancti.
1271 2240 1339 2295 In
1375 2240 1564 2295 anima
1596 2256 1743 2304 vero,
1774 2239 1905 2310 quia
1925 2240 2137 2294 Christi

533 2334 852 2407 passionem
880 2331 1197 2394 imitantur,
1230 2328 1622 2397 cruciﬁgentes
1651 2342 1711 2381 se
1737 2343 1863 2381 cum
1895 2327 2043 2382 vitiis
2080 2333 2138 2384 et

532 2418 1027 2492 concupiscentiis.
1061 2416 1221 2471 Unde
1267 2415 1327 2471 in
1381 2415 1578 2469 Veteri
1602 2416 1962 2469 Testamento
1998 2432 2137 2487 pra:-

2222 1798 2551 1868 tcrpretatio
2576 1799 2902 1863 manifestat
2926 1819 2939 1853 :
2970 1801 2998 1856 J
3006 1801 3143 1857 udas
3171 1800 3379 1871 quippe
3409 1800 3816 1871 interpretatur

2221 1887 2493 1941 confessio
2514 1886 2629 1941 sive
2656 1887 2912 1954 laudans,
2937 1889 2994 1941 in
3026 1905 3135 1960 quo
3166 1888 3419 1945 Ecclesia
3445 1889 3814 1959 comprehcn-

2219 1974 2391 2038 ditur,
2416 1991 2538 2046 quae
2558 1976 2627 2031 de
2652 1976 2895 2047 peccatis
2923 1977 3222 2048 prseteritis
3265 1976 3656 2048 pcenitentiam
3679 1976 3813 2046 agit,

2221 2068 2319 2119 eta
2340 2064 2505 2121 laude
2525 2065 2807 2147 Qrcatoris
2818 2081 2933 2121 non
2953 2065 3444 2121 cessat.Conﬁteor
3464 2066 3621 2120 enim
3641 2063 3811 2138 cqui-

2218 2169 2417 2207 vocum
2443 2151 2666 2207 verbum
2676 2193 2690 2220 ,
2707 2160 2764 2209 et
2779 2170 2882 2225 pro
2896 2154 3244 2209 confessione
3258 2154 3488 2225 ponitur
3498 2159 3557 2208 et
3567 2170 3671 2225 pro
3701 2154 3816 2209 lau-

2217 2241 2304 2295 de.
2328 2241 2485 2305 Unde
2501 2241 2773 2307 Dominus
2798 2261 2809 2296 :
2829 2244 3099 2311 Conﬁteor
3117 2244 3237 2310 tibi,
3259 2246 3421 2299 Pater
3439 2245 3560 2299 cwli
3580 2248 3630 2296 et
3662 2247 3814 2296 terra:

2224 2329 2433 2391 (Matth.
2467 2334 2565 2397 ει).
2599 2329 2669 2383 Et
2695 2329 3033 2385 Psalmista:
3065 2329 3365 2397 Conﬁtebor
3408 2331 3530 2401 tibi,
3563 2331 3809 2393 Domine,

2217 2421 2281 2479 in
2313 2421 2418 2471 toto
2450 2419 2606 2471 corde
2634 2434 2751 2471 meo
2770 2402 2941 2487 (Psal.
2984 2417 3246 2490 cxxax'u).
3273 2419 3457 2474 Ruben
3489 2417 3703 2473 dicitur
3738 2417 3814 2471 vi-

506 2515 759 2582 -csptum
783 2512 888 2574 est,
912 2513 984 2561 ut
1019 2520 1191 2576 super
1237 2509 1542 2573 utrumque
1571 2502 1744 2557 limen
1768 2504 1837 2557 de
1863 2505 2134 2575 sanguine
2215 2505 2354 2559 dens
2373 2505 2573 2559 ﬁlium.
2607 2506 2676 2561 Et
2702 2506 2763 2561 in
2791 2506 2897 2561 hoc
2924 2507 3236 2578 locoipsam
3265 2506 3570 2561 Ecclesiam
3598 2505 3813 2578 signiﬁ-

531 2599 666 2670 agni
696 2600 991 2670 ponerent,
1019 2594 1152 2664 quia
1179 2609 1292 2648 non
1321 2592 1550 2663 prodest
1577 2591 1684 2646 hoc
1711 2591 1937 2661 signum
1988 2598 2135 2647 exte-
2215 2598 2325 2659 cat,
2356 2609 2479 2664 quae
2507 2593 2674 2657 ﬁlios,
2704 2594 2762 2648 id
2791 2600 2876 2647 est
2904 2593 3051 2648 bona
3072 2612 3244 2666 opera
3277 2595 3444 2651 videt.
3481 2595 3648 2650 Unde
3676 2601 3762 2649 est
3794 2612 3804 2644 :

527 2689 650 2743 rius
679 2686 1009 2758 quidquam,
1036 2682 1147 2739 nisi
1174 2683 1359 2752 ipsum
1386 2681 1511 2751 quis
1532 2679 1772 2749 accipiat
1792 2684 1849 2734 et
1873 2679 2127 2735 interius:
2214 2681 2422 2747 Videas
2448 2682 2595 2736 ﬁlios
2623 2682 2869 2737 ﬁliorum
2899 2687 3145 2739 tuorum.
3174 2682 3303 2739 Filii
3319 2683 3525 2754 quippe
3540 2683 3804 2748 ﬁliorum,

526 2777 671 2832 ﬁdes
699 2774 851 2829 enim
874 2772 926 2827 si
953 2787 1065 2827 non
1101 2769 1307 2826 habeat
1352 2784 1540 2839 opera,
1574 2773 1800 2823 mortua
1851 2774 1952 2823 est.
1986 2769 2132 2824 Dicit
2212 2770 2550 2840 intelligitur
2568 2772 2947 2827 remuneratio
2968 2787 3222 2843 operum.
3254 2771 3580 2843 Spiritualis
3620 2772 3807 2843 itaque

528 2876 663 2934 ergo
685 2881 699 2916 :
721 2861 909 2918 Nolite
936 2874 1137 2914 nocere
1178 2862 1345 2913 terrae
1395 2861 1451 2912 et
1504 2855 1669 2922 mari,
1702 2862 1884 2926 nectus
1910 2856 2128 2911 arbori-
2212 2864 2299 2913 est
2318 2860 2428 2915 ista
2455 2859 2734 2932 prosapia,
2778 2860 2911 2931 quia
2930 2853 2988 2914 et
3014 2861 3069 2914 in
3103 2860 3249 2915 Juda
3267 2859 3556 2929 praecessit
3581 2859 3807 2913 initium

506 2955 654 3020 bus,
670 2950 1035 3023 quoadusque
1055 2939 1348 3017 signemus
1366 2960 1554 3000 servos
1576 2944 1668 2999 Dei
1689 2944 1869 2999 nostri
1895 2945 1955 2999 in
1981 2945 2178 3023 fron-A
2212 2948 2650 3015 confessionum,
2676 2955 2735 3003 et
2761 2949 2821 3003 in
2876 2948 3075 3004 Ruben
3126 2948 3433 3003 succedunt
3457 2948 3809 3021 incrementa

530 3013 917 3101 tibuseorum,
941 3013 1007 3091 ac
1028 3035 1076 3091 si
1097 3013 1311 3090 diceret
1332 3052 1343 3087 :
1365 3033 1763 3089 Nolitelaeder‘e
1785 3033 1912 3088 illos
1933 3034 2028 3104 qui
2057 3013 2180 3089 ade
2210 3036 2624 3103 virtutum.Qui
2639 3013 2692 3092 si
2718 3038 2935 3109 primus
2961 3043 3285 3109 poneretur,
3335 3035 3473 3091 ordo
3498 3018 3807 3091 nativitatis

527 3130 703 3185 'vitam
720 3130 990 3182 litteratum
1011 3128 1147 3179 sunt
1162 3121 1525 3193 prmerdinati
1539 3125 1670 3175 ante
1696 3122 1887 3177 omnia
1905 3122 2125 3189 saecla;
2210 3140 2324 3189 suae
2351 3125 2817 3181 confunderetur.
2848 3125 3014 3181 Prius
3038 3125 3186 3179 enim
3212 3124 3527 3181 recedimus
3546 3140 3653 3196 per
3680 3139 3812 3178 con-

528 3218 682 3274 anda
707 3215 1037 3287 Apostolus:
1061 3213 1169 3278 Qui
1197 3212 1356 3277 elegit
1378 3220 1472 3266 nos
1500 3216 1628 3264 ante
1646 3212 1849 3268 mundi
1868 3214 2129 3267 conslitu-
2208 3214 2509 3279 fessionem
2528 3231 2564 3271 a
2583 3214 2765 3281 malis,
2783 3214 2985 3269 deinde
2998 3214 3319 3287 proﬁcimus
3329 3214 3401 3268 ad
3411 3212 3813 3289 subsequentia

501 3304 738 3359 -it‘onem
763 3306 827 3356 in
850 3302 1199 3367 adoptionem
1216 3300 1467 3364 ﬁliorum
1499 3299 1594 3352 Dei
1616 3298 1826 3365 (Ephes.
1856 3302 1919 3365 ι).

2224 3319 2377 3370 Dona,
2409 3309 2475 3359 ut
2494 3303 2860 3361 informemur
2888 3302 3056 3358 rectis
3082 3308 3136 3358 et
3167 3302 3406 3375 placitis.
3458 3302 3597 3357 Post
3618 3301 3810 3357 Ruben

563 3390 837 3448 Etaudim'
849 3388 1736 3453 numerumsignatorumcenium
1749 3388 2128 3455 quadraginta
2208 3397 2361 3454 recte
2377 3391 2608 3463 ponitur
2648 3386 2782 3458 God,
2815 3389 2913 3463 qui
2945 3390 3182 3459 tentatio
3208 3389 3638 3461 interpretatur,
3679 3390 3810 3463 quia

533 3482 777 3552 quatuor
796 3479 984 3532 millia
1008 3477 1219 3543 signati
1243 3490 1309 3529 ea;
1329 3476 1486 3529 omni
1507 3475 1655 3529 tribu
1671 3475 1922 3540 ﬁliorum
1934 3477 2121 3530 Israel.
2210 3479 2353 3545 bene
2382 3485 2681 3551 operantes
2707 3479 2850 3535 solet
2878 3477 3114 3550 probare
3130 3479 3390 3534 tentatio.
3411 3478 3575 3534 Unde
3590 3478 3810 3551 cuidam

536 3572 604 3626 In
643 3568 751 3623 hoc
776 3566 897 3622 loco
925 3563 1121 3620 ﬁnitus
1151 3560 1378 3632 ponitur
1398 3577 1498 3631 pro
1526 3560 1746 3617 inﬁnito
1768 3577 1871 3617 nec
1888 3562 2133 3633 pertinet
2213 3567 2419 3623 dicitur
2453 3585 2464 3618 :
2489 3568 2635 3633 Quia
2661 3572 2922 3640 acceptus
2951 3572 3075 3621 erat
3101 3566 3359 3634 Domino,
3379 3567 3726 3623 necesset‘uit
3750 3572 3811 3621 ut

531 3654 886 3715 solummodo
911 3653 983 3709 ad
1014 3650 1308 3707 duodecim
1336 3650 1518 3705 tribus
1553 3649 1797 3707 ﬁliorum
1825 3650 2134 3716 Ieraei,sed
2214 3656 2453 3719 tentatio
2482 3656 2749 3727 probaret
2774 3662 2863 3712 te:
2897 3660 2955 3710 et
2997 3655 3130 3727 quia
3157 3660 3349 3710 contra
3377 3654 3607 3709 easdem
3635 3660 3813 3711 tenta-

532 3747 605 3804 ιὰ
622 3749 850 3802 omnem
870 3741 1195 3815 Ecclesium,
1219 3755 1342 3815 quae
1360 3752 1462 3809 per
1487 3738 1638 3795 hunc
1658 3754 1960 3797 numerum
1980 3755 2135 3797 σθω-ι
2214 3745 2399 3807 tiones
2427 3730 2618 3799 divina
2639 3745 2843 3801 virtute
2866 3744 3150 3817 princincti
3177 3743 3349 3799 fortes
3372 3742 3643 3815 existunt,
3664 3749 3811 3799 recte

535 3833 905 3908 prehenditur
927 3830 984 3884 in
1006 3828 1124 3885 suis
1141 3827 1352 3893 electis,
1377 3826 1526 3896 quod
1546 3826 1716 3883 etiam
1735 3832 1940 3883 natura
1961 3827 2134 3898 ipsius
2217 3833 2366 3887 idem
2382 3832 2504 3888 Gud
2522 3832 2805 3893 accinctus
2820 3838 3069 3887 vocatur.
3102 3832 3261 3888 Unde
3280 3831 3595 3905 Psalmista
3616 3849 3629 3883 :
3662 3834 3811 3887 Pra-

532 3923 760 3981 numeri
780 3922 1145 3975 demonstrat.
1179 3914 1484 3985 Ternarius
1528 3914 1677 3969 enim
1727 3924 2013 3973 summum
2042 3916 2136 3971 bo-
2215 3924 2445 3979 cinxasii
2492 3938 2577 3977 me
2620 3925 2825 3977 virtute
2853 3922 2927 3977 ad
2955 3923 3157 3993 bellum
3193 3920 3364 3992 (Paci.
3394 3923 3554 3989 xvn).
3585 3920 3655 3974 Et
3683 3917 3812 3992 quia

535 4030 674 4071 num
687 4010 990 4083 signiﬁcat,
1002 4006 1061 4062 id
1079 4010 1166 4061 est
1187 4009 1440 4061 sanctam
1463 4002 2133 4068 Trinitatem.'Quaterna-
2212 4008 2392 4071 sancti
2413 4010 2605 4064 clauso
2652 4008 2794 4065 ostio
2821 4012 2987 4065 orant
3034 4009 3281 4071 Patrem,
3316 4012 3373 4063 et
3395 4024 3502 4063 sua
3530 4024 3700 4079 opera
3726 4008 3810 4060 in-

536 4104 658 4159 rius
679 4116 807 4156 vero
836 4102 1089 4153 sacratus
1112 4098 1201 4149 est
1252 4092 1514 4151 similiter
1541 4097 1770 4162 propter
1798 4087 2040 4163 quatuor
2063 4093 2133 4147 li-
2217 4104 2489 4168 quantum
2512 4103 2749 4169 possunt
2787 4097 2963 4153 iavori
3006 4097 3251 4169 humano
3288 4096 3492 4163 celant,
3525 4101 3593 4151 ut
3619 4095 3713 4167 qui
3744 4092 3814 4146 vi-

539 4183 1596 4257 BrosEvangelii.Velpropterquatuor
1617 4181 1853 4237 ﬂumina
1868 4180 2132 4251 paradisi,
2219 4186 2316 4241 det
2343 4186 2401 4241 in
2430 4186 2756 4241 abscondito
2786 4185 2866 4242 eis
2893 4185 3111 4255 reddat.
3144 4185 3314 4240 Recte
3356 4185 3531 4261 etiam
3561 4170 3814 4239 convenit

536 4276 840 4334 sitientia!!!
858 4277 1089 4345 propter
1110 4276 1353 4341 quatuor
1365 4274 1554 4339 partes
1578 4269 1899 4333 mundi,seu
1912 4274 2192 4345 proptcrf,
2221 4274 2369 4345 quod
2410 4274 2559 4330 idem
2608 4274 2735 4328 Gad
2778 4274 3128 4331 latrunculus
3156 4272 3378 4328 dicitur.
3407 4273 3478 4327 Et
3507 4272 3641 4343 quia
3660 4273 3815 4326 illata

542 4328 1052 4439 quatuor‘vilrtutes
1082 4328 1439 4429 principales.
1480 4357 1607 4412 Sive
1645 4328 1820 4436 igitur
1858 4328 2193 4423 ducar-Iner
2217 4328 2455 4420 tentatio
2481 4328 2745 4436 probatos
2771 4328 3020 4435 coronat,
3054 4378 3300 4432 congrue
3324 4365 3454 4439 post
3481 4328 3640 4439 oin;

543 4455 657 4512 tria
675 4456 776 4526 per
790 4447 1157 4524 quatuorsive
1176 4452 1418 4517 quatuor
1434 4462 1535 4516 per
1571 4446 1699 4510 tria,
1738 4447 2032 4503 duodecim
2060 4447 2140 4503 fa-
2288 4455 2425 4508 Aser
2443 4452 2691 4523 ponitur,
2707 4450 2802 4525 qui
2822 4450 3019 4506 beatus
3034 4451 3457 4522 interpretatur.
3487 4449 3648 4503 Unde
3676 4452 3765 4504 est
3794 4466 3806 4499 :

545 4545 723 4611 ciunt,
754 4540 852 4613 qui
877 4544 936 4593 et
962 4538 1082 4608 ipse
1097 4538 1349 4590 sacratus
1367 4540 1455 4590 est
1478 4539 1708 4605 pmpter
1724 4535 2016 4617 duodecim
2030 4535 2136 4589 tri-
2215 4543 2409 4597 Beatus
2422 4542 2819 4611 virquisuffert
2840 4542 3196 4595 leniationem
3217 4540 3420 4605 (Μαι).
3439 4537 3605 4615 Certi
3623 4544 3814 4591 autem

488 4666 491 4671 ‹
544 4635 653 4699 bus
680 4630 876 4695 Israel;
896 4632 956 4683 Et
983 4629 1213 4698 prbptﬁl'
1240 4621 1535 4680 άιιοάθοίω
1567 4623 1864 4693 apostolos.
1885 4624 2138 4678 Millcna-
2216 4632 2397 4687 sancti
2408 4629 2478 4683 de
2496 4627 3007 4699 istapromissione,
3032 4643 3145 4682 non
3161 4626 3343 4682 solum
3358 4618 3642 4700 patienter
3657 4626 3817 4680 illata

547 4724 667 4781 rius
707 4721 857 4777 enim
898 4728 1168 4772 numerus
1221 4711 1621 4784 perfectionem
1666 4712 1962 4781 signiﬁcat,
2002 4711 2138 4783 quia
2218 4717 2325 4774 sibi
2354 4718 2643 4790 perferunt
2663 4718 2833 4786 mala,
2862 4717 2960 4773 sed
2983 4716 3154 4791 etiam
3187 4716 3248 4770 in
3276 4716 3413 4789 ipsis
3442 4715 3819 4770 tribulationi-

547 4824 696 4884 smpe
707 4826 808 4882 pro
825 4804 1191 4863 universitate
1216 4802 1462 4873 ponitur.
1476 4800 1636 4855 Unde
1655 4804 1741 4853 est
1758 4817 1771 4853 :
1807 4801 1977 4866 Verbi,
1996 4801 2142 4871 quod

548 4901 841 4957 mandavit
865 4899 927 4951 in
957 4895 1113 4949 milia
1136 4894 1511 4960 generationes
1538 4891 1708 4956 (Psal.
1730 4892 1858 4958 Civ).
1898 4888 2141 4945 Ecclesia

548 4989 744 5059 igitur,
774 4984 910 5057 quia
934 4979 1227 5037 Trinitatis
1256 4977 1458 5032 notitia
1505 4992 1571 5033 ex
1613 4976 1886 5031 universis
1911 4992 2144 5046 genera-

547 5074 795 5131 tionibus
819 5076 1177 5142 δεδι-δεδιυῆ
1186 5071 1537 5138 quatuorque
1556 5065 1801 5135 paradisi
1816 5064 2144 5121 ﬂuminibus

546 5162 822 5233 irrigatur
840 5164 898 5214 et
932 5158 992 5213 in
1021 5161 1264 5227 quatuor
1308 5154 1502 5233 mundi
1550 5158 1737 5224 partes
1780 5153 2139 5220 distenditur,

548 5254 702 5306 recte
728 5248 789 5302 in
829 5244 1102 5301 duodenis
1129 5242 1378 5299 millibus
1424 5242 1718 5311 ﬁguratur.
1751 5240 1861 5307 Sed
1893 5240 1942 5297 si
1983 5241 2040 5295 in
2077 5257 2142 5296 eo

550 5340 699 5414 quod
725 5336 966 5391 cr’e'didit
996 5333 1338 5405 perﬁciatur,
1373 5344 1599 5386 necesse
1644 5337 1731 5385 est
1758 5335 1822 5387 ut
1858 5330 2142 5386 duodena-

544 5430 668 5487 rius
693 5426 934 5485 millium
959 5432 1230 5479 numerus
1269 5420 1486 5499 quadra
1529 5419 1812 5476 soliditate
1844 5420 2137 5490 jungatur.

547 5519 841 5579 Ducuntur
866 5530 1000 5586 ergo
1030 5510 1324 5569 duodecim
1343 5508 1523 5572 millia
1540 5524 1641 5580 per
1667 5513 1929 5580 quatuor,
1942 5513 2144 5581 etqua-

2222 4806 2326 4864 bus
2355 4806 2644 4863 constituti
2672 4822 2704 4861 a
2723 4805 3024 4879 latitudine
3051 4804 3344 4867 charitatis
3386 4820 3502 4859 non
3527 4803 3815 4867 recedunt,

2221 4902 2392 4967 atque
2421 4895 2625 4951 idcirco
2654 4901 2780 4968 post
2808 4897 2949 4949 Aser
2963 4894 3314 4968 Nephlhalim
3330 4893 3580 4964 ponitur,
3605 4888 3706 4963 qui
3733 4892 3819 4945 la-

2222 4962 2406 5040 titudo
2424 4962 2845 5054 interpretatur.
2870 4983 2979 5059 Per
2994 4962 3134 5059 illud
3154 4981 3305 5036 enim
3332 4962 3660 5036 mandatum
3685 4978 3817 5035 cur-

2224 5080 2375 5139 runt,
2393 5072 2461 5128 de
2481 5052 2896 5144 quoPsalmista
2913 5054 3065 5125 dicit:
3090 5052 3288 5126 latum
3310 5066 3639 5124 mandatum
3652 5074 3820 5123 tuum

2224 5166 2396 5217 nimis
2429 5165 2592 5230 (Psal.
2624 5160 2838 5231 curui.)
2864 5159 2934 5214 Et
2956 5159 3090 5233 quia
3140 5175 3243 5234 per
3271 5159 3375 5213 hoc
3404 5156 3817 5231 amplissimum

2222 5241 2537 5313 dilectionis
2556 5247 2889 5321 praeceptum
2909 5239 3252 5309 gradientes,
3267 5255 3333 5292 ea
3354 5255 3477 5321 quae
3507 5244 3652 5290 retro
3683 5234 3820 5291 sunt

2226 5330 2485 5386 oblivioni
2504 5330 2753 5395 tradunt,
2777 5336 2832 5383 et
2853 5316 2909 5382 in
2938 5333 3068 5381 ante
3083 5344 3143 5382 se
3172 5316 3500 5403 extendunt,
3527 5340 3700 5395 seque
3727 5341 3822 5397 pe-

2225 5419 2558 5491 rcgrinosiu
2614 5419 2719 5472 hac
2766 5417 2876 5471 vita
2916 5433 3036 5472 esse
3075 5415 3459 5493 conspiciunt,_
3484 5410 3724 5493 ideoque
3763 5422 3818 5467 et

2225 5490 2507 5565 mendicos
2533 5524 2594 5563 se
2635 5522 2757 5563 esse
2804 5504 3072 5573 fatentur,
3116 5505 3247 5576 jure
3274 5490 3401 5577 post
3448 5490 3817 5576 Nephthalim
