4006 6164
262 202 397 265 1041
1188 214 1575 275 EXPOSlTIO
1601 220 1681 276 IN
1702 220 1797 277 AP

1886 221 2230 278 lALYPSIN.
2264 250 2332 266 —
2361 224 2496 280 LIB.
2534 225 2609 281 II.
3392 226 3541 320 104?

463 338 713 426 poneret.
745 334 862 426 Ipsi
890 337 1062 391 etiam
1091 338 1287 395 dicunt
1322 358 1334 394 :
1366 342 1536 397 Nulla
1563 347 1709 400 ratio
1738 348 1925 417 per-A
1938 346 2304 403 tribulatione
2348 365 2574 420 magna,
2609 350 2714 404 hoc
2760 355 2863 414 est,
2896 351 3328 409 adversitatibus
3361 351 3537 426 hujus

256 419 442 511 mittit
470 422 740 478 honorem
768 425 995 480 deitatis
1017 426 1098 480 illi
1120 428 1341 496 ascribi,
1366 432 1460 501 qui
1493 434 1863 504 exprobratur
1943 437 2149 498 saeculi,
2178 437 2341 507 juxta
2377 419 2525 508 quod
2568 439 2870 509 Apostolus
2899 440 2980 494 ait
3012 458 3024 493 :
3062 442 3278 509 Oportet
3305 457 3403 496 nos
3433 419 3538 511 per

256 507 483 577 irrisus,
507 517 834 584 contemptu
863 514 1063 585 dignus
1093 516 1318 572 habitus
1338 525 1439 573 est.
1458 521 1525 575 Et
1560 540 1662 578 nos
1691 541 1861 579 econ-
1942 507 2543 580 multastribulationes
2559 507 3119 596 in—troireinrcgnum
3133 531 3232 584 Dei
3244 507 3533 601 (.4ct.xiv);

255 602 349 651 tra
380 616 394 651 :
424 599 534 653 Per
561 601 665 656 hoc
692 619 726 656 a
762 602 921 657 nobis
950 604 1174 675 dignius
1203 607 1565 665 honorandus
1594 619 1698 679 est,
1728 615 1861 683 quia
1943 616 1999 668 et
2027 613 2324 669 Psalmista
2360 633 2373 669 :
2401 617 2586 670 Multae
2617 618 3005 670 tribulatione:
3041 621 3329 685 justorum
3359 599 3529 690 (Psal.

255 702 364 778 pro
394 689 558 744 nobis
586 690 820 763 indigna
848 693 1133 752 sustinuit.
1164 695 1279 767 Ipsi
1304 698 1472 752 etiam
1495 699 1858 757 nihilominus
1940 707 2155 772 XXXIII).
2189 702 2426 773 Magnas
2458 704 2664 775 quippe
2694 705 2874 760 sancti
2911 705 3303 761 tribulationes
3346 706 3534 778 perfe-

253 774 491 831 dicunt:
517 779 643 834 Non
661 780 768 835 fuit
786 782 1041 837 Christus
1054 789 1265 839 aeterna
1280 786 1454 841 virtus
1474 794 1530 842 et
1564 788 1854 858 fortitudo,
1939 797 2090 857 runt,
2123 793 2257 846 dum
2289 792 2427 847 alios
2447 774 2647 862 jugulo
2686 793 2886 847 stravit
2921 793 3161 863 gladius,
3185 794 3325 849 alios
3347 774 3534 850 crucis

254 864 605 934 quialassari
625 870 810 940 potuit
831 887 897 924 ex
916 871 1137 927 itinere.
1162 875 1277 929 Nos
1306 872 1532 931 econtra
1552 881 1855 950 responde—
1938 880 2190 951 patibulo
2210 881 2407 950 afﬁxit,
2430 882 2570 936 alios
2590 881 2649 935 in
2670 898 2729 935 se
2744 880 3025 961 subjectos
3046 898 3193 954 aqua
3217 882 3529 952 absorbuit,

249 956 558 1025 mus,Quia
568 960 714 1026 quod
724 962 1019 1026 inﬁrmum
1035 964 1436 1032 estbei,fortz’us
1448 972 1523 1020 est
1538 968 1855 1024 hominibus
1937 969 2076 1023 alios
2097 969 2237 1024 edax
2256 971 2486 1024 ﬂamma
2512 970 2875 1041 consumpsit.
2900 956 3015 1024 Nec
3036 971 3219 1025 solum
3246 970 3532 1042 pertinent

250 1042 313 1102 II
335 1042 460 1099 Cor.
498 1048 560 1114 ι).
594 1047 754 1101 Illius
782 1049 932 1102 enim
954 1049 1253 1106 inﬁrmitas
1281 1058 1454 1108 totam
1481 1056 1675 1111 mundi
1701 1057 1856 1113 forti-
1936 1059 2005 1112 ad
2028 1059 2172 1113 hanc
2212 1060 2473 1129 gloriam,
2506 1059 2601 1130 qui
2638 1060 2980 1130 ejusremodi
3016 1060 3384 1130 corporaliter
3409 1065 3532 1115 tor-

249 1130 513 1187 tudinem
545 1150 611 1188 ac
637 1136 902 1191 virtutem
932 1142 1251 1209 prostravit.
1936 1151 2126 1200 menta
2143 1148 2451 1218 perferunt,
2476 1148 2574 1202 sed
2595 1153 2653 1202 et
2673 1147 2776 1214 illi,
2792 1148 2891 1217 qui
2912 1148 2971 1202 in
2990 1148 3142 1218 pacis
3162 1152 3416 1220 tempore
3434 1148 3528 1221 pie

325 1233 394 1286 Et
422 1237 750 1303 respondens
780 1255 929 1293 unus
962 1241 1026 1293 de
1050 1244 1358 1296 senioribus
1392 1244 1537 1298 dixit
1570 1247 1715 1299 mihi
1743 1265 1760 1299 :
1782 1250 1857 1303 Hi
1935 1239 2117 1293 Vivere
2136 1238 2190 1292 in
2214 1238 2435 1293 Christo
2464 1238 2717 1309 cupiunt,
2752 1243 2808 1292 et
2836 1238 3289 1309 Persecutionum
3320 1255 3528 1323 oppro-

244 1323 355 1389 qui
366 1325 564 1376 amicti
581 1331 714 1379 sunt
729 1329 880 1380 stolis
896 1329 1163 1397 albis,qui
1176 1336 1310 1385 sunt
1329 1336 1380 1385 et
1394 1334 1539 1386 unde
1554 1341 1851 1389 venerunt?
1933 1324 2073 1393 bria.
2092 1328 2738 1397 irrisionesquealiorum
2761 1343 2863 1397 PFO
2884 1326 3105 1381 Christo
3118 1327 3414 1393 sustinent,
3437 1329 3528 1384 V81

242 1415 297 1462 et
330 1411 457 1465 dixi
485 1415 574 1466 illi
605 1432 621 1466 :
650 1416 881 1469 Domine
918 1420 1018 1483 mi,
1054 1424 1113 1471 tu
1159 1422 1281 1473 scis.
1320 1419 1504 1484 Quare
1549 1421 1703 1485 dicit,
1754 1440 1848 1478 re-
1924 1416 2140 1484 jejunia
2169 1416 2456 1481 adhibent,
2489 1415 2693 1485 vigiliis
2716 1415 3002 1480 insistunt,
3036 1416 3320 1471 orationes
3339 1417 3529 1472 multi-

228 1499 524 1568 spondens
547 1523 559 1557 :
586 1502 745 1556 nulla
758 1503 1199 1575 interrogatione
1222 1510 1544 1578 praemissa?
1561 1510 1801 1567 Consuet

1928 1504 2155 1575 plicant,
2188 1505 2502 1558 voluntates
2529 1504 2784 1577 proprias
2810 1504 2998 1574 gladio
3022 1505 3287 1575 praecepti
3304 1505 3525 1560 interﬁ-

226 1602 396 1681 more
409 1589 713 1661 Scripturae
728 1592 997 1663 loquitur,
1027 1612 1150 1665 quae
1168 1597 1312 1651 solet
1336 1599 1667 1670 plerumque
1686 1602 1904 1681 nulloB
1925 1593 2097 1657 Cium.
2133 1593 2322 1664 sicque
2347 1609 2476 1647 81185
2506 1593 2699 1681 δίοιδε,
2751 1593 2856 1681 hoc
2899 1596 3019 1681 {Str
3053 1609 3158 1646 sua
3197 1609 3434 1681 corpora
3460 1594 3522 1649 in

220 1672 644 1746 interrogante,
662 1678 741 1731 ita
760 1680 1151 1750 respondentis
1191 1699 1318 1737 voce
1338 1684 1589 1753 proferre
1609 1693 1837 1741 senten-
1862 1672 1901 1681 υ
1920 1682 2192 1751 sanguine
2212 1681 2344 1751 agni
2363 1680 2718 1744 candiﬁcant,
2741 1680 2876 1733 dum
2893 1679 3120 1744 Christi,
3144 1680 3344 1751 capitis
3368 1683 3522 1735 Vide-

219 1762 392 1816 ﬁam-
427 1765 587 1818 Unde
625 1766 686 1820 in
716 1768 1017 1838 Evangelio
1045 1771 1287 1840 legimus
1327 1772 1460 1843 quia
1490 1776 1835 1844 respondens
1919 1770 2049 1824 licet
2063 1770 2471 1836 sui,imitantur
2494 1768 2765 1839 exempla,
2787 1769 2873 1821 vel
2896 1784 2996 1838 pro
3016 1768 3113 1822 illo
3138 1769 3514 1839 patiendo,vel

218 1849 393 1905 Iesus
423 1852 562 1907 dixit
593 1874 606 1908 :
643 1855 944 1923 Conﬁtebor
984 1861 1103 1925 tibi,
1148 1862 1395 1922 Domine,
1438 1864 1600 1915 Pater
1629 1867 1747 1917 caeli
1784 1870 1832 1919 ει
1916 1858 2158 1912 aliorum
2176 1859 2362 1912 illatas
2392 1857 2761 1912 contumelias
2780 1856 3071 1927 patientur
3089 1856 3404 1924 tolerando,
3424 1858 3514 1913 vel

222 1944 393 1994 terra?
421 1941 637 2011 (Matth.
662 1947 762 2013 x1).
788 1946 855 1998 Et
884 1945 1016 1999 alibi
1040 1948 1300 2018 legimus,
1323 1949 1456 2019 quia
1484 1952 1832 2022 respondens
1914 1948 2245 2019 semetipsos
2286 1947 2435 2000 vitiis
2487 1952 2545 2000 et
2582 1944 3050 2016 concupiscentiis
3096 1945 3506 2000 mortificando.

216 2029 465 2098 angelus
511 2032 654 2086 dixit
694 2033 1024 2089 mulieribus
1071 2054 1082 2088 :
1134 2038 1311 2091 Nolite
1350 2042 1543 2093 timere
1594 2042 1820 2109 (Matth.
1985 2038 2107 2092 Ideo
2132 2042 2263 2089 sunt
2292 2044 2420 2090 ante
2452 2037 2716 2089 thronum
2749 2036 2863 2097 Dei.
2896 2039 2945 2087 ει
2974 2038 3227 2089 serviunt
3254 2038 3306 2088 οἱ
3334 2034 3424 2089 die
3445 2052 3512 2089 ac

210 2123 439 2188 xxvm),
466 2121 623 2174 nulla
641 2121 1083 2192 interrogatione
1097 2125 1345 2195 ipsarum
1364 2129 1661 2183 mulierum
1678 2148 1824 2200 pree-

210 2205 416 2260 missa.
450 2208 569 2262 Hoc
597 2217 787 2264 autem
820 2212 879 2264 in
911 2212 1016 2266 hac
1042 2214 1383 2269 revelatione
1403 2217 1571 2271 unius
1585 2218 1822 2273 senioris

207 2296 514 2366 responsio
544 2298 1021 2355 dissimilitudinis
1069 2302 1240 2357 habet
1273 2320 1340 2358 ex
1386 2305 1515 2368 illis,
1554 2307 1687 2376 quia
1713 2308 1822 2362 ista

205 2383 625 2455 interrogative
647 2392 751 2451 est,
775 2387 871 2440 illa
894 2388 1219 2444 indicative.
1246 2391 1389 2455 Quid
1412 2392 1602 2463 itaque
1622 2394 1680 2448 in
1708 2412 1820 2450 uno

204 2472 443 2526 seniore
468 2472 791 2543 accipimus,
824 2476 932 2530 nisi
969 2477 1223 2532 ordinem
1253 2480 1656 2551 prophetarum
1688 2485 1818 2537 uni-

202 2564 393 2612 tatem
410 2559 662 2614 omnium
683 2562 1135 2633 praedicandum?
1162 2565 1379 2636 Viginti
1404 2573 1647 2638 quatuor
1667 2571 1817 2625 enim

201 2647 466 2701 seniores
492 2655 723 2720 propter
742 2667 1041 2706 numerum
1058 2654 1299 2708 duorum
1323 2660 1815 2725 testamentorum,

203 2737 310 2806 qui
328 2736 679 2792 duodenario
691 2739 973 2810 duplicato
992 2758 1227 2797 numero
1246 2744 1304 2797 in
1322 2745 1615 2799 duodecim
1637 2746 1817 2802 tribu-

200 2822 318 2877 bus
347 2829 407 2877 et
433 2826 729 2884 duodecim
755 2830 1023 2900 apostolis
1045 2815 1456 2902 exprimuntur,
1482 2834 1689 2905 saepius
1726 2836 1817 2891 hic

200 2911 734 2982 frequentanturln
757 2933 867 2971 uno
890 2934 1021 2973 vero
1041 2920 1260 2974 seniore
1280 2922 1467 2975 unitas
1487 2926 1812 2979 eorumdem

197 3005 700 3059 testamentorum.
728 3006 827 3058 Vel
851 2990 1001 3060 certe
1022 3009 1342 3074 senioripse
1363 3011 1672 3078 seniorum,
1698 3013 1811 3067 Do-

199 3091 399 3145 minus
430 3093 690 3148 videlicet
716 3095 1144 3165 praedicatorum
1170 3098 1516 3169 designatur.
1550 3099 1684 3155 Ideo
1715 3118 1810 3157 au-

198 3186 325 3234 tem
346 3180 662 3252 interrogat
689 3183 894 3248 senior,
920 3192 984 3239 ut
1012 3191 1227 3257 quierat
1255 3188 1515 3254 Joannes,
1552 3207 1808 3260 quaerens

197 3268 423 3335 audiat,
453 3271 688 3325 audiens
716 3272 1017 3343 intelligat,
1058 3274 1380 3346 intelligens
1425 3278 1495 3331 ad
1533 3278 1810 3334 imitanda

198 3374 332 3428 qua:
372 3360 592 3429 quaerit,
622 3361 985 3431 semetipsum
1023 3365 1304 3419 accendat.
1332 3366 1587 3437 Denique
1616 3376 1808 3423 osten-

196 3447 422 3502 duntur
447 3447 497 3501 ei
527 3447 717 3503 amicti
748 3450 906 3504 stolis
935 3451 1095 3513 albis,
1117 3465 1183 3507 ut
1205 3454 1372 3508 talem
1394 3454 1673 3523 habitum,
1695 3458 1808 3513 tale

193 3536 565 3606 concupiscat
591 3537 1002 3592 indumentum.
1030 3539 1141 3593 Sed
1162 3542 1352 3616 statim
1380 3543 1693 3613 requiritur
1711 3547 1807 3616 qui

192 3625 337 3691 sint,
371 3632 473 3679 aut
500 3626 648 3680 unde
676 3628 950 3694 venerint,
981 3614 1258 3699 quatenus
1287 3630 1498 3685 scilicet
1525 3632 1573 3685 si
1608 3614 1806 3689 vult—in

190 3714 403 3768 talium
442 3715 683 3770 transire
729 3732 1049 3781 numerum,
1083 3717 1217 3772 dum
1266 3719 1424 3772 audit
1467 3720 1563 3789 qui
1606 3720 1720 3774 sint
1748 3729 1805 3777 et

188 3803 350 3857 unde
370 3804 644 3870 venerint,
667 3806 893 3859 studeat
910 3805 1041 3859 talis
1061 3822 1202 3872 esse,
1227 3807 1420 3876 quales
1448 3807 1574 3862 illos
1597 3810 1794 3877 cernit,

188 3897 423 3961 satagat
464 3891 594 3946 inde
634 3894 844 3957 venire,
882 3893 1032 3947 unde
1078 3893 1217 3949 alios
1264 3894 1452 3949 venire
1490 3898 1794 3966 cognoscit.

189 3980 343 4044 Quid
365 3996 495 4033 vero
516 3980 630 4034 sint
649 3982 804 4035 stolte
824 3972 982 4049 albis,
1001 3981 1168 4053 paulo
1189 3983 1447 4054 superius
1461 3984 1674 4039 dictum
1690 3992 1792 4041 est.

187 4068 431 4124 Dicatur
450 4069 623 4138 igitur
649 4088 659 4122 :
693 4070 761 4123 lli
802 4071 896 4140 qui
925 4071 1114 4125 amicti
1144 4077 1277 4125 sunt
1307 4072 1467 4126 stolis
1495 4073 1656 4141 albis,
1699 4076 1794 4146 qui

186 4162 328 4212 sunt
349 4163 407 4211 et
426 4158 575 4212 unde
596 4159 894 4212 venerunt?
913 4175 977 4214 ac
997 4160 1044 4213 si
1064 4160 1461 4230 praedicatores
1488 4164 1685 4229 sancti,
1706 4166 1795 4219 vel

185 4247 471 4301 Dominus
516 4247 942 4317 prmdicatorum
989 4248 1096 4318 piis
1144 4249 1491 4305 auditoribus
1533 4251 1787 4307 diceret:

1911 2130 2061 2178 nocte
2091 2128 2153 2179 in
2185 2128 2379 2192 templo
2404 2128 2539 2193 ejus.
2563 2124 2629 2177 Et
2652 2127 2752 2190 qui
2788 2124 2931 2176 sedet
2960 2126 3023 2175 in
3054 2123 3510 2204 throno,habitat

1905 2229 2069 2282 super
2094 2217 2235 2268 illos.
2263 2214 2345 2267 Ac
2372 2213 2419 2266 si
2447 2213 2728 2266 diceretur
2752 2228 2763 2264 :
2789 2211 3095 2282 Propterea
3117 2210 3188 2264 ad
3207 2227 3510 2267 numerum

1902 2302 2189 2372 pertinent
2218 2302 2543 2368 electorum,
2586 2305 2884 2372 pr0pterea
2912 2301 3151 2354 thronus
3180 2300 3304 2365 Dei,
3332 2316 3510 2371 prop-

1901 2394 2059 2445 terea
2078 2391 2347 2460 templum
2376 2390 2475 2445 Dei
2506 2395 2658 2456 sunt,
2689 2395 2989 2460 propterea
3036 2389 3095 2443 in
3134 2388 3346 2460 templo
3376 2390 3502 2460 ejus

1902 2486 2153 2533 sanctam
2185 2479 2265 2532 illi
2288 2476 2552 2533 exhibent
2580 2477 2927 2541 servitutem,
2952 2476 3085 2547 quia
3104 2475 3313 2530 talibus
3332 2477 3505 2532 vesti-

1900 2568 2107 2621 mentis
2139 2567 2342 2633 induti,
2373 2566 2505 2637 quia
2533 2565 2809 2635 sanguine
2839 2564 2968 2635 agni
2997 2563 3261 2618 videntur
3285 2564 3490 2632 abluti.

1900 2654 2018 2726 Ipsi
2047 2656 2196 2710 enim
2226 2672 2261 2709 a
2287 2654 2574 2709 conditore
2603 2658 2873 2724 tanquam
2923 2652 3162 2706 thronus
3191 2652 3500 2722 praesiden-

1901 2749 2014 2810 tur,
2061 2745 2169 2815 ipsi
2202 2751 2473 2815 tanquam
2521 2742 2794 2811 templum
2840 2740 3251 2806 inhabitantur,
3285 2739 3390 2811 ipsi
3440 2745 3500 2796 et

1900 2838 2032 2887 ante
2061 2834 2327 2888 thronum
2348 2833 2406 2886 in
2427 2831 2636 2902 templo
2655 2831 2770 2885 Deo
2794 2830 3002 2884 servire
3024 2828 3499 2900 probantur,quia

1898 2928 1956 2975 et
1980 2923 2087 2992 ipsi
2118 2927 2251 2976 sunt
2296 2921 2467 2975 simul
2509 2919 2785 2991 templum
2827 2924 2885 2973 et
2916 2919 3154 2973 thronus
3196 2917 3315 2972 Dei.
3346 2917 3495 2973 Nam

1895 3012 2044 3081 quod
2075 3011 2251 3068 dixit:
2280 3010 2450 3065 Sedet
2476 3010 2534 3062 in
2564 3008 2789 3071 throno,
2820 3007 2925 3060 hoc
2947 3006 3226 3078 repetivit,
3260 3006 3488 3062 dicens:

1893 3098 2123 3153 Habitat
2149 3116 2319 3171 super
2346 3100 2492 3164 illos,
2524 3096 2619 3152 ubi
2644 3102 2701 3151 et
2726 3097 2991 3151 thronum
3015 3100 3071 3148 et
3093 3094 3370 3165 templum
3395 3109 3494 3148 eos

1891 3203 2012 3241 esse
2042 3186 2465 3241 demonstravit.
2501 3185 2762 3240 Serviunt
2790 3188 2980 3237 autem
3005 3182 3096 3235 die
3125 3197 3190 3235 ac
3217 3185 3400 3245 nocte,
3431 3180 3493 3235 id

1890 3281 1978 3329 est
2005 3275 2063 3330 in
2089 3276 2371 3347 prosperis
2411 3281 2467 3329 et
2495 3272 2744 3328 adversis
2774 3271 2905 3326 ﬁdei
2938 3276 3109 3341 atque
3147 3268 3491 3340 operationis

1891 3365 2284 3419 rectitudinem
2313 3369 2554 3418 servant.
2579 3362 2709 3417 Dies
2733 3361 2882 3415 enim
2907 3358 3357 3430 prosperitatem,
3379 3374 3493 3412 nox

1890 3469 2019 3507 vero
2065 3453 2345 3523 signiﬁcat
2382 3453 2549 3521 hujus
2598 3450 2786 3504 saeculi
2835 3448 3250 3513 adversitatem,
3293 3447 3393 3501 sed
3428 3446 3490 3501 in

1890 3541 2184 3611 utriusque
2214 3542 2394 3594 sancti
2423 3540 2542 3593 Deo
2564 3538 2835 3601 serviunt,
2865 3536 2996 3605 quia
3017 3551 3112 3589 eos
3132 3550 3236 3588 nec
3252 3550 3488 3604 prospe-

1889 3630 2046 3695 ritas,
2074 3646 2177 3682 nec
2205 3629 2514 3682 adversitas
2543 3643 2576 3681 a
2605 3626 2772 3680 beata
2814 3623 3170 3677 institutione
3208 3627 3267 3676 et
3309 3621 3486 3676 libera

1887 3717 2191 3771 conditoris
2220 3716 2308 3769 sui
2337 3715 2606 3769 servitute
2657 3712 2808 3767 valet
2830 3710 3118 3776 inclinare,
3154 3715 3212 3764 et
3256 3710 3374 3765 hac
3421 3710 3483 3766 in

1885 3805 2149 3871 Ecclesia,
2182 3805 2286 3858 hoc
2313 3809 2400 3858 est
2419 3803 2479 3856 in
2509 3802 2843 3872 semetipsis.

1951 3896 2073 3948 Non
2105 3896 2351 3947 esurient
2374 3908 2545 3959 neque
2573 3894 2762 3945 sitient
2790 3892 3056 3959 amplius,
3090 3894 3140 3944 et
3171 3903 3283 3943 non
3329 3889 3482 3944 cadet

1882 3998 2046 4049 super
2058 3985 2180 4036 illos
2200 3984 2298 4047 sol,
2324 3997 2494 4048 neque
2517 3982 2669 4034 ullus
2688 3984 2870 4041 estus;
2888 3981 3158 4047 quoniam
3184 3979 3367 4045 Agnus
3378 3980 3481 4045 qui

1877 4072 1943 4122 in
1981 4071 2159 4123 medio
2190 4070 2378 4123 throni
2395 4074 2488 4133 est,
2526 4072 2673 4134 reget
2693 4069 2835 4129 illos,
2862 4070 2911 4119 et
2931 4066 3154 4120 deducet
3171 4081 3253 4120 eos
3270 4066 3345 4119 ad
3356 4067 3480 4120 vita

1875 4159 2051 4225 fontes
2078 4174 2379 4227 aquarum.
2420 4158 2608 4212 Causa
2635 4155 2909 4220 redditur,
2942 4171 3044 4209 cur
3064 4170 3180 4209 non
3205 4152 3474 4221 esuriant,

1876 4264 2057 4318 neque
2085 4247 2293 4305 sitient,
2330 4263 2512 4318 neque
2557 4247 2731 4300 solem
2758 4245 2838 4312 (id
2864 4250 2969 4307 est,
3001 4242 3227 4315 aestum)
3253 4242 3480 4314 patien-

186 4336 484 4405 Quotquot
522 4342 654 4389 ante
696 4336 889 4389 mundi
937 4337 1389 4392 constitutionem
1434 4341 1597 4394 electi
1636 4348 1787 4408 sunt,
1809 4330 1986 4402 Dtur,
2011 4336 2144 4407 quia
2173 4336 2521 4390 vestimentis
2543 4335 2682 4389 albis
2711 4350 3010 4389 coruscare
3035 4333 3311 4400 videntur,
3342 4348 3474 4387 cum

185 4424 449 4494 nunquid
470 4431 752 4478 amatores
772 4425 967 4479 mundi
987 4427 1142 4479 sunt?
1163 4427 1416 4496 nunquid
1441 4430 1787 4499 voluptatum

185 4528 425 4566 suarum
447 4513 792 4567 sectatores?
812 4515 1064 4584 nunquid
1087 4532 1186 4584 per
1207 4515 1317 4568 iter
1336 4517 1635 4587 voluptatis
1666 4535 1790 4573 am-

184 4601 569 4655 bulaverunt?
595 4602 682 4655 Ad
720 4602 841 4655 haec
881 4619 1009 4656 cum
1040 4604 1284 4658 Joannes
1316 4621 1381 4657 ex
1411 4622 1651 4675 persona
1690 4607 1791 4661 bo-

182 4706 397 4744 norum
426 4689 749 4744 auditorum
769 4690 869 4744 uni
896 4692 1181 4746 seniorum
1203 4693 1495 4763 respondit
1518 4712 1529 4746 :
1558 4696 1790 4750 Domine

180 4780 281 4842 mi,
316 4784 381 4833 tu
419 4780 588 4843 nosti,
629 4795 855 4833 rursum
892 4779 986 4834 ille
1034 4797 1098 4834 ex
1153 4798 1395 4852 persona
1434 4783 1660 4839 Domini
1704 4785 1791 4840 vel

180 4868 619 4940 predicatorum
650 4868 770 4937 ejus
795 4867 1087 4923 subinfert.

253 4959 332 5012 Ili
356 4960 490 5009 sunt
502 4959 604 5023 qui
621 4963 889 5011 venerunt
903 4959 965 5012 de
981 4960 1341 5014 tribulatione
1357 4966 1635 5029 magna,et
1650 4964 1789 5016 lave-

177 5052 322 5099 runt
334 5047 502 5098 stolas
517 5051 720 5110 suas,et
731 5046 1123 5100 dealbarerunt
1142 5064 1232 5101 eas
1254 5052 1317 5103 in
1336 5052 1608 5116 sanguine
1618 5051 1653 5102 Α
1663 5053 1778 5115 gni.

176 5136 360 5205 Cujus
381 5132 638 5187 videlicet
664 5149 770 5188 vox
794 5139 913 5189 toto
936 5134 1045 5188 isto
1066 5142 1323 5207 tempore
1348 5154 1449 5207 per
1469 5153 1568 5190 ora
1587 5137 1785 5191 docen-

175 5225 326 5278 tium
348 5222 489 5277 talia
505 5222 729 5289 clamat,
751 5223 889 5277 talia
910 5224 1194 5294 praedicat.
1218 5226 1378 5280 Unde
1401 5226 1528 5279 etin
1550 5241 1614 5278 eo
1635 5225 1783 5295 quod

174 5313 317 5367 dicit
355 5329 367 5365 :
401 5311 692 5365 Venerunt
719 5312 894 5367 trium
914 5318 1232 5384 temporum
1264 5329 1544 5368 summam
1565 5314 1783 5367 conclu-

175 5404 282 5469 dit,
318 5400 591 5473 praateriti
631 5401 861 5468 scilicet,
901 5402 1212 5472 praesentis,
1247 5409 1305 5455 et
1343 5402 1537 5467 futuri,
1583 5419 1684 5472 pro
1715 5418 1781 5457 eo

178 5491 338 5564 quod
367 5498 474 5560 est,
511 5495 803 5560 venerunt,
823 5491 1071 5557 veniunt,
1092 5496 1261 5562 atque
1289 5490 1510 5545 venturi
1538 5491 1783 5548 sunt.De

1872 4425 2078 4479 dicitur
2100 4443 2111 4478 :
2137 4425 2413 4488 Quoniam
2434 4426 2630 4495 Agnus
2646 4424 2742 4494 qui
2768 4424 2826 4478 in
2853 4423 3036 4477 medio
3055 4422 3248 4477 throni
3268 4427 3475 4486 est,re-

1870 4518 1967 4583 get
1993 4530 2107 4579 eos,
2140 4520 2196 4568 et
2219 4520 2439 4569 caetera.
2468 4514 2594 4568 Non
2623 4512 2892 4578 esurient,
2922 4526 3105 4580 neque
3143 4510 3354 4571 sitient,
3381 4510 3472 4564 iu-

1875 4604 2251 4674 quit.Famem
2273 4603 2478 4674 quippe
2499 4600 2676 4655 sancti
2699 4601 2818 4670 jam
2849 4615 2961 4653 non
2991 4598 3298 4668 patientur,
3333 4597 3469 4666 quia

1872 4691 2170 4761 prmsentia
2200 4691 2351 4745 illius
2381 4689 2760 4753 satiabuntur,
2785 4686 2882 4757 qui
2911 4691 2996 4738 est
3022 4684 3184 4755 panis
3211 4682 3369 4737 vivus
3397 4681 3469 4736 de

1872 4781 2010 4834 coelo
2047 4781 2408 4834 descendens.
2464 4778 2607 4832 Hinc
2648 4774 2952 4829 Psalmista
2982 4791 2993 4827 :
3028 4772 3287 4827 Satiabor
3326 4772 3465 4826 dum

1870 4870 2323 4936 manifestabitu-r
2348 4870 2527 4934 gloria
2558 4872 2657 4920 tua
2687 4865 2856 4934 (Psal.
2889 4864 3021 4930 va).
3051 4859 3217 4915 Sitim
3240 4875 3465 4931 quoque

1869 4972 1981 5010 non
2030 4955 2406 5020 sustinebunt,
2443 4953 2576 5023 quia
2608 4952 2729 5021 ipse
2775 4954 2863 5003 est
2910 4952 3076 5019 potus
3117 4946 3263 5003 vita.
3304 4947 3467 5003 Unde

1868 5046 2164 5102 Psalmista
2192 5046 2354 5117 (Psal.
2372 5040 2511 5110 xxii)
2532 5059 2543 5092 :
2566 5041 2836 5094 Dominus
2852 5040 2991 5105 regit
3012 5052 3118 5102 me,
3140 5040 3271 5101 etc.,
3286 5052 3471 5109 usque

1863 5135 2041 5203 Super
2069 5150 2274 5203 aquam
2301 5131 2608 5199 refectionis
2636 5128 2885 5181 educavit
2928 5142 3030 5180 me.
3060 5124 3131 5179 Et
3160 5141 3276 5180 non
3302 5126 3468 5182 cadet

1865 5239 2033 5293 super
2056 5223 2183 5276 illos
2209 5221 2291 5275 sol
2318 5234 2502 5289 neque
2529 5216 2680 5271 ullus
2709 5221 2899 5283 estus,
2931 5216 3039 5269 hoc
3088 5220 3175 5269 est
3205 5215 3462 5271 adversio

1863 5313 2072 5383 aliqua,
2089 5306 2535 5363 tribulationisve
2560 5304 2838 5375 angustia,
2866 5304 2953 5359 vel
2974 5304 3380 5376 persecutionis
3404 5309 3463 5356 et
3515 5359 3519 5363 ί

1864 5399 2189 5455 tentationis
2217 5396 2477 5450 molestia
2528 5412 2639 5451 non
2691 5411 2786 5449 eos
2812 5393 3085 5465 gravabit,
3114 5392 3248 5463 quia
3284 5390 3459 5461 ipsius

1865 5486 2291 5545 obumbratione
2306 5490 2586 5556 tegentur.
2611 5485 2714 5540 Cui
2730 5484 3030 5540 Psalmista
3047 5481 3183 5536 dicit
3211 5500 3224 5537 :
3260 5478 3465 5534 Obum-
