4006 6164
478 338 619 400 1043

894 335 1271 394 llAYMONIS
1309 328 1797 393 HALBERSTAT.
1840 330 2065 391 EPISC.
2110 334 2268 393 OPP.
2312 336 2496 395 PARS
2533 336 2580 399 Ι.
2621 366 2693 381 -—
2730 337 3103 411 COMMENT.
3143 338 3328 395 BIBL.

3623 338 3752 398 1044

481 468 582 531 bra
611 470 774 541 caput
802 479 987 525 meum
1016 466 1080 527 in
1119 462 1205 527 die
1253 462 1382 525 belli
1416 464 1586 535 (Psal.
1631 464 1873 533 βιαιως).
1932 462 2142 531 SolisA
2166 464 2279 525 vita
2308 482 2666 543 nequaquam
2696 464 3097 539 contemplatiq
3124 465 3368 539 perfecte
3398 468 3611 540 agitur,
3642 466 3755 531 ani—

481 554 691 637 quippe
717 560 777 615 et
800 558 969 611 astus
997 551 1223 620 nomine
1252 568 1397 624 saepe
1424 553 1569 619 solet
1586 552 1875 610 tribulatio
1897 568 2079 633 perse-
2162 570 2365 626 moque
2387 554 2653 612 renitenti
2670 555 3075 629 cogitationum
3092 556 3372 624 tumultus
3394 574 3455 612 se
3476 556 3756 629 ingerunt,

483 644 726 713 cutionis
754 642 947 719 accipi.
979 642 1138 703 Unde
1186 641 1255 701 de
1287 642 1598 701 Seminibus
1619 642 1785 713 jactis
1811 642 1870 696 in
1896 642 2078 707 Even-
2160 648 2310 713 recte
2330 660 2432 716 per
2451 644 2740 713 silentium
2759 644 2919 720 quasi
2939 643 3126 711 media
3145 645 3285 714 liora
3304 645 3519 713 factum
3540 644 3756 713 dicitur.

483 733 630 804 gelio
658 732 778 803 ipse
804 729 1077 799 Dominus
1113 730 1268 797 dicit,
1303 732 1437 803 quia
1478 732 1626 802 quod
1661 746 1833 804 supra
1859 735 2078 809 petram
2162 731 2323 799 Quod
2348 732 2482 803 siin
2514 733 2623 788 hac
2654 733 2768 791 vita
2792 732 2992 799 fuisset
3031 734 3365 809 perfectum,
3407 750 3760 806 nequaquam

486 821 703 891 cecidit,
721 820 837 877 sole
860 824 983 875 orto
1006 820 1282 887 astuavit.
1309 821 1504 890 Agnus
1536 836 1666 889 vero,
1688 819 1785 892 qui
1814 818 1873 881 in
1895 816 2079 881 medio

2168 822 2331 894 quasi
2355 821 2539 881 media
2560 822 2702 891 liora
2721 839 2844 893 quae
2864 821 3345 897 imperfectionem
3360 822 3764 894 signium

485 909 679 987 throni
721 914 825 978 est,
857 914 1017 983 reget
1058 924 1172 974 eos,
1205 908 1310 977 hoc
1360 914 1463 978 est,
1495 904 1753 975 Christus
1795 908 1855 967 in
1901 906 2085 973 medio
2166 908 2389 981 integra
2407 910 2799 982 perliiberetur
2828 912 3059 979 factum,
3092 928 3217 982 quae
3237 912 3651 985 Perfectionem
3677 911 3765 973 de-

488 998 748 1071 Ecelesiae
767 1014 886 1065 suae
914 996 1248 1066 consistens,
1272 1013 1368 1065 eos
1395 996 1753 1069 gubernabit,
1784 1002 1840 1055 et
1861 995 1934 1050 ad
1962 994 2087 1053 vita:

487 1088 673 1157 fontes
702 1103 981 1163 aquarum
1001 1086 1242 1155 deducet
1260 1103 1375 1155 eos,
1401 1087 1505 1151 hoc
1530 1092 1633 1150 est,
1659 1086 1729 1145 ad
1746 1085 2089 1159 contempla-

488 1177 704 1241 tionem
726 1179 934 1247 sanctae
947 1174 1410 1244 Trinitatisllinc
1422 1175 1722 1237 Psalmista
1740 1194 1752 1228 :
1776 1175 1937 1251 Apud
1953 1179 1999 1229 te
2014 1178 2090 1228 est

492 1267 619 1337 fons
648 1269 790 1333 vita,
819 1271 868 1323 et
899 1268 962 1331 in
994 1267 1205 1325 lumine
1238 1270 1330 1318 tuo
1357 1266 1661 1332 videbimus
1702 1267 1887 1323 lumen
1911 1262 2085 1335 {PsaL

490 1356 677 1428 xxxv),
708 1352 868 1421 Quod
897 1353 1011 1415 tale
1057 1357 1163 1425 est,
1195 1353 1356 1427 quasi
1386 1353 1598 1421 diceret
1629 1371 1642 1408 :
1678 1354 1741 1419 In
1795 1353 1945 1415 fonte
1992 1356 2091 1407 tuo

491 1441 807 1511 videbimus
857 1440 1093 1511 fontem.
1144 1441 1389 1515 Spiritus
1429 1458 1650 1512 quoque
1694 1445 1923 1509 sanctus
1968 1441 2093 1497 fons

496 1530 831 1608 appellatur,
856 1534 922 1589 ut
948 1529 1007 1591 in
1037 1529 1339 1599 Evangelia
1364 1529 1481 1602 ipse
1511 1530 1784 1597 Dominus
1822 1529 1959 1589 dicit
1990 1547 2001 1583 :
2036 1529 2095 1584 Si

499 1617 624 1695 quis
648 1618 787 1683 sitit.
827 1616 1016 1683 veniat
1040 1622 1097 1677 et
1124 1615 1298 1682 bibat,
1331 1622 1387 1683 et
1416 1618 1485 1672 de
1514 1623 1707 1679 ventre
1755 1619 1879 1689 ejus
1921 1619 2098 1683 fluent

496 1722 656 1781 aqum
671 1704 803 1761 vivae
830 1724 843 1773 ;
875 1710 940 1761 ut
961 1706 1093 1777 quid
1114 1721 1389 1777 aquarum
1407 1706 1550 1773 fons,
1571 1720 1624 1767 et
1639 1723 1750 1761 non
1772 1706 2100 1778 simpliciter

495 1795 621 1873 fons
638 1794 1035 1861 introducitur,
1057 1794 1166 1861 nisi
1184 1795 1316 1869 quia
1341 1795 1671 1867 simplicitas
1696 1796 1968 1855 donorum
2000 1812 2101 1867 per

495 1885 645 1955 lianc
686 1882 1025 1945 sententiam
1064 1883 1435 1954 exprimitur?
1459 1884 1616 1941 Unus
1638 1884 1787 1941 enim
1823 1883 1947 1939 fons
1976 1900 2099 1957 pro-

496 1978 627 2051 pter
644 1972 919 2041 unitatem
943 1977 1159 2027 natura:
1181 1972 1385 2039 Patris,
1408 1972 1533 2039 Filii
1564 1978 1622 2026 et
1638 1972 1881 2044 Spiritus
1895 1972 2093 2027 sancti.

497 2064 796 2133 Aquarum
817 2077 947 2117 vero
968 2062 1094 2116 fons
1114 2067 1345 2133 prOpter
1363 2061 1850 2127 numerositatem,
1875 2068 1937 2115 ut
1964 2060 2100 2117 dixi-

499 2167 649 2216 mus,
688 2150 1005 2221 gratiarum
1031 2148 1423 2214 introducitur.
1445 2149 1532 2207 Ad
1561 2149 1685 2203 vitae
1706 2148 1895 2218 itaque
1919 2148 2101 2203 fontes

501 2255 781 2314 aquarum
800 2238 1038 2303 deducet
1058 2238 1285 2305 eos,boc
1300 2237 1479 2303 est,ad
1502 2238 1877 2295 contuendum
1896 2242 2102 2293 sanctae

504 2326 798 2395 Trinitatis
824 2326 1200 2401 maiestatem,
1222 2342 1332 2401 quo
1348 2326 1493 2389 tame
1522 2341 1586 2379 ac
1610 2325 1703 2380 siti
1724 2325 1977 2395 depulsa,
2001 2340 2105 2378 nec

505 2414 685 2483 solem
713 2429 816 2477 nec
841 2419 1039 2481 aestum
1055 2413 1342 2484 patientur
1369 2411 1651 2478 vitiorum,
1684 2414 1770 2475 vel
1816 2411 2106 2497 perturba-

508 2503 727 2571 tionum
756 2502 911 2572 nullo
934 2503 1118 2569 calore
1145 2509 1401 2567 urentur.
1424 2503 1491 2556 Et
1510 2504 1773 2570 absterget
1803 2502 1943 2555 Deus
1986 2518 2103 2555 om-

508 2608 638 2657 nem
669 2594 979 2663 lacrumam
1008 2594 1077 2645 ab
1106 2594 1279 2659 oculis
1308 2607 1520 2649 eorum.
1558 2591 1709 2653 Deus
1750 2590 2105 2663 omnipotens

682 2680 910 2754 pietatis
955 2681 1158 2745 attactu
1202 2680 1503 2752 aliquando
1534 2685 1770 2759 patrem,
1806 2678 2106 2749 aliquando

510 2773 753 2839 matrem
782 2785 843 2833 se
871 2768 1135 2833 ostendit,
1168 2768 1301 2839 quia
1327 2768 1717 2844 plangentium
1756 2767 2001 2833 ﬁliorum
2032 2766 2109 2819 la-

511 2874 735 2931 erymas
747 2857 1038 2929 abstergit.
1061 2858 1205 2925 Hinc
1216 2862 1278 2921 ut
1293 2863 1454 2929 pater
1466 2873 1692 2915 aversos
1707 2856 1850 2911 ﬁlios
1862 2861 2103 2925 revocat,

511 2948 1266 3019 dicensﬂqnpertiminimtii
1280 2950 1625 3013 reuertentes,
1650 2951 1697 3000 et
1721 2945 1927 3007 sonabo
1947 2959 2108 2996 aver-

510 3043 690 3110 sione:
715 3041 922 3105 vestras
953 3036 1089 3104 (Jer.
1113 3038 1221 3105 In).
1246 3036 1501 3095 Materna
1523 3053 1746 3108 quoque
1762 3037 1973 3099 viscera
1991 3039 2113 3113 pie-

510 3129 648 3197 tatis
670 3124 1094 3195 transcenderis,
1116 3124 1227 3189 ait:
1251 3125 1524 3194 Nunquid
1538 3127 1783 3185 oblivisci
1798 3132 1965 3194 potest
1986 3143 2108 3183 mu-
2128 3138 2172 3198 ρ

514 3220 622 3283 tier
649 3217 927 3283 infantem
946 3229 1134 3287 suum,
1161 3217 1224 3279 ut
1243 3228 1353 3267 non
1373 3216 1704 3269 misereatur
1723 3215 1837 3282 ﬁlio
1856 3218 2007 3273 uteri
2025 3218 2116 3273 sui

515 3306 650 3377 (lea.
672 3302 853 3372 una)?
872 3302 1084 3369 Tamen
1106 3301 1155 3365 si
1185 3301 1281 3367 illa
1306 3300 1479 3363 oblita
1498 3302 1689 3369 fuerit,
1714 3319 1815 3373 ego
1846 3320 1959 3363 non
1979 3302 2117 3359 obli-

513 3394 697 3461 viscor
714 3392 817 3459 tui,
834 3392 975 3459 Eone
1001 3395 1157 3455 amat
1179 3396 1243 3457 ut
1260 3395 1438 3462 pater,
1464 3407 1591 3449 ecce
1612 3392 1911 3459 miseretur
1942 3393 2115 3459 etiam

514 3483 668 3551 ultra
694 3486 956 3550 matrem,
992 3480 1385 3553 laerymasque
1419 3478 1488 3533 ab
1518 3479 1694 3541 oculis
1720 3481 1891 3551 tergit
1910 3482 2119 3547 electo—

514 3586 662 3639 rum.
711 3568 1039 3635 Notandum
1086 3572 1273 3637 autem
1328 3567 1477 3637 quod
1525 3582 1751 3633 omnem
1808 3568 2116 3640 lacrymam

517 3659 844 3729 pbstergere
862 3658 1013 3725 Deus
1036 3656 1357 3729 promittat.
1390 3656 1569 3711 Variae
1589 3656 1738 3721 enim
1769 3662 1903 3725 sunt
1921 3659 2121 3712 electo-

517 3764 646 3816 rum
665 3748 948 3819 lacrgmae,
975 3746 1240 3818 quoniam
1266 3745 1412 3807 alius
1430 3751 1726 3821 propterea
1744 3746 2119 3817 plangit,quia

517 3838 734 3891 malum
759 3835 893 3905 egit,
924 3835 1057 3906 quia
1075 3834 1287 3899 bonum
1317 3850 1429 3902 non
1454 3834 1587 3897 fecit
1608 3853 1621 3902 ί
1644 3834 1808 3899 alius,
1827 3835 1958 3906 quia
1979 3835 2120 3891 dura

519 3923 890 3995 correptionis
905 3923 1128 3994 ﬂagella
1142 3921 1384 3981 sustinet
1403 3942 1416 3991 ;
1445 3923 1609 3989 alius,
1626 3924 1758 3994 quia
1774 3923 1923 3979 vitiis
1935 3924 2121 3995 impu-

518 4018 731 4086 gnatur
753 4031 769 4085 ί
791 4012 956 4081 alius,
984 4012 1119 4083 quia
1137 4011 1233 4067 diu
1265 4027 1300 4069 a
1324 4027 1497 4080 regno
1532 4012 1949 4085 peregrinatur.
1970 4012 2122 4071 Tali-

521 4118 635 4175 que
652 4102 819 4169 modo
835 4100 972 4169 varii
994 4105 1129 4154 sunt
1146 4099 1204 4163 in
1224 4100 1330 4163 hac
1350 4100 1463 4155 vita
1479 4100 1644 4156 fletus
1660 4106 2003 4166 sanctorum,
2029 4099 2124 4170 qui

521 4197 661 4263 μιμρ
680 4191 876 4261 utique
892 4189 1286 4259 abstergentur
1296 4189 1367 4253 ad
1385 4190 1865 4267 plenum,quando
1879 4189 2127 4245 instante

524 4285 780 4350 tempore
807 4277 1001 4348 gaudii
1044 4282 1254 4341 aeterna
1294 4276 1622 4348 juﬁunditas
1659 4278 1937 4341 succedet,
1966 4278 2130 4355 juxta

2169 1002 2474 1065 monstrat.
2509 998 2679 1063 Quasi
2710 1015 2843 1070 ergo
2874 998 3062 1061 media
3090 999 3231 1057 bore
3273 1000 3338 1069 iit
3380 1000 3682 1069 silentium
3716 998 3765 1052 in

2171 1089 2327 1153 melo,
2352 1104 2480 1153 eum
2502 1088 2810 1149 electorum
2831 1088 3055 1143 animus
3076 1087 3136 1145 in
3160 1088 3266 1159 hac
3293 1088 3528 1157 mox-tali
3556 1088 3692 1155 vita,
3719 1094 3767 1149 et

2171 1175 2386 1247 aliquid
2415 1176 2484 1230 de
2513 1193 2756 1247 superna
2785 1177 2973 1248 quiete
2999 1176 3253 1252 percipit,
3290 1182 3350 1239 et
3385 1182 3587 1235 tamen
3623 1176 3684 1248 in
3709 1192 3766 1230 eo

2174 1264 2323 1341 quod
2349 1270 2697 1336 perceperat,
2729 1266 2825 1321 diu
2852 1271 3003 1320 stare
3025 1282 3137 1321 non
3162 1266 3328 1321 valet.

2244 1408 2311 1461 Et
2341 1408 2460 1459 vidi
2487 1412 2684 1475 septem
2711 1407 2932 1474 angelos
2976 1410 3181 1460 stantes
3219 1409 3283 1460 in
3324 1413 3619 1475 conspectu
3663 1407 3766 1467 Bri,

2176 1500 2224 1549 et
2252 1497 2393 1549 data;
2433 1501 2566 1549 sunt
2606 1498 2724 1550 illis
2752 1501 2949 1564 septem
2989 1496 3152 1551 tuba».
3202 1495 3356 1550 Ordo
3402 1500 3772 1566 praeposterus

2177 1589 2265 1638 est
2292 1583 2350 1638 in
2377 1585 2482 1639 hoc
2509 1584 2649 1649 loco,
2679 1584 2811 1654 quia
2839 1584 2994 1655 prius
3022 1587 3174 1638 venit
3201 1598 3347 1638 unus
3372 1585 3621 1655 angelus
3656 1590 3776 1639 ante

2179 1673 2379 1741 altare,
2427 1672 2638 1726 habens
2683 1671 3032 1727 tburibulum
3081 1688 3316 1727 aureum
3362 1673 3420 1727 in
3452 1689 3632 1728 manu
3664 1690 3777 1733 sua.

2117 1787 2163 1846 B
2182 1768 2240 1816 et
2268 1762 2347 1815 sic
2372 1766 2583 1832 septem
2606 1762 2791 1831 angeli
2830 1764 3167 1833 acceperunt
3202 1768 3420 1833 septem
3459 1762 3653 1817 tubas.
3682 1763 3783 1817 Per

2181 1854 2394 1921 septem
2426 1851 2673 1919 angelos,
2723 1851 3119 1921 praedicatores
3151 1851 3492 1906 universalis
3530 1849 3782 1907 Ecclesia

2179 1936 2593 2007 intelliguntur,
2620 1939 2716 2010 qui
2740 1938 2882 1993 bene
2910 1940 3095 2009 angeli
3119 1945 3418 2010 vocantur,
3450 1941 3590 2011 quia
3631 1946 3785 1996 aeter-

2180 2036 2311 2080 nam
2348 2028 2519 2082 vitam
2562 2028 2724 2082 nobis
2760 2030 3101 2083 annuntiant
3146 2024 3217 2083 de
3266 2029 3476 2099 quibus
3518 2031 3629 2084 scri

2183 2120 2269 2169 est
2301 2134 2313 2169 :
2342 2118 2706 2184 Angelipaeis
2732 2132 2927 2171 amare
2954 2119 3164 2185 ﬂebunt
3194 2118 3329 2183 (Isa.
3364 2124 3587 2184 χχχιιι).

2186 2204 2355 2258 etiam
2386 2206 2703 2275 septenario
2726 2220 2961 2260 numero
2993 2205 3410 2277 exprimuntur.
3441 2207 3580 2278 quia
3609 2207 3794 2262 videli-

2187 2298 2275 2347 cet
2303 2294 2619 2363 septiformi
2649 2293 2852 2365 spiritu
2899 2295 3208 2365 replentur.
3240 2294 3416 2349 Recte
3468 2296 3790 2370 septenario

2185 2392 2422 2436 numero
2447 2383 2843 2449 terminantur,
2877 2384 3012 2454 quia
3039 2383 3395 2439 universitati
3435 2384 3788 2440 credentium

2184 2476 2604 2542 praeponuntur,
2637 2472 2954 2543 septenario
2993 2472 3142 2527 enim
3170 2488 3411 2527 numero
3434 2480 3495 2528 et
3523 2475 3790 2529 universi-

2184 2565 2271 2613 tas
2299 2565 2356 2613 et
2379 2546 2648 2630 perfectio
2673 2560 3020 2632 designatur;
3045 2561 3193 2615 unde
3220 2559 3306 2615 est
3337 2579 3351 2612 :
3378 2560 3592 2635 Septies
3625 2567 3687 2617 in
3707 2564 3791 2617 die

2190 2649 2413 2702 laudem
2440 2650 2562 2702 diri
2591 2650 2691 2702 tibi
2714 2651 2883 2719 (Psat.
2915 2654 3124 2717 vaIII).
3146 2648 3210 2704 In
3238 2656 3551 2721 conspectu
3572 2666 3790 2723 quoque

2189 2736 2289 2790 Dei
2309 2741 2459 2791 stare
2489 2736 2873 2807 perhibentur,
2899 2737 3032 2808 quia
3056 2739 3286 2793 calcatis
3315 2738 3589 2811 omnibus
3628 2745 3797 2794 terre-

2189 2826 2278 2879 nis
2307 2824 2706 2897 voluptatibus,
2738 2826 3200 2898 contemplationi
3230 2844 3456 2899 quoque
3477 2824 3587 2883 Dei
3618 2830 3798 2884 adhae-

2193 2926 2339 2979 rent,
2368 2916 2603 2985 ejusque
2629 2914 2997 2984 voluntatem,
3025 2915 3122 2987 qui
3148 2933 3429 2989 nusquam
3445 2916 3635 2984 deest,
3666 2934 3799 2973 con-

2193 3002 2485 3056 siderant:
2517 3006 2573 3056 et
2609 3004 2757 3073 quod
2800 3004 2851 3058 ei
2899 3004 3118 3075 placere
3159 3005 3363 3079 sciunt,
3416 3022 3595 3077 opere
3641 3008 3802 3077 perﬁ-

2194 3092 2366 3146 ciunt.
2403 3090 2545 3145 Hinc
2572 3092 2781 3147 Paulus
2815 3093 2895 3147 ait
2920 3109 2938 3143 :
2967 3094 3123 3149 Sicut
3150 3110 3216 3148 es:
3242 3090 3346 3149 Deo
3378 3111 3573 3149 coram
3607 3090 3708 3150 Deo
3739 3098 3804 3149 in

2199 3180 2413 3236 Christo
2453 3182 2738 3248 loquimur
2759 3181 2841 3245 (II
2868 3181 2989 3236 Cor.
3021 3184 3137 3247 XII).
3179 3180 3247 3236 Et
3282 3180 3436 3237 Elias
3465 3202 3479 3237 :
3526 3181 3668 3237 Vivit
3698 3180 3809 3239 Do-

2198 3272 2388 3321 minus
2420 3270 2483 3322 in
2509 3271 2666 3337 cujus
2696 3272 2978 3338 conspectu
3003 3277 3085 3324 sto
3116 3270 3201 3325 ΙΙΙ
3224 3270 3347 3339 Reg.
3371 3270 3524 3339 xm).
3560 3271 3673 3326 Per
3707 3289 3808 3325 se—

2198 3360 2350 3427 ptem
2415 3373 2637 3428 quoque
2694 3358 2881 3424 tubas,
2936 3358 3227 3430 Scriptura
3281 3359 3507 3414 Veteris
3554 3378 3622 3415 ac
3666 3358 3810 3414 Novi

2196 3446 2544 3501 Testamenti
2570 3446 2923 3517 intelligitur,
2955 3452 3184 3523 propter
3211 3447 3598 3520 septiformem
3634 3449 3812 3520 Spiri-

2199 3536 2452 3605 tum,per
2480 3544 2644 3606 quem
2675 3535 2859 3590 omnis
2887 3534 3176 3606 Scriptura
3208 3535 3421 3591 dictata
3449 3542 3623 3599 est,et
3651 3534 3814 3591 intel-

2201 3609 2505 3693 ligentibus
2533 3628 2800 3678 reserata.
2836 3624 2970 3688 Qum
3000 3623 3291 3696 Scriptura
3318 3624 3466 3680 tuba:
3506 3642 3812 3697 compara-

2200 3714 2312 3777 tur,
2339 3713 2472 3783 quia
2500 3728 2705 3785 Inagna
2735 3714 3074 3770 annuntiat:
3104 3712 3255 3767 unde
3298 3712 3435 3784 ipsis
3480 3710 3816 3785 praedicato-

2200 3800 2357 3855 ribus
2380 3799 2586 3877 dicitur
2616 3816 2627 3850 :
2661 3801 2832 3866 quasi
2858 3802 2995 3856 tuba
3014 3800 3198 3856 exulta
3217 3810 3405 3857 vocem
3435 3804 3616 3857 tuam.
3650 3803 3813 3858 Data

2202 3894 2336 3943 sunt
2363 3889 2472 3944 illis
2502 3889 2571 3943 ab
2592 3892 2810 3960 angelo,
2849 3889 2905 3944 id
2934 3894 3037 3957 est,
3071 3907 3105 3944 a
3134 3888 3359 3945 Christo
3400 3889 3495 3961 qui
3544 3891 3815 3947 omnibus

2205 3977 2526 4034 doctoribus
2556 3976 2987 4050 intelligentiam
3019 3978 3338 4035 divinarum
3366 3981 3731 4036 voluminum
3760 3981 3817 4037 in

2205 4072 2446 4138 utroque
2481 4068 2819 4123 testamento
2849 4066 3034 4138 dedit;
3064 4067 3214 4125 unde
3238 4064 3494 4142 sequitur
3524 4082 3538 4117 ε

3675 2128 3788 2174 este

2280 4193 2345 4249 Et
2374 4195 2525 4263 alius
2554 4195 2784 4263 angelus
2804 4198 2974 4264 venit,
2996 4200 3044 4253 et
3069 4198 3212 4250 stetit
3235 4200 3363 4251 ante
3383 4197 3582 4259 altare,
3603 4196 3819 4255 habens

2212 4281 2570 4341 thuribulum
2596 4299 2854 4347 aureum.
2889 4285 3001 4338 Iste
3044 4283 3277 4354 angelus
3317 4283 3478 4351 alius,
3513 4283 3611 4355 qui
3657 4286 3824 4352 stetit

526 4366 670 4435 illud
700 4384 715 4433 ;
747 4368 897 4434 Beati
921 4368 1020 4434 qui
1040 4367 1246 4453 lugent,
1274 4367 1541 4434 quoniam
1568 4368 1676 4433 ipsi
1698 4367 2130 4431 consolabuntur
2211 4376 2342 4425 ante
2362 4372 2559 4440 altare,
2577 4372 2913 4443 intelligitur
2934 4373 3101 4437 homo
3126 4371 3381 4431 Christus
3397 4372 3567 4439 Deus,
3595 4372 3679 4443 de
3713 4391 3823 4453 quo

531 4455 748 4524 muttit.
791 4453 903 4524 ut).
932 4453 1002 4517 Et
1024 4451 1159 4519 alibi
1190 4455 1447 4543 alterum
1486 4460 1675 4515 autem
1719 4456 1904 4519 ridebo
1938 4470 2046 4543 eos,
2080 4458 2194 4516 etD
2214 4460 2487 4543 propheta
2515 4461 2683 4516 dicit:
2714 4462 3000 4523 Vocabitur
3020 4477 3218 4519 nomen
3235 4464 3350 4530 ejus
3371 4464 3567 4528 magni
3585 4451 3826 4519 consilii

530 4544 790 4613 gaudebit
810 4558 903 4611 eor
922 4545 1164 4609 vestrum
1189 4542 1365 4610 (Joan.
1380 4547 1511 4610 xv1).
1530 4543 1686 4597 Tunc
1705 4544 1901 4618 utique
1923 4542 2133 4607 abster-

528 4638 629 4705 get
664 4648 890 4704 omnem
941 4631 1272 4703 lacryrnam,
1325 4630 1589 4705 quoniam
1632 4630 1774 4695 nihil
1803 4631 1883 4686 eis
1912 4631 2132 4687 adversi

531 4722 785 4793 “ad”?
813 4720 1015 4793 Potuit:
1058 4718 1207 4789 unde
1249 4719 1331 4786 νει
1372 4718 1656 4783 modicum
1692 4719 2126 4795 contristentur,

1121 4850 1356 4917 CAPUT
1391 4854 1545 4916 VIII.

607 5005 675 5060 Et
711 5010 840 5061 eum
864 5008 1168 5075 aperuisset
1187 5006 1442 5073 sigillum
1476 5006 1791 5073 septimum.
1819 5005 2035 5071 factum
2059 5009 2135 5063 est

536 5096 823 5157 silentium
844 5097 907 5147 in
926 5097 1070 5159 certe,
1093 5096 1256 5162 quasi
1293 5094 1475 5149 media
1505 5094 1662 5153 hara.
1688 5091 1905 5151 Caelum
1926 5094 2016 5161 (ut
2033 5094 2138 5149 fre-

540 5182 780 5251 quenter
815 5183 937 5252 jam
974 5182 1237 5241 diximus)
1265 5183 1550 5252 iustorum
1604 5181 1851 5239 Ecclesia
1885 5186 2133 5249 vocatur,

540 5268 668 5341 quia
693 5268 907 5323 scilicet
934 5269 1069 5324 dum
1094 5286 1130 5327 a
1167 5270 1481 5341 frequentia
1509 5286 1700 5333 rerum
1737 5270 2133 5341 corporalium,

539 5356 1011 5429 contemplatione
1054 5358 1255 5413 intima
1299 5358 1591 5429 cujusdam
1627 5359 1827 5420 secreti
1858 5375 2136 5423 secessum

539 5447 704 5520 petit,
738 5444 1221 5516 “cogitationum
1267 5447 1546 5506 tumultus
1586 5446 1921 5518 reprimens,
1953 5446 2011 5509 in
2058 5447 2140 5503 in-

540 5543 719 5593 terna
744 5533 947 5608 quietis
971 5538 1250 5589 secretum
1272 5540 1552 5604 penetrat,
1574 5536 1733 5610 quasi
1757 5536 2042 5606 quoddam
2072 5535 2141 5590 si-

543 5627 781 5682 lentium
818 5626 935 5682 Deo
972 5622 1031 5679 in
1068 5628 1256 5677 mente
1293 5628 1592 5693 praeparat.
1619 5624 1728 5679 Sed
1767 5625 1900 5696 quia
1935 5624 1995 5678 in
2034 5625 2141 5679 hac

2213 4551 2446 4617 angelus
2469 4552 2599 4617 (Isa.
2621 4550 2717 4619 ix).
2742 4549 2869 4629 Ipse
2901 4554 2987 4611 est
3002 4549 3151 4619 enim
3180 4550 3411 4607 nuntius
3437 4556 3707 4627 paterna:
3738 4569 3829 4606 vo.

2213 4637 2447 4695 luntatis
2486 4639 2582 4711 qui
2622 4638 2775 4697 venit
2821 4645 2877 4701 et
2918 4636 3077 4695 stetit
3120 4645 3251 4709 ante
3280 4640 3457 4709 altare
3483 4656 3617 4697 cum
3646 4657 3828 4701 aureo

2214 4725 2525 4797 thuribulo,
2551 4732 2616 4793 ut
2643 4727 2970 4791 ostenderet
2996 4728 3130 4800 quia
3159 4728 3282 4799 ipse
3319 4733 3404 4784 est
3428 4744 3596 4793 verus
3628 4731 3829 4807 ponti-

2217 4815 2305 4871 fex
2328 4816 2649 4871 futurorum
2671 4816 3301 4883 bonorum.Sacerdotis
3326 4818 3531 4893 quippe
3556 4819 3828 4885 ministe-

2217 4908 2366 4962 rium
2389 4912 2475 4960 est
2494 4905 2661 4959 altari
2682 4906 2965 4973 assistere,
2979 4912 3033 4961 et
3052 4909 3310 4977 aptatum
3327 4906 3687 4979 aromatibus
3708 4910 3831 4980 thy-

2218 4998 2429 5059 miama
2453 4994 2688 5050 sollicite
2717 5011 2990 5065 cremare,
3033 4993 3163 5068 Ipse
3191 5000 3278 5049 est
3296 4994 3445 5053 enim
3464 4996 3721 5066 angelus
3739 5013 3833 5065 an—

2218 5088 2495 5161 gelorum,
2526 5089 2584 5146 et
2611 5084 2859 5157 pontifex
2891 5084 3237 5155 pontiﬁcum.
3264 5084 3438 5147 Porro
3457 5088 3591 5143 ante
3615 5085 3830 5150 altare,

2220 5176 2393 5244 idest,
2419 5180 2548 5239 ante
2579 5190 2801 5241 omnem
2823 5173 3135 5245 ecclesiam,
3154 5188 3277 5247 quae
3305 5173 3435 5242 igne
3462 5172 3647 5229 divini
3678 5191 3833 5231 amo-

2218 5265 2297 5334 ris
2325 5263 2668 5331 accenditur,
2688 5266 2745 5317 et
2762 5279 2957 5331 verum
2978 5261 3313 5325 sacriﬁcium
3333 5261 3405 5329 (id
3436 5267 3541 5325 est,
3575 5279 3686 5323 cor
3707 5281 3835 5319 oon-

2217 5352 2445 5423 tritum)
2460 5351 2695 5417 Domino
2715 5352 2896 5419 ollert,
2926 5351 3292 5423 semetipsum
3320 5357 3596 5417 mactans,
3628 5361 3709 5407 nt
3731 5354 3833 5417 ho-

2222 5444 2332 5507 stia
2372 5443 2493 5509 viva
2530 5446 2587 5496 et
2617 5440 2985 5507 rationalibus
3020 5441 3136 5511 iiut,
3166 5444 3299 5505 ante
3328 5439 3434 5497 hoc
3460 5438 3645 5507 altare
3682 5444 3831 5497 enim

2221 5538 2336 5599 stat
2362 5531 2617 5602 angelus,
2648 5529 2705 5595 id
2735 5535 2838 5601 est,
2866 5529 3113 5602 pontifex
3146 5545 3331 5597 verus,
3364 5544 3466 5604 per
3504 5545 3688 5608 quem
3719 5549 3834 5587 om-

2222 5622 2320 5678 nia
2345 5636 2582 5676 munera
2602 5625 2797 5675 nostra
2824 5620 2940 5675 Deo
2963 5618 3120 5674 Patri
3138 5617 3439 5675 mittimus:
3462 5620 3621 5676 unde
3649 5626 3711 5675 et
3738 5637 3831 5675 sa-
