4048 6172
333 223 475 280 1045

1264 227 1644 286 EXPOSITIO
1672 230 1748 287 IN
1774 227 2294 290 APOCALYPSIN;
2320 266 2384 275 —
2415 234 2551 290 LIB.
2578 235 2649 291 Ii.

3476 231 3614 301 10i6

335 351 590 405 cerdotes
621 351 858 421 singulis
887 353 1002 406 suis
1034 350 1382 407 orationibus
1439 357 1560 424 ejus
1606 357 1934 410 memoriam
1955 353 2318 428 Adupliciter
2332 359 2781 430 potestintelligi.
2814 358 3039 414 Primus
3067 361 3215 414 enim
3251 357 3407 417 misit
3441 363 3614 436 Spiri-

335 440 572 516 faciunt,
613 445 677 494 ut
715 459 815 511 per
853 441 1010 495 illum
1051 443 1442 508 exaudiantur,
1502 442 1788 498 dicentes:
1834 445 1942 498 Per
2024 453 2142 500 tum
2176 455 2430 502 sanctum
2463 450 2520 502 in
2547 454 2777 512 terram,
2809 449 2914 501 hoc
2962 453 3062 510 est,
3136 450 3192 503 in
3231 454 3616 521 apostolorum

335 529 641 592 Dominum
676 535 934 583 nostrum
965 532 1156 585 Jesum
1201 533 1504 586 Christum.
1529 532 1687 586 Unde
1715 533 1940 587 intuen-

2025 537 2212 602 corda,
2239 538 2460 607 quando
2487 537 2913 590 resurrectionis
2929 553 3041 591 sua:
3055 543 3309 640 tempore
3326 552 3560 609 surgens
3582 552 3617 596 ει

338 618 495 692 dum,
521 617 668 689 quod
697 610 940 690 Joannes
961 619 1040 688 ita
1061 620 1177 674 haec
1215 620 1524 691 descripsit,
1551 619 1740 674 dicens
1782 640 1793 674 :
1829 623 1942 674 Ve-
2023 625 2280 690 mortuis,
2315 625 2621 679 insuitlavit
2648 631 2704 679 et
2730 625 2869 678 dixit
2899 626 2979 679 eis
3014 645 3024 678 :
3068 610 3305 694 Accipite
3334 627 3613 696 Spiritum.

339 708 427 761 nit
459 712 514 760 et
544 696 720 770 stetit.
756 708 959 762 Venire
989 708 1204 779 quippe
1224 709 1293 762 ad
1323 709 1734 764 humanitatem
1763 709 1939 781 perti-

335 801 455 862 net,
484 812 586 867 per
617 811 784 880 quam
815 793 1014 849 habuit
1066 795 1309 850 transire
1354 796 1422 850 de
1451 797 1571 850 loco
1601 799 1670 850 ad
1699 799 1881 852 locum
1921 817 1930 850 :

335 890 489 939 stare
511 890 699 956 autem
726 885 795 938 ad
820 882 1194 949 divinitatem,
1216 902 1318 956 per
1347 899 1514 957 quam
1562 885 1770 958 ubique
1799 901 1936 956 prte-

334 991 464 1028 sens
495 979 597 1039 est,
634 974 795 1044 juxta
849 971 1014 1040 illud:
1049 976 1251 1029 Catum.
1282 980 1330 1028 et
1363 982 1571 1028 terram
1617 991 1708 1042 ego
1738 978 1936 1042 im‘pteo

337 1065 477 1134 {'Jcr.
502 1059 710 1138 anni).
763 1062 932 1116 Venit
963 1077 1094 1132 ergo
1139 1061 1210 1117 ad
1241 1079 1341 1117 nos
1373 1081 1472 1134 per
1501 1064 1930 1130 humanitatem,

336 1152 474 1230 quia
500 1150 745 1206 Verbum
773 1168 901 1204 caro
921 1150 1130 1205 factum
1169 1155 1272 1215 est,
1293 1157 1349 1226 et
1367 1151 1638 1205 habitavit
1667 1152 1724 1205 in
1754 1151 1934 1216 nobis,

338 1241 436 1311 qui
466 1240 673 1311 ubique
703 1239 876 1293 habet
905 1256 1025 1293 esse
1074 1257 1174 1311 per
1211 1239 1584 1305 divinitatem,
1627 1237 1966 1295 secundum'

339 1346 511 1406 quam
537 1331 726 1383 omnia
747 1328 892 1383 facta
911 1326 1662 1386 sunt.Ilabensthuribulum
1676 1346 1930 1384 aureum.

336 1417 488 1489 Quid
511 1436 612 1490 per
638 1418 988 1494 thuribulum
1022 1435 1256 1492 aureum
1285 1418 1345 1473 in
1373 1436 1482 1489 quo
1511 1417 1656 1489 ignis
1686 1420 1935 1490 ponitur,

333 1507 448 1572 nisi
472 1524 672 1578 corpus
696 1507 921 1562 Domini
951 1507 1268 1575 intelligere
1281 1506 1582 1561 debemus?
1601 1509 1755 1562 Tune
1785 1508 1934 1561 enim

2021 720 2274 766 sanctum
2304 715 2480 788 (Joan.
2519 730 2594 780 xi;
2628 714 2828 769 deinde
2858 714 3010 768 misit
3037 711 3296 770 eumdem
3342 717 3614 787 Spiritum

2020 803 2366 856 sanctumin
2389 805 2616 865 terram,
2645 805 2747 857 hoc
2768 809 2869 868 est,
2888 805 2943 856 in
2967 790 3134 858 corda
3170 803 3486 874 gentilium,
3519 807 3614 878 qui

2019 891 2381 968 crediderunt
2397 892 2451 944 in
2477 909 2603 946 eum
2625 909 2726 962 per
2739 892 3190 962 praedicationem
3208 895 3611 964 apostolorum;

2019 979 2262 1049 primum
2286 980 2416 1034 fecit
2437 981 2494 1034 in
2514 979 2738 1046 .ludaeis,
2763 980 2866 1034 hoc
2893 993 2991 1052 per
3015 997 3074 1035 se
3125 983 3262 1057 quos
3288 981 3515 1052 collegit
3543 984 3615 1037 ad

2020 1068 2186 1121 ﬁdem
2220 1081 2400 1135 suam,
2421 1069 2623 1123 deinde
2648 1068 2705 1122 in
2733 1068 3088 1139 gentibus,ad
3113 1075 3348 1140 quorum
3371 1071 3615 1145 salutem

2021 1155 2174 1208 misit
2203 1156 2507 1225 apostolos,
2549 1157 2642 1226 qui
2670 1157 2961 1211 credentes
3005 1157 3064 1211 in
3103 1158 3252 1224 eum,
3285 1165 3614 1214 meruerunt

2020 1244 2555 1314 accipereSpiritum
2587 1246 2865 1298 sanctum.
2886 1249 2950 1299 Et
2977 1247 3126 1313 facta
3161 1245 3296 1300 sunt
3335 1248 3606 1314 tonitrua,

2019 1337 2066 1384 et
2098 1349 2262 1399 rores,
2295 1335 2344 1385 et
2371 1335 2624 1400 fulgura,
2678 1339 2725 1385 et
2773 1338 3130 1387 terra-motas.
3173 1320 3613 1390 Prmdicantibus

2017 1421 2282 1491 apostolis
2312 1421 2460 1475 facta
2489 1421 2622 1475 sunt
2652 1422 2760 1475 ista
2788 1421 3057 1484 tonitrua,
3097 1415 3154 1475 id
3175 1423 3278 1485 est,
3315 1424 3616 1477 commina-

2017 1509 2198 1563 tiones
2238 1513 2294 1563 et
2322 1517 2565 1564 terrores
2591 1512 2656 1564 ut
2687 1526 2698 1559 :
2735 1511 2924 1564 Omnis
2953 1513 3120 1564 arbor
3152 1527 3270 1580 qua:
3306 1527 3420 1565 non
3477 1513 3614 1579 facit

334 1597 549 1671 accepit
578 1594 948 1662 thuribulum,
981 1594 1204 1666 quando
1234 1611 1347 1649 sua)
1379 1594 1658 1650 divinitati
1684 1601 1932 1651 nostram
1952 1659 1986 1671 λ
2018 1599 2265 1664 fructum
2296 1600 2518 1662 bonum,
2567 1600 2864 1663 excidatur,
2902 1600 2950 1651 et
3006 1603 3068 1653 in
3120 1597 3303 1666 ignem
3361 1600 3613 1654 mittetur

339 1659 632 1754 conjbnxit
660 1659 1084 1752 mortalitatem,
1110 1683 1258 1753 quod
1287 1683 1634 1738 thuribulum
1666 1684 1806 1738 bene
1834 1659 1996 1739 ειη-Β
2018 1659 2234 1756 Matth.
2266 1687 2381 1756 vn).
2410 1687 2478 1740 Et
2556 1685 2710 1740 Tunc
2732 1659 2880 1740 dicet
2908 1678 3021 1740 "rex
3071 1659 3163 1741 his
3184 1689 3278 1758 qui
3307 1699 3341 1741 a
3368 1688 3612 1743 sinistris

332 1791 494 1834 reum
525 1773 749 1838 dicitur,
776 1773 906 1844 quia
928 1771 1183 1826 videlicet
1205 1773 1262 1825 in
1293 1773 1414 1843 ipso
1440 1775 1570 1826 sunt
1584 1787 1778 1827 omnes
1808 1774 1933 1828 the-
2018 1780 2181 1828 erunt
2206 1790 2215 1821 :
2249 1777 2511 1829 Discedite
2534 1791 2566 1828 a
2593 1787 2694 1837 me,
2725 1761 3023 1842 maledicti,
3051 1779 3111 1829 in
3140 1776 3322 1843 ignem
3341 1779 3611 1831 aternum

333 1861 789 1933 saurisapientiaa
809 1866 862 1915 et
880 1860 1123 1916 scientia:
1146 1861 1474 1915 absconditi.
1492 1861 1736 1915 Verbum
1761 1863 1928 1929 enim,
2018 1864 2465 1928 (Mattlt.xxv).Et
2483 1877 2644 1917 voces
2666 1863 3135 1930 exhortationum,
3159 1870 3223 1919 ut
3247 1883 3259 1917 :
3282 1867 3432 1938 beati
3448 1882 3615 1938 man;-

333 1956 392 2004 et
419 1932 586 2004 homo
617 1967 731 2005 una
749 1955 833 2004 est
855 1949 1151 2021 sapientia,
1177 1950 1244 2004 de
1267 1961 1377 2020 qua
1397 1951 1665 2020 scriptum
1685 1953 1769 2004 est
1793 1971 1803 2004 :
1833 1954 1931 2006 Ac-
2016 1952 2082 2004 do
2103 1954 2674 2022 cot'dc,quoniam1'psi
2689 1952 2857 2006 Deum
2880 1954 3140 2006 ridebunt
3171 1932 3383 2021 (Matth.
3407 1957 3477 2020 ν).
3503 1932 3609 2010 Et:

331 2039 502 2110 cipite
560 2039 891 2110 sapientiam
931 2032 1095 2093 'sieut
1145 2039 1366 2094 aurum.
1401 2040 1706 2094 Possumus
1745 2043 1800 2094 et
1837 2055 1938 2110 per
2020 2042 2172 2094 Beati
2188 2045 2288 2108 qui
2339 2043 2592 2094 habitant
2616 2045 2675 2094 in
2693 2043 2850 2095 clo-mo
2873 2046 2987 2106 tua,
3032 2042 3292 2096 Homine:
3324 2044 3386 2096 in
3416 2045 3611 2098 arcula

331 2119 687 2202 thuribuluin
721 2145 974 2206 aureum,
998 2131 1056 2182 in
1080 2145 1190 2200 quo
1211 2135 1532 2183 cremantur
1551 2132 1822 2195 aromata,
1845 2129 1934 2183 in-
2017 2131 2343 2182 secuto-rum
2387 2129 2696 2182 laudabunt
2729 2129 2774 2181 te
2807 2131 2972 2190 (Psat.
3009 2130 3252 2198 Lxxxm).
3280 2116 3348 2183 Et
3390 2130 3614 2201 fulgura

331 2219 590 2287 telligere
623 2218 1074 2287 Ecclesiam,quae
1095 2213 1225 2287 igne
1256 2217 1428 2271 divini
1449 2219 1655 2271 amoris
1677 2234 1930 2285 accensa,

333 2305 578 2358 mundas
605 2305 674 2358 ad
697 2303 874 2359 Deum
895 2304 1088 2374 dirigit
1102 2306 1402 2371 orationes,
1428 2306 1614 2359 dicens
1634 2322 1760 2360 cum
1780 2306 1932 2360 Psal-

329 2395 506 2456 mista
537 2409 548 2442 :
582 2395 879 2460 Dirigatnr
907 2395 1084 2446 oratio
1116 2410 1236 2447 mea.
1262 2395 1404 2447 sicut
1428 2397 1710 2447 incensum
1726 2397 1788 2447 in
1808 2409 1934 2447 con-

329 2486 514 2551 spectu.
549 2487 639 2534 tuo
673 2478 842 2552 {P.sat.
873 2481 1163 2550 cxx.).Nam
1195 2487 1250 2535 et
1274 2481 1398 2552 ipsa
1424 2481 1700 2553 sapientia
1719 2483 1932 2553 repleta

331 2576 439 2635 est,
475 2575 641 2641 quain
674 2570 742 2623 ab
768 2568 889 2640 ipso
918 2557 1018 2624 suo
1043 2571 1292 2644 percepit
1320 2572 1519 2641 capite.
1555 2572 1620 2625 Et
1649 2572 1778 2623 data
1798 2575 1930 2624 sunt

329 2663 425 2714 illi
456 2663 679 2712 incensa
710 2663 908 2713 multa.
945 2658 1089 2723 Quid
1117 2659 1343 2733 incensa
1373 2660 1705 2729 significent,
1747 2665 1804 2713 et
1839 2676 1930 2714 su-

327 2747 650 2822 pradictum
682 2751 784 2814 est,
819 2751 876 2801 et
899 2743 989 2802 hic
1007 2753 1198 2820 aperte
1217 2747 1628 2814 manifestatur,
1651 2765 1775 2802 cum
1797 2749 1928 2803 sub-

332 2823 490 2892 ditur
525 2855 536 2889 ε
580 2837 640 2891 Ut
666 2837 823 2890 daret
861 2839 922 2890 de
954 2837 1300 2890 orationibus
1324 2844 1641 2891 sanctorum
1673 2842 1929 2891 omnium

327 2942 497 2994 super
526 2928 705 2978 altare
735 2942 994 2990 aureum,
1021 2928 1166 2993 quod
1202 2932 1277 2979 est
1317 2931 1454 2984 ante
1508 2928 1790 2980 thronum.
1818 2926 1930 2997 Ipsi

329 3015 484 3068 enim
517 3014 716 3083 angelo
753 3014 960 3090 dantur
986 3014 1303 3078 incensa,ut
1331 3031 1395 3068 ea
1425 3029 1594 3085 super
1620 3016 1928 3080 altare,hoc

329 3110 436 3170 est,
464 3118 636 3174 super
666 3103 1027 3173 semetipsum
1061 3103 1258 3156 offerat
1278 3100 1392 3157 Deo
1421 3102 1594 3167 Patri,
1631 3121 1731 3174 per
1760 3119 1926 3174 quem

329 3193 616 3268 orationes
646 3198 703 3245 et
732 3190 918 3266 omnia
949 3208 1121 3262 opera
1147 3209 1246 3246 sua
1276 3191 1452 3246 sancti
1481 3191 1548 3246 ad
1584 3177 1808 3246 Patrem
1840 3194 1926 3247 di-

325 3281 703 3351 rigunt,juxta
734 3281 880 3356 quod
902 3282 1172 3351 scriptum
1205 3285 1290 3334 est
1321 3299 1332 3334 :
1365 3281 1429 3336 Si
1458 3284 1580 3349 quis
1600 3284 1918 3349 peccaverit,

322 3371 651 3424 advocatum
682 3369 942 3422 [tabem-ns
970 3370 1120 3437 apud
1149 3373 1364 3423 Patrem
1414 3367 1613 3424 Javum'
1640 3372 1922 3424 Christum

309 3464 560 3528 justum,
585 3464 631 3512 et
662 3461 771 3528 ipsc
799 3464 872 3511 cst
900 3455 1226 3528 propitiatio
1253 3473 1356 3528 pro
1379 3462 1615 3527 peccatis
1646 3463 1851 3514 nostris
1876 3459 1927 3532 [I

322 3551 490 3602 Joan.
524 3550 606 3614 II).
763 3557 766 3560 ’

396 3639 460 3692 Et
483 3638 727 3690 ascendit
757 3638 948 3703 fumus
969 3639 1321 3690 incensurum
1339 3637 1401 3690 de
1422 3638 1765 3689 orationibus
1789 3651 1921 3690 san-

318 3732 536 3778 ctor-um
568 3727 630 3778 de
658 3740 831 3777 manu
887 3727 1091 3789 angeli.
1145 3723 1299 3778 Sicut
1355 3725 1541 3778 fumus
1567 3741 1629 3778 ex
1661 3726 1921 3778 crematis

317 3811 668 3892 aromatibus
685 3817 1032 3884 procreatur,
1058 3813 1171 3867 sive
1192 3812 1368 3867 virtus
1389 3814 1834 3884 compunctionis
1857 3827 1919 3867 ex

315 3902 506 3970 studio
523 3901 792 3956 orationis
803 3900 1074 3972 gignitur.
1113 3903 1222 3957 Sed
1251 3903 1318 3956 de
1336 3918 1505 3955 manu
1527 3903 1708 3972 angeli
1730 3919 1916 3956 coram

313 3991 432 4046 Deo
449 3989 913 4060 ascendunt,quia
934 4007 1034 4061 per
1046 3990 1477 4066 Redemptorem
1510 3992 1918 4062 nostrum,quae

314 4082 346 4135 a
373 4081 636 4135 ﬁdelibus
666 4080 1112 4146 committuntur,
1147 4078 1216 4133 ad
1249 4081 1427 4133 Deum
1471 4080 1695 4134 Patrem
1728 4097 1916 4150 perve-

2017 2222 2074 2270 et
2100 2223 2345 2271 terrores
2377 2218 2796 2280 miraculorum,
2825 2217 3026 2286 quibus
3047 2217 3239 2271 ﬁdeles
3263 2221 3320 2271 et
3341 2219 3412 2272 ad
3440 2218 3611 2272 vitam

2014 2306 2374 2376 praeordinati
2395 2304 2876 2360 illuminabantur.
2914 2299 3020 2359 Alii
3053 2306 3201 2359 enim
3257 2306 3612 2363 exemcaban-

2014 2401 2128 2457 tur,
2163 2396 2513 2466 assignantes
2540 2409 2604 2448 ea
2633 2393 2854 2447 diabolo
2877 2395 3064 2464 petitis
3093 2406 3261 2465 quam
3283 2382 3610 2450 Deo-Terrae

2016 2489 2223 2548 motus,
2257 2484 2312 2537 id
2345 2486 2448 2547 est,
2482 2482 2902 2554 persecutiones
2932 2485 3129 2537 contra
3160 2484 3470 2551 credentes,
3493 2473 3612 2555 qui-

2011 2573 2116 2626 bus
2145 2573 2226 2625 illi
2260 2577 2606 2626 exercentur.

2082 2662 2146 2714 Et
2162 2665 2356 2728 septem
2385 2662 2572 2726 angeli
2595 2663 2693 2728 qui
2703 2651 3177 2729 tiabebantseptem
3192 2664 3367 2727 tubas,
3393 2674 3608 2730 prcipu-

2015 2755 2283 2802 rarernnt
2299 2765 2351 2802 se
2368 2754 2429 2802 ut
2453 2749 2581 2801 tuba
2598 2749 2938 2810 σαπείηβηίλά
2958 2751 3061 2809 est,
3078 2763 3272 2803 omnes
3290 2751 3612 2820 prtedicatu-

2013 2854 2104 2892 res
2153 2837 2484 2891 universalis
2541 2835 2816 2902 Ecclesiae,-
2849 2837 2945 2906 qui
2993 2836 3275 2891 habebant
3314 2839 3608 2893 scientiam

2014 2926 2254 2979 duorum
2283 2927 2770 2989 testamentorum,
2803 2928 3259 2996 praeparaverunt
3285 2929 3345 2980 se
3381 2928 3444 2981 ut
3470 2913 3609 2980 tuba

2013 3019 2297 3080 canerent,
2328 3015 2382 3068 id
2411 3017 2512 3081 est,
2541 3017 2606 3068 ut
2636 3009 2920 3082 Evangelii
2975 3000 3230 3068 doctrina
3258 3013 3600 3070 insonare'nti.

2012 3091 2240 3158 Duobus
2262 3103 2441 3156 modis
2462 3119 2521 3156 se
2539 3109 2856 3174 praeparant
2880 3103 3041 3157 electi
3063 3089 3133 3156 ad
3165 3103 3600 3174 pradicandum:

2011 3194 2210 3263 primo,
2239 3193 2368 3262 quia
2391 3180 2692 3262 antequam
2724 3191 2951 3246 verbum
2975 3192 3388 3262 prazdiCationis
3408 3194 3478 3247 ad
3499 3197 3604 3264 pu-

2006 3281 2212 3334 blicum
2245 3281 2549 3351 proferant,
2575 3281 2825 3350 cogitant
2867 3269 3338 3350 quemadmodtmi
3369 3282 3605 3352 singulis

2006 3371 2258 3441 personis
2289 3369 2516 3424 verbum
2548 3373 2743 3440 aptent
2771 3370 3076 3423 secundum
3105 3369 3605 3441 qualitatessing'us

2005 3461 2207 3524 lorum,
2244 3457 2522 3529 quomodo
2554 3459 2764 3513 scilicet
2802 3458 2992 3522 servis,
3028 3459 3307 3527 quomodo
3337 3459 3600 3526 dominis,

2006 3549 2286 3618 quomodo
2330 3546 2594 3617 prmlatis,
2630 3547 2911 3616 quomodo
2972 3546 3258 3615 subjectis,
3321 3549 3601 3617 quomodo

2005 3636 2462 3705 simplicioribus,
2493 3631 2772 3704 quomodo
2807 3634 3250 3704 per-tectioribus,
3285 3635 3430 3689 sicut
3458 3637 3601 3690 Pau-

2005 3709 2224 3794 lus,qui
2261 3724 2529 3792 benignos
2562 3722 2893 3776 hortabatur
2912 3709 3268 3790 dominos,u't
3288 3724 3600 3778 miser-icon

2003 3797 2153 3866 diam
2184 3809 2575 3883 impenderent
2600 3813 2793 3877 servis,
2813 3812 3050 3866 scientes
3065 3812 3330 3882 quoniam
3351 3817 3600 3868 commu-

2003 3901 2088 3955 nis
2116 3901 2365 3956 omnium
2392 3900 2662 3956 Dominus
2691 3901 2749 3954 in
2798 3901 2939 3955 ccelo
2971 3904 3076 3958 est.
3135 3903 3333 3955 Servos
3371 3907 3595 3974 quoque

2001 3991 2268 4044 monebat
2297 3995 2359 4044 ut
2382 3989 2630 4044 debitum
2659 3987 3049 4059 impenderent
3077 3987 3338 4057 dominis,
3378 3994 3491 4044 non
3519 3991 3594 4044 ad

2001 4081 2223 4134 oculum
2254 4080 2578 4133 servientes.
2613 4079 2715 4133 Vel
2774 4084 2924 4132 certe
2969 4077 3291 4148 praeparant
3320 4074 3399 4143 se,
3459 4078 3591 4149 quia

314 4169 500 4224 niunt.
530 4170 673 4233 Quia
695 4186 826 4222 vero
852 4169 998 4239 ignis
1020 4168 1264 4223 mittitur
1294 4170 1348 4222 in
1379 4169 1682 4236 thuribulo,
1707 4169 1914 4223 utinde
2001 4187 2124 4240 quae
2147 4167 2500 4240 praedicaturi
2531 4169 2681 4232 sunt,
2717 4167 2872 4238 prius
2901 4167 3008 4237 ipsi
3046 4167 3280 4235 faciunt,
3313 4168 3591 4238 primum-

312 4260 503 4343 turnus
523 4263 845 4328 generetur,
870 4264 1023 4328 patet
1056 4257 1220 4322 (sicut
1245 4256 1455 4312 dictum
1503 4260 1613 4324 est)
1639 4258 1785 4329 quod
1816 4273 1916 4328 per
1935 4290 1979 4351 D—
1999 4271 2105 4328 quc
2135 4275 2201 4312 ea
2233 4258 2288 4311 in
2320 4259 2379 4311 se
2406 4255 2709 4311 ostendunt
2743 4255 2924 4320 factis,
2959 4255 3160 4310 deinde
3183 4244 3354 4309 etiam
3382 4254 3590 4325 verbis,

311 4335 668 4401 thuribulum
700 4344 756 4399 et
782 4345 901 4416 ipse
927 4347 1214 4410 Dominus,
1250 4349 1305 4400 et
1354 4349 1533 4400 totum
1565 4362 1765 4416 corpus
1793 4349 1912 4414 ejus
1938 4335 2059 4400 "at
2090 4347 2373 4417 simplices
2402 4347 2654 4416 exemplo
2676 4345 3007 4398 erudiuntur
3034 4345 3220 4415 operis
3247 4359 3260 4393 :
3292 4346 3592 4416 perfectio-

310 4437 666 4505 intelligitur,
690 4433 747 4489 in
764 4450 873 4506 quo
903 4434 1144 4489 mittitur
1174 4435 1317 4506 ignis
1341 4435 1584 4506 Spiritus
1616 4436 1812 4500 sancti,
1844 4437 1912 4489 de
1995 4452 2083 4489 res
2111 4452 2261 4500 vero,
2286 4435 2453 4489 verbo
2476 4434 2900 4489 exhortationis.
2951 4434 3040 4488 Sic
3070 4434 3218 4487 enim
3245 4433 3374 4489 fecit
3401 4439 3461 4489 et
3485 4435 3594 4488 Do-

311 4542 423 4596 quo
455 4522 730 4594 Dominus
758 4523 925 4577 dicit:
965 4526 1151 4590 Ignem
1184 4527 1540 4578 renimitterc
1589 4529 1649 4578 in
1680 4532 1906 4586 terram,

1994 4525 2199 4592 minus,
2227 4526 2387 4594 juxta
2443 4524 2590 4595 quod
2641 4524 2820 4577 Lutas
2876 4513 3011 4575 dicit
3041 4541 3052 4576 :
3084 4524 3222 4589 Quia
3255 4527 3409 4591 carpit
3434 4520 3588 4576 Jews

309 4613 461 4682 (Luc.
488 4614 606 4679 xu).
633 4614 743 4667 Isto
770 4613 899 4692 igne
922 4609 1080 4666 electi
1111 4614 1346 4674 accensi,
1391 4620 1445 4667 et
1496 4613 1714 4667 fumum
1751 4627 1903 4667 com-
1986 4616 2164 4682 facere
2193 4617 2241 4668 et
2264 4613 2447 4667 docere
2489 4615 2620 4671 (Act.
2656 4616 2716 4677 ι).

303 4701 627 4777 punctionis
657 4697 726 4755 ad
755 4695 934 4756 Deum
964 4717 1064 4773 per
1101 4702 1385 4768 Christum
1427 4702 1701 4773 dirigunt,
1742 4706 1796 4756 et
1834 4703 1904 4756 ad

302 4785 409 4847 Dei
441 4807 692 4846 amorem
720 4795 778 4844 et
797 4789 1036 4861 proximi
1061 4791 1461 4846 accenduntur.

378 4884 446 4937 Et
479 4883 682 4948 accepit
702 4877 933 4946 angelus
953 4880 1329 4946 "attributum,
1358 4886 1405 4933 ct
1424 4881 1825 4949 implerititI-ud
1845 4881 1908 4934 de

303 4975 434 5039 igne
456 4967 842 5023 altaris.Tunc
863 4967 1012 5021 enim
1039 4969 1272 5038 angelus
1299 4965 1645 5021 thuribulum
1669 4969 1903 5037 accepit,

2061 4702 2125 4756 Et
2151 4705 2372 4771 primus
2391 4703 2619 4769 angelus
2648 4701 2776 4754 tuba
2807 4694 3018 4754 cecinit.
3054 4691 3213 4761 Quod
3255 4703 3342 4752 est
3368 4699 3590 4769 primus

1990 4792 2246 4861 angelus,
2271 4791 2375 4845 hoc
2400 4792 2704 4861 sequentes
2739 4804 2749 4838 :
2786 4789 2919 4858 quia
2941 4787 3091 4857 quod
3118 4797 3287 4852 unus,
3310 4787 3415 4841 hoc
3452 4794 3588 4848 sunt

1989 4885 2046 4934 et
2069 4886 2302 4950 septem,
2332 4880 2388 4933 id
2407 4885 2508 4945 est,
2543 4877 2724 4931 omnis
2753 4877 2999 4930 Ecclesia
3026 4865 3370 4929 sanctorum.-
3414 4878 3481 4932 Et
3501 4879 3590 4945 νει-

1990 4971 2074 5022 cta
2101 4975 2173 5022 est
2203 4968 2417 5036 grando
2440 4973 2487 5021 et
2511 4969 2658 5033 ignis
2689 4969 2855 5019 mista
2876 4968 2938 5018 in
2964 4967 3252 5032 sanguine.
3276 4965 3386 5019 Per
3410 4977 3584 5036 gran-

302 5054 434 5130 cum
468 5057 742 5112 Dominus
771 5054 876 5110 sibi
921 5056 1073 5110 intra
1133 5064 1351 5112 uterum
1385 5058 1615 5127 virginis
1646 5063 1906 5110 naturam
1991 5056 2176 5111 dinem
2205 5057 2290 5110 ira
2316 5055 2714 5126 omnipotentis
2743 5053 2842 5107 Dei
2895 5053 3242 5123 designatur,
3275 5055 3426 5110 tmde
3451 5051 3588 5111 scri-

300 5151 610 5203 humanam
641 5147 946 5220 conjunxit,
970 5147 1055 5200 vel
1079 5163 1205 5200 cum
1230 5145 1473 5217 primum
1520 5147 1575 5199 in
1597 5145 1788 5200 Judma
1819 5144 1903 5198 di-
1987 5151 2145 5217 ptum
2177 5148 2262 5200 est
2285 5164 2296 5198 :
2323 5143 2647 5199 lraDomini
2669 5141 2814 5196 sicut
2834 5143 3049 5211 grando
3079 5143 3441 5198 descendens.
3484 5139 3587 5199 Per

299 5237 549 5308 scipulos
580 5237 769 5310 elegit,
798 5234 931 5305 quia
956 5252 1067 5288 non
1094 5233 1162 5288 de
1194 5236 1304 5288 alio
1334 5234 1554 5306 spiritu,
1587 5235 1683 5288 sed
1713 5251 1776 5288 ex
1813 5250 1902 5287 se-
1986 5235 2171 5304 ignem
2204 5235 2412 5296 autem,
2435 5232 2625 5285 odium
2639 5234 2694 5285 et
2722 5229 2932 5286 invidia
2957 5231 3294 5301 intelligitur
3310 5232 3580 5303 reprobus

298 5329 424 5399 ipso
451 5326 518 5378 de
542 5342 650 5395 quo
685 5323 918 5394 impleta
950 5330 1033 5378 est
1059 5323 1322 5388 Ecclesia,
1355 5324 1472 5395 ipse
1516 5324 1751 5394 replevit
1779 5339 1902 5377 cor-
1990 5339 2114 5378 rum
2155 5324 2419 5376 adversus
2441 5325 2682 5374 sanctos.
2708 5320 2910 5378 Statim
2940 5320 3091 5378 enim
3123 5325 3186 5374 ut
3205 5321 3443 5391 apostoli
3471 5333 3586 5374 cm-

298 5433 405 5488 pus
418 5431 584 5492 suum
594 5430 804 5482 ;verum
829 5418 1058 5468 caeteros
1077 5415 1146 5468 ad
1168 5414 1699 5483 mensuram,ipsum
1719 5419 1908 5466 autem
1993 5418 2199 5485 perunt
2224 5410 2522 5482 praedicare
2534 5411 2886 5479 grandinem,
2904 5410 2960 5463 id
2981 5414 3084 5473 est,
3129 5409 3430 5462 vindictam
3457 5405 3580 5473 Dei,

298 5499 594 5583 plenitudo
619 5501 849 5572 spiritus
872 5499 1142 5572 implevit.
1169 5499 1231 5556 Et
1255 5504 1407 5555 misit
1427 5504 1488 5555 in
1523 5506 1751 5559 terram.
1779 5501 1900 5557 Hoc
1999 5500 2219 5571 reprobi
2249 5499 2464 5553 accensi
2494 5503 2626 5552 sunt
2653 5499 2768 5553 sele
2798 5504 2856 5552 et
2897 5499 3044 5559 odio,
3074 5496 3227 5567 quod
3251 5507 3354 5565 per
3395 5495 3594 5563 ignem.
