4048 6172
471 228 611 288 1047

893 231 1269 291 HAYMONIS
1309 235 1796 294 HALBERSTAT.
1839 237 2063 294 EPISC.
2105 237 2265 293 OPP.
2308 235 2494 291 PARS
2533 233 2578 291 Ι.
2621 261 2688 276 -
2726 227 3098 287 COMMENT.
3140 227 3324 282 BIBL.

3596 219 3742 278 1048

471 359 817 430 designatur.
853 361 1012 427 Quod
1041 367 1231 417 autem
1252 367 1380 433 post
1405 363 1591 433 ignem
1613 365 1843 435 sanguis
1877 365 2125 436 sequi-A
2146 366 2286 445 Deus
2319 363 2576 431 autquod
2595 363 2798 414 colitur
2830 357 2914 423 (II
2944 356 3120 409 Thess.
3153 356 3236 419 ιι).
3267 353 3404 421 Igne
3427 349 3605 413 ardet,
3639 347 3746 402 hoc

473 455 589 514 tur,
613 450 682 504 ad
699 451 1118 506 damnationem
1143 451 1510 522 reproborum
1535 454 1798 523 pertinet,
1833 455 1963 525 quia
1993 453 2067 506 vi-

473 539 678 594 delicet
704 541 856 594 velut
883 540 1172 594 homicida:
1217 541 1526 596 humanum
1565 544 1896 613 sanguinem
1938 545 2067 598 fun-

471 623 689 689 dentes,
721 625 800 679 ita
823 625 963 679 tales
993 626 1088 696 qui
1118 626 1358 680 insecuti
1387 633 1520 681 sunt
1551 644 1706 681 veros
1745 629 2070 699 praedicato-

475 729 587 777 res,
634 713 913 784 peribunt,
946 714 1165 768 dicente
1224 715 1462 770 Domino
1497 735 1508 769 :
1544 719 1648 783 Qui
1677 720 1786 770 odit
1830 719 2068 785 fratrem

473 815 657 863 suum,
687 817 813 855 reus
827 806 933 856 erit
959 805 1177 870 judicio
1203 804 1415 871 (Matth.
1445 804 1520 875 v).
1547 807 1614 860 Et
1653 805 1902 861 Joannes
1928 821 1937 854 :
1963 807 2070 873 Qui

475 891 591 944 odit
619 891 856 957 fratrem
886 907 1072 957 suum,
1105 893 1384 947 homicida
1411 900 1486 947 est
1545 895 1593 962 (Ι
1616 898 1778 949 Joan.
1811 909 1915 949 tu».
1943 895 2069 948 Non

476 982 668 1032 autem
696 979 928 1046 mirum,
949 981 995 1033 si
1027 980 1157 1034 inde
1188 981 1350 1044 electi
1376 983 1734 1037 clementiam
1756 985 2064 1050 inveniunt,

476 1067 628 1122 unde
678 1067 901 1139 reprobi
945 1069 1087 1123 iram
1141 1070 1456 1130 incurrunt.
1497 1071 1716 1126 dicente
1753 1073 2019 1144 Apostolo
2055 1091 2066 1124 :

479 1155 620 1222 Quia
637 1158 767 1209 aliis
792 1173 912 1210 sum
923 1173 987 1210 us
1015 1159 1148 1210 odor
1168 1162 1362 1211 mortis
1408 1163 1470 1212 in
1500 1165 1749 1224 mortem,
1783 1163 1912 1214 aliis
1939 1163 2071 1214 odor

476 1247 600 1299 vitae
630 1247 694 1299 in
714 1249 890 1300 vitam
917 1247 994 1312 (ll
1024 1246 1145 1299 Cor.
1176 1247 1257 1314 ιι).
1289 1247 1357 1301 Et
1382 1247 1606 1302 Simeon
1638 1249 1707 1302 de
1733 1249 1853 1319 ipso
1881 1250 2076 1304 Domi-

475 1350 550 1389 no
574 1355 587 1386 ;
622 1335 751 1388 Ecce
773 1337 986 1402 positus
1004 1340 1077 1388 est
1101 1337 1188 1387 hic
1211 1339 1270 1389 in
1298 1339 1532 1390 ruinam
1548 1343 1595 1391 et
1617 1342 2073 1392 resurrectionem

461 1425 787 1478 multorum
817 1425 880 1476 in
911 1425 1084 1477 Israel
1116 1425 1259 1491 (Luc.
1293 1427 1374 1490 Il).
1409 1427 1474 1479 Et
1497 1429 1726 1480 missum
1751 1433 1826 1480 est
1856 1431 1916 1481 in
1959 1433 2068 1481 ter-

474 1526 623 1568 ram.
655 1515 705 1564 et
735 1513 898 1564 tertia
926 1527 1058 1580 pars
1089 1518 1247 1567 terra:
1261 1515 1539 1567 combusta
1562 1520 1656 1579 est,
1679 1521 1729 1568 et
1759 1519 1922 1568 tertia
1934 1531 2069 1584 pars

2149 439 2252 516 est,
2284 451 2500 505 malitia
2531 455 2584 503 et
2615 447 2822 501 invidia
2851 449 3164 514 torquetur.
3201 441 3358 495 Unde
3411 446 3469 492 et
3501 439 3746 509 primum

2149 541 2434 596 hominem
2457 538 2664 594 idcirco
2683 535 2920 606 decepit,
2947 533 3078 603 quia
3097 530 3294 584 invidit
3310 529 3554 583 eilocum
3579 541 3750 596 quem

2150 631 2270 700 ipse
2290 628 2629 700 perdiderat.
2661 625 2862 679 Missus
2883 626 2969 676 est
2987 620 3045 673 in
3065 634 3240 684 mare,
3261 618 3363 672 hoc
3376 621 3483 679 est,
3511 615 3567 668 in
3589 631 3752 668 mun-

2151 719 2307 784 dum,
2341 724 2399 771 et
2442 716 2499 769 in
2555 712 2812 769 cordibus
2862 709 3227 782 reproborum
3277 706 3537 759 habitare
3559 703 3749 772 coepit.

2151 808 2400 862 Canente
2430 805 2620 874 itaque
2644 801 2780 857 tuba
2801 799 3020 870 angelo,
3047 813 3208 852 mons
3235 810 3474 866 magnus
3504 793 3636 861 igne
3667 807 3756 844 ar-

2151 897 2288 950 dens
2318 896 2522 950 missus
2545 899 2630 947 est
2659 893 2714 945 in
2743 906 2916 956 mare,
2971 887 3103 959 quia
3139 885 3476 957 praedicante
3506 881 3758 935 Ecclesia

2152 986 2209 1040 in
2229 985 2344 1039 suis
2375 981 2715 1045 doctoribus,
2750 979 3008 1032 exclusus
3037 981 3123 1029 est
3151 974 3221 1028 ab
3251 973 3339 1026 his
3362 970 3626 1026 diabolus
3659 968 3756 1037 qui

2152 1076 2221 1129 ad
2251 1074 2419 1133 vitam
2452 1078 2719 1126 aeternam
2743 1072 2907 1122 erant
2930 1062 3311 1138 przeordinati,
3342 1067 3400 1114 et
3427 1057 3758 1130 compulsus

2159 1170 2245 1218 est
2274 1163 2455 1216 redire
2486 1160 2555 1214 ad
2585 1175 2735 1222 suos,
2770 1173 2881 1212 non
2911 1155 3059 1226 quod
3086 1155 3142 1207 in
3171 1153 3251 1206 eis
3277 1155 3406 1204 ante
3424 1164 3538 1202 non
3559 1147 3754 1211 fuerit,

2157 1253 2251 1307 sed
2273 1251 2420 1321 quod
2439 1249 2692 1320 abjectus
2711 1246 2780 1300 ab
2805 1245 2948 1309 istis,
2977 1261 3042 1297 eo
3070 1242 3311 1312 amplius
3330 1236 3584 1309 reprobis
3601 1237 3763 1288 dam-

2155 1342 2275 1396 nari
2305 1339 2490 1410 coepit.
2543 1339 2608 1391 Et
2639 1339 2787 1404 facta
2817 1340 2891 1388 cst
2925 1337 3089 1387 tertia
3111 1347 3246 1400 pars
3281 1332 3458 1381 maris
3498 1328 3758 1392 sanguis.

2153 1432 2244 1487 Sic
2271 1429 2450 1483 visum
2481 1432 2566 1482 est
2595 1426 2675 1479 illi
2700 1425 2908 1478 factum
2941 1423 3000 1476 in
3044 1420 3208 1483 mari,
3233 1419 3378 1472 sicut
3402 1416 3536 1470 olim
3571 1415 3764 1467 fuerat

2149 1521 2357 1573 factum
2414 1517 2474 1570 in
2531 1515 2792 1584 Egypto,
2836 1511 2907 1564 ad
2938 1523 3228 1579 egressum
3267 1506 3510 1560 ﬁliorum
3552 1500 3757 1554 Israel.

473 1601 742 1654 arborum
770 1600 1046 1653 combusta
1083 1606 1178 1666 est,
1211 1606 1258 1654 et
1289 1619 1448 1655 omne
1477 1604 1671 1669 fenum
1706 1605 1883 1658 viride
1928 1621 2070 1658 com-
2090 1674 2119 1676 _
2154 1609 2332 1663 Porro
2373 1621 2473 1676 per
2509 1619 2712 1673 aquam
2744 1601 2803 1654 in
2829 1598 3160 1669 sanguinem
3193 1610 3426 1658 versam,
3472 1590 3762 1662 sapientia

477 1690 701 1744 bustum
722 1693 817 1740 est.
849 1688 957 1742 Per
983 1693 1195 1742 terram
1223 1691 1434 1744 terreni
1467 1691 1721 1746 homines
1767 1674 2135 1762 designan-B
2156 1674 2395 1749 carnalis
2432 1689 2784 1760 intelligitur,
2825 1704 2948 1758 quae
2989 1686 3047 1739 in
3103 1683 3436 1753 sanguinem
3487 1679 3756 1741 vertitur,

473 1782 588 1838 tur,
618 1792 788 1846 super
818 1792 957 1847 quos
985 1776 1070 1830 ira
1085 1775 1485 1848 omnipotentis
1513 1778 1614 1832 Dei
1639 1779 1919 1834 cadit.Sed
1943 1797 2070 1834 cum

473 1865 688 1919 dictum
715 1869 819 1930 est,
861 1865 1010 1935 quod
1041 1866 1207 1918 tertia
1261 1882 1390 1936 pars
1440 1871 1606 1920 terrae
1645 1867 1942 1922 combusta
1962 1875 2064 1934 est,

471 1953 553 2008 sic
578 1953 854 2018 videntur,
887 1953 1005 2008 haec
1062 1953 1232 2008 verba
1281 1971 1500 2020 sonare,
1534 1957 1694 2026 quasi
1745 1957 1802 2011 in
1849 1957 2066 2012 duabus

473 2041 729 2114 partibus
784 2043 1088 2097 electorum
1143 2043 1333 2113 plures
1386 2046 1782 2108 remanserint,
1815 2063 1982 2117 quam
2009 2047 2068 2102 in

471 2131 642 2184 tertia
670 2131 958 2200 perierint,
982 2131 1080 2184 sed
1112 2147 1222 2184 non
1254 2136 1339 2184 est
1366 2131 1465 2195 ita,
1489 2133 1621 2201 quia
1651 2133 1918 2204 scriptum
1947 2141 2061 2189 est:

473 2219 636 2274 Multi
657 2225 792 2273 sunt
819 2219 1016 2285 vocati,
1049 2219 1214 2288 pauci
1246 2235 1376 2272 vero
1403 2221 1586 2274 electi.
1621 2220 1685 2274 In
1718 2222 1934 2276 duobus
1959 2224 2067 2277 ita-

474 2325 584 2380 que
611 2307 865 2378 partibus
893 2307 1448 2377 comprehenduntur
1473 2325 1667 2362 omnes
1689 2310 1838 2374 boni,
1865 2312 1958 2380 qui
1987 2313 2069 2366 di-

471 2396 575 2450 visi
601 2401 734 2450 sunt
760 2396 819 2449 in
850 2395 1001 2449 duali
1032 2412 1287 2461 numero,
1311 2395 1368 2450 id
1389 2402 1492 2453 est.
1511 2397 1567 2450 in
1589 2399 1833 2468 praelatis
1854 2406 1910 2454 et
1933 2401 2066 2454 sub-

468 2485 654 2556 jectis,
687 2484 743 2537 in
774 2483 1231 2554 praedicatoribus
1263 2490 1320 2538 et
1352 2485 1722 2553 auditoribus,
1756 2488 1824 2541 de
1863 2489 2066 2558 quibus

470 2573 851 2644 supradictum
878 2578 998 2626 est:
1052 2574 1256 2627 Beatus
1285 2574 1380 2644 qui
1429 2575 1564 2644 legit
1619 2583 1676 2629 et
1718 2578 1876 2630 audit
1902 2578 2068 2633 verba

471 2662 780 2734 prophetiae
829 2663 1016 2731 hujus.
1047 2662 1110 2716 In
1150 2662 1318 2716 tertia
1346 2670 1534 2718 autem
1562 2671 1721 2734 parte
1749 2683 1944 2721 omnes
1983 2685 2066 2722 re-

469 2750 651 2823 probi,
669 2751 726 2805 id
753 2756 840 2806 est
884 2751 1153 2816 hmretici,
1175 2752 1399 2822 pagani,
1449 2753 1646 2818 Judaei,
1683 2760 1740 2808 et
1767 2755 1892 2809 falsi
1917 2757 2066 2810 chri-

471 2839 659 2894 stiani.
687 2840 867 2910 Super
893 2840 996 2894 hos
1025 2855 1219 2894 omnes
1243 2841 1481 2910 grando,
1513 2842 1568 2895 id
1608 2848 1693 2896 est
1720 2843 1804 2896 ira
1831 2844 1953 2909 Dei,
1978 2861 2067 2898 ve-

469 2929 558 2984 nit
584 2933 642 2982 et
669 2928 817 2998 ignis
844 2934 1066 2983 aeternae
1091 2929 1490 2996 damnationis,
1522 2946 1649 2984 cum
1676 2932 1969 3002 sanguine,
2007 2934 2065 2986 id

472 3023 576 3084 est,
601 3017 843 3072 vindicta
870 3018 1155 3072 homicidii
1211 3025 1268 3072 et
1322 3025 1652 3074 caeterorum
1691 3026 2066 3091 peccatorum,

472 3123 596 3178 quae
626 3122 726 3176 per
749 3106 1079 3176 sanguinem
1139 3107 1552 3177 intelliguntur,
1581 3109 1744 3178 juxta
1775 3110 1948 3164 illud:
1986 3113 2070 3164 Li-

474 3197 601 3248 bera
633 3211 718 3248 me
743 3196 807 3248 de
834 3197 1202 3261 sanguinibus
1255 3197 1425 3265 (Psal.
1474 3199 1544 3263 ι).
1591 3197 1800 3251 Verum
1840 3199 1944 3251 hoc
1983 3204 2068 3253 est

470 3289 648 3349 terra,
673 3282 822 3351 quod
864 3281 1112 3347 arbores,
1145 3282 1201 3336 id
1255 3289 1341 3337 est
1371 3285 1646 3340 malorum
1679 3303 1920 3341 summa.
1954 3288 2065 3358 Ipsi

472 3371 624 3427 enim
652 3375 786 3424 sunt
812 3375 965 3424 terra
993 3379 1305 3441 qumrentes
1326 3378 1570 3438 terrena,
1594 3374 1700 3445 ipsi
1727 3392 1948 3446 quoque
1981 3393 2066 3429 ar-

470 3459 636 3514 bores
664 3458 1032 3514 instabilitate
1059 3465 1344 3527 nutantes,
1376 3462 1445 3515 de
1475 3462 1676 3533 quibus
1704 3481 1805 3534 per
1831 3467 2068 3534 Aposto-

469 3550 590 3604 lum
621 3549 828 3602 dicitur
860 3575 869 3605 :
908 3549 976 3602 Hi
1028 3555 1161 3603 sunt
1214 3549 1442 3604 arbores
1475 3553 1852 3618 autumnales,
1883 3553 2064 3608 infru-

469 3644 694 3700 ctuosae,
723 3637 1036 3703 eradicatze,
1070 3638 1154 3692 bis
1201 3645 1452 3693 mortuae.
1485 3641 1644 3704 Quod
1683 3648 1872 3695 autem
1900 3658 2065 3696 omne

467 3728 658 3782 fenum
683 3727 860 3782 viride
886 3727 1240 3782 combustum
1271 3744 1393 3782 esse
1421 3729 1643 3795 dicitur,
1675 3731 1914 3800 repetita
1943 3748 2064 3784 sen-

469 3815 649 3872 tentia
677 3821 784 3882 est,
806 3815 863 3870 in
892 3815 1062 3870 tertia
1081 3821 1240 3886 parte
1270 3816 1500 3880 scilicet,
1524 3818 1670 3871 sicut
1690 3828 1745 3872 et
1774 3836 1965 3889 supra,
2007 3819 2064 3872 id

469 3912 556 3963 est
584 3909 898 3960 memorata
924 3921 1055 3976 pars
1083 3905 1363 3960 malorum
1412 3906 1509 3976 qui
1537 3906 1727 3960 fenum
1766 3914 1916 3972 sunt,
1958 3908 2062 3962 hoc

467 3993 893 4062 est,illecebrosi
921 4000 978 4048 et
1005 3994 1624 4066 voluptuosi,luxuriam
1644 4011 1800 4050 suam
1819 4014 2060 4067 sequen-

469 4089 574 4140 tes.
607 4085 686 4138 De
714 4083 922 4138 talibus
938 4083 1210 4154 propheta
1240 4082 1376 4136 dicit
1407 4104 1418 4136 :
1457 4085 1649 4138 Omnis
1665 4101 1792 4137 caro
1841 4087 2056 4152 fenum,

467 4180 516 4228 et
540 4177 720 4228 omnis
748 4175 931 4240 gloria
969 4175 1085 4239 ejus
1111 4177 1171 4223 ut
1202 4176 1299 4240 [los
1328 4174 1448 4239 feni
1473 4175 1596 4239 ([sa.
1631 4172 1744 4243 XL).
1779 4174 1899 4237 Quo
1928 4191 2061 4227 con-

2155 1783 2382 1854 quando
2398 1787 2591 1852 aperte
2610 1779 2759 1832 mala
2781 1793 2949 1847 agere
2959 1774 3276 1846 persuadet,
3301 1787 3414 1824 non
3443 1770 3627 1823 solum
3662 1784 3763 1821 eos

2153 1872 2248 1942 qui
2278 1877 2433 1925 extra
2454 1867 2777 1929 Ecclesium,
2803 1865 2900 1919 sed
2961 1864 3130 1918 etiam
3179 1860 3472 1915 haereticos
3501 1865 3560 1911 et
3585 1858 3764 1911 falsos

2151 1961 2486 2015 christianos
2511 1957 2607 2028 qui
2637 1971 2768 2009 suas
2793 1954 3109 2007 voluntates
3139 1950 3298 2020 sequi
3337 1947 3754 2010 desiderantes,

2149 2048 2447 2103 defendere
2471 2063 2530 2099 se
2555 2051 2847 2108 conantur,
2863 2046 2981 2113 per
3009 2057 3168 2094 suam
3191 2037 3528 2108 sapientiam
3558 2043 3615 2088 et
3635 2035 3758 2088 ina-

2149 2154 2278 2192 nem
2302 2134 2730 2207 phiIOSOphiam.
2751 2131 2910 2186 Unde
2931 2130 3201 2200 scriptum
3227 2134 3310 2181 est
3337 2145 3348 2179 ε
3383 2129 3592 2180 Littera
3615 2128 3760 2177 occi-

2149 2229 2250 2290 dit,
2281 2229 2512 2294 spzritus
2542 2228 2728 2276 autem
2759 2224 2994 2286 viri/icat
3027 2221 3105 2282 (Il
3157 2220 3285 2273 Cor.
3326 2218 3429 2282 ιιι).
3474 2215 3541 2267 Et
3570 2214 3653 2266 sic
3681 2211 3753 2264 ad

2150 2313 2572 2386 perversitatem
2608 2310 2815 2364 erroris
2846 2309 3081 2362 vertitur
3108 2305 3384 2376 sapientia
3405 2303 3761 2357 carnisTer-

2150 2404 2231 2457 tia
2259 2409 2445 2456 autem
2479 2417 2609 2472 pars
2630 2406 2900 2453 creatura)
2921 2415 3044 2468 quae
3074 2403 3296 2449 mortua
3353 2401 3437 2447 est
3479 2393 3536 2445 in
3578 2391 3754 2454 mari,

2148 2491 2453 2546 secundum
2474 2490 2798 2560 praedictum
2815 2485 3460 2554 sensum,intelliguntur
3475 2479 3761 2546 haeretici,

2147 2580 2271 2633 falsi
2296 2577 2606 2640 christiani,
2647 2576 2868 2647 pagani,
2901 2581 2957 2628 et
2978 2573 3179 2638 Judaei,
3224 2571 3339 2642 qui,
3392 2570 3521 2622 licet
3561 2569 3762 2620 vivant

2146 2684 2397 2738 corpore,
2434 2666 2640 2720 mortui
2670 2671 2802 2719 sunt
2848 2664 2907 2718 in
2935 2664 3144 2724 anima,
3199 2666 3254 2714 et
3307 2661 3364 2713 in
3401 2659 3504 2712 hoc
3535 2657 3762 2710 mundo

2147 2757 2292 2810 versi
2321 2761 2454 2810 sunt
2474 2755 2530 2808 in
2557 2754 2911 2824 sanguinem,
2940 2752 2995 2805 id
3019 2757 3123 2814 est,
3154 2751 3211 2803 in
3268 2746 3757 2819 perpetrationem

2149 2846 2426 2899 malorum
2457 2860 2712 2915 operum,
2740 2859 2862 2914 quae
2884 2847 2944 2896 ut
2966 2841 3225 2905 diximus,
3255 2836 3636 2906 designantur
3655 2851 3762 2906 per

2146 2932 2500 3003 sanguinem.

2228 3024 2290 3078 Et
2317 3025 2483 3076 tertia
2506 3037 2638 3090 pars
2659 3025 2892 3074 navi-mn
2919 3021 3158 3073 interiit.
3177 3018 3357 3072 Naves
3378 3020 3432 3069 et
3449 3014 3507 3068 in
3533 3013 3762 3068 bonam

2151 3117 2369 3182 partem
2400 3115 2706 3181 ponuntur,
2739 3115 2796 3163 et
2821 3110 2879 3162 in
2908 3108 3134 3162 malam.
3163 3105 3230 3160 In
3259 3105 3477 3168 bonam,
3508 3109 3577 3156 ut.
3609 3103 3763 3172 legi-

2149 3218 2274 3254 mus
2295 3201 2353 3254 in
2386 3199 2704 3270 Evangelio,
2739 3198 2885 3268 quod
2934 3199 3207 3250 Dominus
3235 3195 3522 3247 ascendens
3550 3194 3620 3244 in
3660 3208 3763 3245 na-

2147 3294 2280 3355 vim,
2305 3291 2440 3343 abiit
2465 3294 2622 3342 trans
2637 3288 2839 3354 fretum
2865 3288 3060 3354 (Marc.
3093 3285 3260 3351 v1).ln
3289 3281 3512 3346 malam,
3535 3287 3607 3333 ut
3641 3280 3756 3334 hic.

2147 3379 2340 3433 Tertia
2367 3384 2555 3432 autem
2582 3393 2712 3447 pars
2750 3375 2974 3430 navium
2992 3375 3049 3428 in
3082 3372 3359 3444 prmdictis
3383 3370 3672 3424 luereticis
3702 3376 3765 3424 et

2148 3468 2363 3521 caeteris
2383 3467 2737 3536 intelligitur.
2770 3465 2866 3535 qui
2897 3463 3108 3533 absque
3137 3461 3513 3531 gubernatore
3548 3458 3761 3513 femu-

2147 3562 2260 3619 tur,
2296 3556 2532 3626 ideoque
2554 3555 2611 3608 in
2636 3553 2777 3607 mari
2805 3553 2967 3606 istius
2996 3550 3186 3605 saeculi
3212 3549 3468 3603 ﬂuctibus
3498 3548 3763 3601 tundun-

2146 3652 2241 3700 tur
2271 3651 2326 3699 et
2355 3644 2816 3714 submerguntur.

2218 3736 2282 3788 Et
2315 3737 2510 3787 tertius
2552 3735 2781 3800 angelus
2837 3733 2966 3784 tuba
2993 3733 3206 3794 cecinit,
3235 3734 3282 3782 et
3312 3728 3497 3781 cecidit
3527 3727 3592 3779 de
3623 3730 3760 3781 rario

2145 3825 2302 3876 stella
2317 3839 2521 3890 magna
2536 3823 2736 3875 ardens
2760 3827 3027 3888 tanquam
3047 3821 3256 3886 facula.
3273 3816 3431 3880 Quod
3459 3816 3612 3869 enim
3639 3818 3761 3887 pri-

2145 3928 2270 3965 mus
2302 3911 2554 3981 angelus,
2589 3911 2693 3964 hoc
2722 3909 3000 3964 secundus
3027 3915 3084 3962 et
3109 3907 3310 3961 tertius
3348 3912 3404 3959 et
3439 3905 3652 3970 caeteri,
3698 3905 3756 3958 id

2145 4006 2246 4064 est,
2261 3999 2589 4054 universalis
2607 3999 2862 4052 Ecclesiae
2891 3997 3301 4068 praedicatores.
3341 3994 3446 4049 Sed
3484 3994 3619 4065 quia
3642 3995 3755 4047 sibi

2144 4088 2380 4142 invicem
2402 4089 2725 4154 succedunt,
2747 4088 2912 4141 sicuti
2934 4093 3212 4157 martyres
3229 4083 3755 4155 apostolis,ipsique

2145 4177 2488 4248 martyribus
2509 4179 2854 4231 confessores
2885 4180 2941 4230 et
2969 4175 3234 4245 virgines,
3267 4174 3392 4226 ideo
3417 4171 3605 4226 taliter
3639 4173 3757 4227 dis-

465 4268 554 4317 tra
591 4280 602 4316 :
637 4262 744 4324 Qui
773 4261 842 4314 de
871 4260 1110 4331 panibus
1153 4259 1252 4313 Dei
1290 4260 1634 4325 reﬁciuntur,
1669 4279 1838 4333 super
1866 4263 2054 4317 fenum
2075 4267 2499 4335 Dtinguuntur,
2539 4272 2605 4320 ut
2632 4265 2853 4319 dicatur
2900 4263 3134 4334 primus,
3177 4262 3474 4325 secundus,
3515 4262 3750 4326 tertius,

467 4348 848 4415 discumbunt,
877 4349 1010 4418 quia
1040 4364 1235 4402 omnes
1263 4348 1322 4402 in
1369 4365 1428 4402 se
1458 4351 1711 4405 carnales
1748 4351 2060 4422 voluptates

464 4439 863 4510 comprimunt.

537 4529 603 4583 Et
617 4529 887 4582 secundus
905 4527 1133 4593 angelus
1151 4528 1281 4580 tuba
1318 4529 1530 4590 cecinit,
1553 4533 1602 4581 et
1623 4533 1887 4598 tanquam
1907 4547 2062 4584 mons

465 4634 706 4687 magnus
737 4620 860 4685 igne
888 4615 1089 4670 ardens
1117 4619 1319 4670 missus
1344 4621 1418 4669 cst
1448 4620 1511 4669 in
1555 4632 1726 4670 mare.
1754 4617 1914 4671 Mons
1939 4634 2061 4672 ma-

463 4725 612 4782 gnus
631 4713 720 4764 est
745 4706 1018 4769 diabolus,
1055 4706 1150 4776 qui
1177 4722 1237 4760 se
1266 4706 1482 4760 extollit
1501 4705 1558 4759 in
1581 4707 1936 4761 altitudinem
1970 4724 2058 4762 su-

461 4797 688 4870 perbiae,
722 4797 870 4852 unde
899 4802 958 4850 et
984 4795 1042 4849 in
1073 4795 1346 4866 principio
1377 4812 1490 4849 suae
1535 4796 1834 4849 creationis
1880 4797 2056 4852 voluit

380 4945 386 4951 _
463 4887 586 4940 fieri
614 4887 811 4942 similis
836 4886 918 4940 illi
947 4885 1016 4938 de
1046 4901 1156 4954 quo
1176 4885 1446 4954 scriptum
1474 4889 1558 4937 est
1591 4905 1602 4939 :
1637 4885 1760 4938 Erit
1792 4887 1854 4938 in
1882 4889 2058 4939 novis-

463 4978 622 5028 simis
649 4977 837 5029 diebus
855 4979 1204 5042 preparatus
1220 4990 1375 5026 mons
1399 4974 1593 5028 domus
1613 4975 1840 5027 Domini
1864 4978 1928 5028 in
1941 4990 2058 5028 vcr-

463 5066 562 5117 tice
583 5066 881 5126 montium,
915 5065 1098 5116 dicens
1131 5082 1146 5116 :
1178 5062 1482 5118 Ascendam
1509 5078 1672 5130 super
1694 5063 2057 5116 altitudinem

463 5153 723 5216 nubium,
754 5156 802 5205 et
831 5166 922 5204 ero
951 5153 1154 5205 similis
1183 5154 1466 5206 Attissimo
1496 5153 1613 5204 -Isa.
1634 5165 1676 5204 II
1707 5157 1763 5205 et
1791 5155 1920 5219 inv).
1953 5152 2054 5206 Vel

460 5240 632 5296 etiam
655 5246 953 5311 prepterea
968 5256 1128 5295 mons
1148 5240 1482 5312 appellatur,
1517 5239 1649 5310 quia
1668 5240 1725 5294 in
1748 5241 2052 5295 novissimo

456 5336 710 5402 tempore
726 5330 1076 5400 ingredietur
1101 5330 1380 5401 perditum
1403 5329 1773 5395 hominem,et
1791 5330 1909 5400 ipse
1932 5329 2052 5384 Deo

454 5419 698 5476 similem
724 5435 786 5474 se
815 5435 938 5474 esse
963 5420 1240 5482 ostendet,
1261 5420 1424 5489 juxta
1443 5419 1592 5490 quod
1613 5420 1914 5490 Apostolus
1929 5419 2046 5473 ait:

451 5509 852 5584 Adversabitur
874 5514 927 5566 et
970 5511 1261 5566 extolletur
1287 5523 1453 5580 super
1479 5524 1638 5565 omne
1667 5510 1813 5577 quod
1837 5511 2052 5564 dicitur

2143 4360 2200 4408 et
2223 4355 2428 4408 caeteri.
2454 4356 2580 4425 Ipse
2605 4360 2795 4408 autem
2819 4353 3148 4423 designatur
3168 4367 3268 4422 per
3289 4351 3532 4415 stellam,
3563 4351 3664 4420 qui
3694 4357 3755 4405 et

2145 4461 2246 4514 per
2272 4449 2541 4509 montem,
2591 4443 2860 4513 antiquus
2915 4441 3170 4495 videlicet
3218 4440 3414 4503 hostis,
3459 4441 3553 4510 qui
3593 4439 3755 4494 inter

2145 4537 2346 4586 caetera
2399 4532 2522 4586 coeli
2559 4533 2711 4586 clara
2749 4531 2964 4585 lumina
3001 4536 3241 4589 creatus,
3274 4529 3517 4599 primum
3558 4529 3754 4584 adhuc

2142 4627 2366 4676 tantum
2397 4637 2601 4674 nomen
2631 4620 2854 4684 retinet,
2906 4635 3018 4672 non
3049 4618 3196 4688 quod
3224 4618 3428 4682 luceat,
3471 4618 3567 4670 sed
3608 4619 3756 4688 quia

2140 4711 2198 4764 in
2238 4711 2501 4780 angelum
2542 4710 2682 4763 lucis
2718 4725 2777 4762 se
2815 4709 3199 4777 transﬁgurat.
3241 4707 3386 4759 Nam
3427 4711 3484 4759 et
3512 4705 3573 4760 in
3602 4709 3753 4762 coelo

2137 4800 2302 4853 stella
2337 4815 2541 4868 magna
2570 4793 2789 4852 Lucifer
2816 4796 3150 4867 appellatur,
3193 4811 3316 4864 quae
3350 4811 3463 4864 prae
3524 4797 3753 4850 caeteris

2137 4888 2302 4941 lucet.
2333 4887 2400 4940 Et
2419 4887 2490 4940 ad
2510 4887 2692 4957 ipsum
2714 4902 2814 4956 per
2829 4884 3037 4938 Isaiam
3059 4884 3293 4937 dicitur:
3318 4885 3595 4950 Quomodo
3613 4889 3753 4936 ceci-

2137 4978 2288 5040 disti,
2314 4977 2551 5042 Lucifer,
2577 4979 2678 5042 qui
2696 4990 2858 5027 mane
2885 4975 3152 5026 oriebaris
3185 4975 3313 5037 (Isa.
3334 4971 3485 5033 xw}?
3513 4972 3582 5025 Et
3609 4974 3752 5042 quia

2139 5065 2307 5118 etiam
2331 5080 2443 5134 prae
2465 5063 2678 5117 caeteris
2706 5061 3003 5124 sideribus,
3029 5061 3083 5113 id
3107 5066 3193 5114 est
3232 5060 3497 5129 angelicis
3525 5061 3750 5130 spiriti-

2137 5151 2240 5206 bus
2262 5153 2418 5218 luxit,
2440 5158 2590 5206 recte
2611 5167 2723 5204 non
2746 5150 3080 5221 simpliciter
3107 5149 3288 5208 stella,
3319 5148 3412 5202 sed
3430 5165 3558 5202 cum
3580 5149 3752 5203 addi-

2137 5247 2387 5296 tamento
2418 5241 2580 5295 stella
2611 5256 2815 5310 magna
2845 5247 3091 5292 vocatur.
3118 5237 3331 5291 Cecidit
3349 5237 3417 5289 de
3439 5237 3602 5298 coelo,
3636 5239 3751 5292 hoc

2135 5336 2237 5395 est,
2269 5330 2338 5383 de
2368 5331 2634 5384 societate
2663 5328 3010 5398 angelorum,
3042 5328 3203 5396 juxta
3235 5324 3374 5378 illud
3408 5343 3418 5378 :
3487 5326 3748 5379 Videbam

2133 5419 2404 5474 Satanam
2419 5421 2585 5486 quasi
2597 5419 2865 5485 fulgurde
2888 5419 3014 5470 calo
3035 5416 3311 5468 cadentem
3338 5415 3468 5478 (Luc
3495 5418 3570 5470 Χ).
3595 5415 3748 5478 Quia

2132 5525 2262 5563 vero
2285 5514 2584 5579 postquam
2613 5506 2814 5562 cecidit
2853 5506 3100 5560 humano
3142 5501 3338 5575 generi
3366 5501 3590 5573 invidit,
3624 5519 3748 5557 me-
