4048 6172
288 259 430 320 1049
1213 258 1594 315 EXPOSITIO
1626 259 1701 314 1N
1732 240 2254 314 APOCALYPSIN.
2296 274 2361 299 —-
2394 253 2532 309 LIB.
2556 250 2632 307 Π.
3422 236 3560 300 1050

290 390 402 444 rito
424 394 696 459 tanquam
726 384 909 440 facula
950 383 1155 438 ardens
1196 384 1469 455 appellari
1511 383 1722 447 debuit,
1757 382 2225 454 quiaAfestatur,
2265 380 2529 453 quoniam
2562 378 2745 449 ipsum
2778 373 3058 429 modicum
3080 371 3271 427 lumen
3302 368 3453 442 quod
3475 365 3561 419 vi-

290 458 559 532 videlicet,
577 476 738 530 ardet
762 474 999 535 invidia,
1029 479 1084 528 et
1112 478 1294 527 totum
1337 472 1609 526 mundum
1640 488 1897 525 consum-
1977 472 2217 527 debatur
2244 470 2471 533 habere,
2512 465 2776 539 perdidit,
2803 463 2885 517 ita
2912 463 2990 516 illi
3021 461 3214 517 statim
3239 464 3304 513 ut
3331 458 3389 512 in
3427 469 3563 509 con-

290 566 428 637 psit.
457 566 618 621 Unde
646 569 765 619 est:
802 564 1024 619 Invidia
1049 563 1259 616 diaboli
1288 577 1436 615 mors
1461 563 1697 615 intravit
1730 563 1790 614 in
1810 576 1896 614 or-
1924 590 1929 593 τ
1976 566 2169 633 spectu
2189 557 2628 615 examinantium
2656 552 2839 624 ‘positi
2870 556 3021 614 sunt,
3054 549 3312 620 cognitus
3352 548 3441 599 est
3475 557 3566 597 eo-

295 658 414 711 bem
445 661 730 709 terrarum
761 654 938 724 (Rom.
981 660 1058 720 v).
1976 632 2101 706 rum
2135 656 2375 718 error,et
2395 647 2490 718 qui
2513 644 2671 716 prius
2690 640 3022 696 videbantur
3040 640 3229 693 lucere
3253 651 3354 705 per
3371 632 3561 697 ﬁdem,

364 746 431 800 Et
460 744 651 798 cecidit
679 746 742 796 in
770 744 993 795 tertiam
1015 745 1231 809 partem
1257 742 1598 809 ﬂuminum;
1625 741 1753 793 etin
1773 741 1895 806 fon—
1975 743 2264 811 ceperunt
2318 734 2624 798 obscurari,
2666 737 2723 785 et
2766 730 2836 785 ab
2886 728 3131 783 Ecclesia
3177 723 3393 797 expulsi
3432 723 3567 776 sunt

296 839 369 887 tes
387 829 860 901 aquaruin.Quod
889 834 1021 883 sunt
1050 828 1307 892 ﬂumina,
1335 828 1442 882 hoc
1470 832 1603 882 sunt
1618 832 1675 881 et
1690 826 1890 881 fontes.
1975 832 2205 900 propter
2230 841 2393 881 suam
2418 820 2826 878 inﬁdelitatem.
2853 818 3010 883 Quod
3029 816 3166 870 dicit
3187 830 3200 870 :
3225 811 3417 869 Tertia
3434 825 3567 881 pars

291 920 554 974 Flumina
579 920 728 973 enim
759 935 795 972 a
820 917 1067 972 fontibus
1099 918 1378 984 oriuntur,
1411 921 1468 971 et
1496 916 1577 969 sic
1625 916 1696 969 ad
1738 932 1895 971 mare
1976 898 2109 973 solis
2138 931 2400 988 percussa
2420 916 2523 977 est,
2561 915 2691 976 etc.,
2724 908 2859 962 solis
2889 905 3172 978 percussio
3196 902 3267 958 ad
3295 898 3565 966 diem,lu-

290 1015 546 1064 currunt.
574 1011 749 1080 Aquae
795 1011 986 1061 autem
1044 1007 1253 1070 multae,
1284 1006 1476 1077 populi
1529 1005 1693 1059 multi
1739 1010 1889 1059 sunt.
1976 1022 2061 1061 nae
2089 1010 2276 1059 autem
2309 1003 2394 1057 vel
2424 1001 2735 1061 stellarum,
2760 994 3053 1051 referenda
3078 997 3165 1048 est
3188 992 3271 1062 fad
3306 992 3562 1047 noctem;

290 1099 539 1170 Ideoque
554 1098 646 1153 hic
663 1096 899 1151 ﬂumina
920 1096 1005 1150 vel
1037 1095 1219 1150 fontes
1238 1096 1388 1167 ipsos
1414 1093 1703 1149 haereticos
1720 1093 1892 1164 signi-
1976 1094 2336 1165 Signiﬁcatur
2364 1096 2552 1145 autem
2581 1089 2640 1142 in
2674 1088 2790 1142 sole
2821 1089 3050 1157 apertus
3089 1097 3248 1137 error
3280 1076 3569 1133 haeretico-

292 1164 487 1253 ﬁcant,
520 1193 576 1241 et
613 1190 844 1241 caeteros
870 1185 966 1257 qui
997 1184 1101 1239 sub
1130 1164 1301 1238 tertia
1325 1187 1486 1254 parte
1523 1182 1892 1253 comprehen-
1974 1199 2124 1252 rum,
2148 1183 2206 1236 in
2233 1181 2369 1235 luna
2396 1180 2482 1233 vel
2507 1177 2684 1232 stellis
2713 1174 2985 1236 occultus,
3019 1171 3152 1243 quia
3173 1168 3403 1241 quidam
3439 1164 3568 1218 illo-

291 1277 527 1342 duntur,
556 1276 617 1330 in
647 1291 786 1348 quos
816 1273 1068 1328 diabolus
1097 1272 1313 1334 cecidit,
1349 1288 1478 1326 cum
1513 1272 1762 1324 humano
1800 1287 1894 1341 ge-
1975 1289 2101 1327 rum
2131 1270 2362 1341 apertis,
2390 1268 2617 1339 quidam
2644 1270 2831 1319 autem
2861 1261 3092 1317 occultis
3110 1253 3567 1331 persuasionibus

292 1365 422 1421 neri
452 1347 677 1429 invidit,
700 1368 758 1416 et
780 1379 881 1433 per
918 1378 1013 1415 eos
1052 1361 1368 1415 doctrinam
1400 1359 1607 1413 erroris
1655 1357 1895 1412 semina-
1973 1362 2032 1415 in
2057 1360 2282 1425 abditis,
2298 1375 2438 1429 quos
2464 1359 2700 1428 possunt
2718 1347 3351 1422 decipiunt.Notandum
3376 1347 3570 1398 autem

293 1455 397 1509 vit.
422 1453 582 1519 Quod
619 1453 731 1506 tale
757 1457 861 1517 est,
896 1451 1058 1522 quasi
1097 1450 1307 1505 diceret
1328 1450 1385 1504 in
1416 1447 1642 1503 tertiam
1675 1453 1892 1519 partem
1977 1450 2125 1522 quod
2153 1465 2265 1504 non
2294 1447 2433 1501 dicit
2464 1461 2478 1501 :
2514 1446 2786 1499 Percussa
2816 1444 2902 1495 est
2926 1437 3096 1493 tertia
3124 1451 3254 1507 pars
3295 1446 3491 1488 eorum
3512 1433 3571 1482 et

295 1542 596 1596 hominum
622 1560 634 1609 ;
657 1541 808 1595 unde
836 1539 1122 1594 subditur:
1978 1518 2397 1603 obscurata,sed
2421 1553 2433 1590 :
2454 1535 2725 1593 Percussa
2749 1534 2831 1585 est
2852 1533 2917 1584 ut
2935 1527 3352 1586 obscuraretur,
3370 1520 3442 1574 ad
3464 1518 3572 1572 hoc

370 1632 439 1686 Et
470 1603 669 1685 nomen
697 1632 861 1684 stella:
877 1628 1373 1696 absynthium.Per
1386 1627 1898 1699 absynthium,quae
1918 1696 1947 1699 Δ
1979 1627 2191 1682 scilicet
2220 1639 2484 1695 percussa
2512 1626 2592 1677 est
2610 1625 2672 1674 ut
2696 1623 2889 1690 postea
2916 1606 3473 1679 obscuraretur,quia
3490 1603 3575 1660 illi

295 1720 658 1776 amarissima
686 1724 771 1773 est
799 1717 1251 1781 herba,doctrina
1276 1696 1668 1771 haereticorum
1693 1714 1897 1770 intelli—
1911 1696 1960 1757 Β
1979 1717 2237 1772 videlicet
2253 1711 2692 1768 vulnerabantur
2711 1707 2924 1762 occulte
2942 1704 2999 1757 in
3015 1702 3426 1771 mente,postea
3443 1707 3575 1748 vero

297 1811 456 1882 gitur
474 1824 756 1879 perversa,
784 1807 879 1878 qui
902 1824 1001 1878 per
1029 1823 1188 1861 suam
1218 1806 1523 1861 falsitatem
1542 1804 1894 1860 dulcedinem
1979 1803 2441 1867 obscurabuntur,
2474 1797 2699 1871 quando
2719 1795 2789 1850 ab
2815 1792 3061 1850 Ecclesia
3082 1787 3502 1861 expellebantur
3516 1785 3576 1837 et

301 1871 433 1955 ﬁdei
455 1871 852 1952 converterunt
873 1871 931 1949 in
952 1895 1385 1949 amaritudinem
1407 1895 1653 1967 perfidiae
1672 1899 1730 1948 et
1748 1908 1899 1948 erro-
1979 1890 2600 1949 anathematizabantur
2626 1891 2837 1958 aperte.
2870 1882 2979 1938 Sed
3007 1897 3079 1935 ne
3102 1878 3304 1933 talium
3333 1871 3575 1946 perditio

297 1988 380 2042 ris
419 1993 478 2041 et
517 1985 878 2057 operationis,
922 1985 1054 2056 quia
1092 1984 1275 2038 omnis
1308 1959 1559 2055 ope-ratio
1587 1982 1813 2036 illorum
1843 1985 1901 2035 et
1980 1985 2051 2040 ad
2080 1984 2259 2038 Deum
2284 1980 2577 2043 referatur,
2602 1975 2706 2029 hoc
2737 1972 2886 2045 quod
2923 1972 2993 2025 de
3023 1966 3265 2042 praefatis
3282 1959 3576 2057 luminari-

296 2076 557 2130 doctrina
575 2075 633 2129 in
647 2073 1083 2128 amaritudinem
1104 2090 1264 2127 versa
1285 2079 1387 2127 est.
1410 2073 1631 2142 Ejectus
1659 2070 1807 2125 enim
1827 2069 1898 2125 ab
1980 2072 2083 2127 bus
2111 2070 2334 2131 dicitur,
2368 2069 2641 2122 Percussa
2669 2069 2754 2117 est
2778 2060 2948 2115 tertia
2988 2073 3117 2129 pars
3156 2069 3351 2110 eorum
3380 2055 3445 2105 ut
3472 2047 3574 2104 ob-

296 2164 492 2220 electis
519 2164 784 2234 antiquus
811 2162 1010 2228 hostis,
1037 2164 1172 2215 dum
1202 2161 1467 2232 reprobos
1494 2160 1709 2214 invadit
1737 2175 1897 2214 men-
1979 2165 2321 2224 scuraretur,
2347 2157 2428 2211 sic
2455 2153 2821 2223 intelligatur,
2863 2149 3008 2203 sicut
3034 2163 3131 2200 cor
3159 2140 3469 2199 Pharaonis
3503 2137 3576 2192 ab

293 2255 481 2321 dacio,
517 2253 640 2307 illos
674 2268 888 2307 veneno
926 2251 1121 2305 inﬁcit.
1155 2250 1504 2305 Mendacium
1553 2257 1741 2303 autem
1785 2265 1897 2302 non
1979 2252 2100 2323 ipso
2120 2245 2609 2309 induraridicitur,
2632 2242 2793 2311 cujus
2809 2234 3336 2307 duritiaperipsum
3351 2226 3573 2283 miseri-

296 2344 485 2398 solum
531 2358 804 2413 perversae
855 2339 1229 2405 credulitatis,
1269 2355 1467 2395 verum
1521 2338 1688 2393 etiam
1740 2339 1899 2393 malze
1981 2314 2225 2394 corditer
2254 2351 2366 2391 non
2393 2332 2695 2389 emollitur.
2718 2330 2914 2398 Neque
2934 2324 3081 2380 enim
3113 2322 3277 2392 culpa
3305 2323 3393 2373 est
3418 2314 3579 2381 solis;

296 2404 642 2504 operationis
669 2446 869 2483 noxam
900 2404 1223 2498 intelligere
1242 2427 1528 2483 debemus.
1558 2427 1717 2491 Quod
1747 2426 1897 2480 enim
1981 2428 2128 2501 quod
2144 2427 2260 2482 suis
2296 2422 2469 2478 radiis
2486 2418 2851 2492 lippientibus
2871 2414 3046 2471 oculis
3067 2404 3577 2489 caacitateminfun-

296 2526 495 2576 sancta
529 2519 774 2574 Ecclesia
802 2518 859 2571 in
890 2517 1065 2571 sacris
1106 2517 1327 2588 paginis
1376 2522 1539 2571 rectae
1583 2516 1713 2569 ﬁdei
1769 2531 1900 2569 con-
1982 2491 2084 2581 dit,
2107 2517 2204 2571 sed
2225 2511 2497 2583 magis2ad
2515 2491 2649 2563 vitia
2669 2506 2959 2562 oculorum
2982 2498 3349 2571 redigendum
3368 2491 3578 2564 est,qui

293 2625 502 2680 gruere
531 2609 713 2675 docet,
743 2608 847 2662 hoc
876 2580 1142 2672 haeretici,
1171 2580 1369 2677 Jvudsei,
1387 2610 1557 2676 atque
1582 2604 1897 2676 philosophi
1980 2624 2046 2661 ex
2060 2580 2272 2660 lumine
2285 2580 3578 2680 tenebrescuntﬂmnipotensautemDeusbene

294 2702 357 2756 in
384 2718 617 2772 pravum
647 2701 852 2770 dogma
880 2705 1242 2766 convertunt;
1279 2703 1336 2752 et
1363 2714 1472 2769 quo
1501 2697 1583 2751 illi
1612 2698 1683 2750 ad
1712 2697 1899 2751 incre-
1979 2701 2146 2750 utens
2176 2691 2338 2746 malis
2359 2686 2775 2752 nostris,multa
2800 2699 2866 2737 ex
2897 2681 2986 2734 his
3004 2675 3226 2749 operari
3253 2669 3567 2727 consuevit.

295 2797 494 2845 menta
534 2790 827 2854 virtutum,
859 2789 964 2843 hoc
1016 2804 1199 2859 pravae
1239 2788 1488 2842 viventes
1531 2786 1791 2841 catholici
1828 2787 1900 2840 ad
1982 2782 2258 2838 Excitavit
2285 2780 2434 2834 enim
2485 2777 2742 2831 doctores
2783 2786 2942 2826 error
2982 2762 3465 2823 schismaticorum
3503 2757 3577 2812 ad

292 2878 670 2933 incitamenta
692 2845 959 2932 vitiorum
980 2845 1516 2943 utuntur.Quamvis
1533 2880 1723 2929 autem
1743 2880 1799 2929 et
1818 2874 1901 2928 illi
1982 2870 2391 2928 defendendam
2423 2865 2717 2920 veritatem
2741 2859 3013 2922 ﬁdelium,
3046 2854 3180 2926 quia
3201 2845 3576 2943 proculdubio

294 2969 367 3024 de
400 2967 637 3022 Domino
668 2967 847 3021 multa
874 2965 1213 3036 intelligant,
1244 2933 1302 3019 et
1337 2964 1432 3018 isti
1471 2963 1725 3035 qumdam
1754 2964 1901 3018 salu-
1923 3011 1964 3036 η
1982 2974 2339 3032 nequaquam
2368 2957 2440 3011 ad
2464 2951 2821 3009 disserendas
2864 2946 3183 3016 Scripturas
3213 2944 3372 3036 tanto
3389 2933 3575 3036 studio

294 3011 367 3024 ...ν
400 3011 634 3022 ,μη-...ν
669 3011 847 3021 .....-...
874 3011 1213 3036 -.απυδ---Ἴ
1247 3011 1302 3019 ν-
1338 3011 1432 3018 --η
1474 3011 1725 3035 ηψπ..--
1754 3011 1876 3018 -m-
1983 3011 2295 3032 ---γη-π
2989 3011 3007 3016 -

294 3056 446 3111 taria
468 3061 950 3127 peragant,totum
969 3060 1159 3109 tamen
1189 3052 1610 3108 amarissimum
1629 3057 1732 3118 est,
1751 3052 1900 3122 quod
1923 3011 1967 3072 Ο
1985 3053 2290 3114 vacasscnt,
2321 3046 2370 3101 si
2399 3042 2603 3100 erroris
2640 3038 2994 3095 mendacium
3042 3029 3263 3087 veritati
3306 3025 3576 3082 resistens

294 3150 353 3201 et
381 3145 609 3199 illorum
640 3144 808 3200 verba
834 3148 1055 3210 sonant,
1082 3149 1138 3197 et
1166 3143 1401 3197 istorum
1434 3158 1606 3212 opera
1632 3142 1897 3196 clamant.
1982 3156 2095 3193 non
2124 3136 2466 3192 increvisset.
2494 3132 2638 3187 Hinc
2665 3127 2937 3198 scriptum
2958 3127 3063 3189 est,
3099 3119 3230 3192 quia
3251 3117 3454 3186 oportet
3474 3114 3577 3166 Ιιιυ-

367 3235 433 3288 Et
484 3236 657 3287 multi
695 3234 987 3287 hominum
1041 3234 1259 3286 mortui
1306 3236 1435 3285 sunt
1474 3247 1538 3283 ea;
1568 3234 1749 3299 aquis,
1783 3247 1902 3299 quas
1982 3244 2121 3283 reses
2151 3244 2255 3282 esse
2278 3228 2328 3293 (Ι
2358 3225 2477 3279 Cor.
2509 3223 2606 3290 χι).

292 3339 508 3379 amara
532 3324 691 3390 facta
727 3328 885 3380 sunt.
922 3322 986 3377 Id
1018 3326 1103 3376 est
1131 3337 1197 3375 ex
1221 3319 1478 3375 doctrina
1503 3296 1897 3373 haereticorum
2054 3319 2121 3372 Et
2146 3317 2283 3377 ridi,
2317 3319 2365 3367 et
2384 3313 2582 3366 audivi
2609 3324 2788 3364 vocem
2808 3307 2981 3360 unius
2995 3301 3197 3371 aquin
3220 3296 3459 3352 volantis
3476 3304 3577 3360 per

294 3412 517 3485 perﬁda
553 3418 610 3466 et
655 3427 850 3465 amara
870 3410 1031 3465 multi
1059 3409 1364 3481 perierunt.
1396 3408 1603 3463 Multos
1624 3408 1898 3479 siquidem
1981 3408 2229 3461 medium
2260 3406 2395 3469 cali,
2436 3402 2668 3455 dicentis
2694 3413 2813 3452 voce
2839 3407 3043 3461 magna
3076 3408 3089 3444 :
3123 3390 3218 3453 Vw,
3247 3402 3340 3451 v.13,
3368 3400 3463 3449 v.23,
3482 3383 3580 3434 ha-

293 3499 621 3555 habuerunt
647 3500 970 3572 discipulos,
1012 3499 1108 3571 qui
1133 3514 1327 3553 eorum
1353 3497 1607 3568 exempla
1624 3495 1899 3550 etdoctri-
1984 3496 2286 3549 bitantibus
2300 3496 2362 3546 in
2374 3488 2826 3553 terra,dec.zteris
2840 3482 3239 3537 vocibustrium
3250 3475 3577 3541 angelorum

296 3603 432 3645 nam
466 3594 600 3642 sunt
628 3588 825 3653 secuti,
851 3587 946 3658 qui
964 3603 1159 3642 omnes
1192 3585 1399 3640 mortui
1426 3590 1578 3650 sunt,
1612 3601 1725 3639 non
1762 3589 1898 3655 .tan-
1981 3586 2081 3651 qui
2111 3586 2270 3635 erant
2292 3582 2547 3634 canituri
2576 3572 2893 3637 tuba.Quod
2914 3568 3234 3639 signiﬁcant
3260 3559 3578 3630 angeli,hoc

296 3683 423 3733 tum
446 3684 626 3732 morte
655 3677 925 3748 corporis,
960 3681 1235 3747 quantum
1268 3679 1451 3728 morte
1472 3673 1694 3727 animae.
1982 3672 2154 3726 etiam
2199 3668 2407 3740 aquila,
2441 3667 2498 3719 id
2546 3670 2631 3719 est
2670 3659 3044 3718 universalem
3081 3651 3407 3714 Ecclesium,
3460 3646 3576 3702 sive

371 3768 441 3821 Et
461 3773 693 3835 quartus
716 3736 946 3834 angelus
962 3736 1091 3818 tuba
1124 3767 1337 3829 cecinit,
1362 3768 1410 3816 et
1429 3777 1685 3830 percussa
1701 3766 1776 3815 est
1798 3767 1900 3814 ter—
1983 3761 2238 3814 doctores
2251 3736 2597 3828 specialiter,
2619 3751 2715 3823 qui
2742 3751 2932 3803 volant
2958 3761 3060 3817 per
3081 3741 3328 3796 medium
3353 3736 3576 3835 caelum,

298 3860 381 3912 tia
395 3824 531 3925 pars
547 3859 697 3922 solis,
716 3861 765 3909 et
781 3824 946 3909 tertia
962 3870 1097 3922 pars
1121 3824 1351 3917 tunae,th
1371 3824 1537 3904 tertia
1564 3867 1695 3918 pars
1721 3851 1905 3903 stella-
1984 3849 2089 3902 hoc
2118 3851 2222 3903 est.
2251 3824 2353 3916 per
2376 3842 2621 3897 mediam
2643 3837 2949 3893 Ecclesiam
2971 3834 3356 3899 currunt,quae
3371 3824 3577 3925 coelum

295 3911 540 4010 rumnta
558 3911 1018 3999 utobscuraretzir
1035 3911 1614 4009 tertiaparseoruin,ct
1631 3954 1741 3992 non
1763 3942 1903 3992 luce-
1984 3911 2319 4008 appellatur,
2361 3931 2494 4003 quia
2529 3930 2690 3982 sedes
2738 3925 2840 3980 Dei
2884 3926 2988 3977 est.
3022 3919 3182 3984 Quod
3223 3923 3414 3970 autem
3444 3911 3580 3966 dicit

299 4039 385 4089 ret
405 4035 520 4087 diei
526 4049 662 4101 pars
678 4034 843 4086 tertia
861 4037 911 4085 et
933 4033 1106 4085 noctis
1120 4032 1398 4084 similiter.
1424 4029 1532 4082 Per
1550 4028 1726 4082 solem
1748 4031 1803 4080 et
1821 4027 1904 4080 lu-
1985 4005 2249 4089 Joannes,
2280 4021 2408 4075 Vidi
2438 4025 2495 4074 et
2523 4016 2709 4073 audivi
2730 4028 2920 4068 vocem
2943 4009 3111 4065 unius
3139 4005 3360 4077 aquilae;
3388 4007 3578 4057 osten-

299 4139 434 4178 nam
449 4127 507 4177 et
523 4089 783 4176 stellasin
803 4121 910 4174 hoc
929 4120 1052 4174 loco
1066 4118 1370 4173 Ecclesiam
1393 4116 1709 4186 intelligere
1729 4115 1900 4170 debe-
1983 4115 2067 4169 dit
2088 4112 2277 4185 procul
2310 4109 2478 4165 dubio
2507 4106 2641 4178 quia
2672 4105 2731 4159 in
2762 4100 3004 4174 spiritali
3025 4097 3238 4186 visione
3256 4094 3363 4186 hoc
3384 4089 3576 4186 estvi-

298 4209 902 4283 mus,quaeobscurata
926 4209 985 4262 in
1004 4207 1174 4262 tertia
1188 4207 1274 4261 sui
1296 4209 1474 4278 parte,
1495 4205 1713 4259 duabus
1728 4204 1900 4275 parti-
1982 4177 2134 4266 dere,
2168 4201 2318 4272 quod
2360 4177 2576 4262 audire,
2606 4197 2713 4249 hoc
2754 4190 2969 4254 audire,
3022 4185 3174 4257 quod
3217 4182 3422 4236 videre.
3447 4177 3582 4233 Tria

299 4300 407 4357 bus
426 4298 891 4369 permanentibus
918 4297 978 4351 in
1008 4297 1283 4362 claritate,
1309 4295 1367 4348 in
1392 4294 1553 4348 bonis
1566 4294 1811 4365 praelatis
1842 4298 1965 4386 etD
1984 4310 2061 4347 va:
2088 4296 2355 4346 aeternam
2381 4287 2703 4359 signiﬁcant
2728 4278 3297 4344 damnationem,quaa
3323 4271 3383 4324 in
3405 4268 3581 4322 trium

1270 4385 1296 4386 η
1418 4385 1437 4386 κ
1636 4384 1643 4386 Α
1723 4384 1759 4386 _
1828 4383 1841 4386 _
2129 4382 2143 4386 _
2438 4375 2471 4386 ..
2691 4373 2702 4384 .
3083 4363 3398 4386 ---..Α.ε..,.ι....
3423 4355 3578 4386 nul"!

299 4355 628 4454 subditis,in
639 4387 957 4443 doctoribus
969 4392 1026 4441 et
1038 4355 1542 4454 auditoribus.Ipsa
1558 4355 1706 4438 enim
1722 4383 1903 4437 Eccle-
1916 4355 1965 4386 υ
1985 4382 2314 4452 angelorum
2338 4355 2583 4439 vocibus,
2611 4373 2707 4445 qui
2736 4355 3584 4454 sequuntur,continetur.Quod

302 4481 389 4534 sia
408 4480 547 4534 solis
574 4478 801 4532 nomine
820 4482 1204 4547 nuncupatur,
1239 4474 1385 4528 sicut
1418 4473 1478 4527 in
1501 4472 1746 4527 Canticis
1775 4489 1903 4526 can-
1983 4486 2114 4525 vero
2142 4484 2256 4523 non
2284 4468 2353 4522 de
2378 4462 2813 4538 praecedentium
2836 4462 3077 4530 quatuor
3095 4451 3423 4524 angelorum
3443 4445 3586 4501 voci-

298 4569 543 4623 ticorum
572 4565 778 4621 dicitur
803 4586 815 4621 :
856 4567 983 4633 Qua?
1003 4570 1077 4619 est
1096 4568 1204 4618 ista
1234 4579 1353 4632 qua:
1370 4564 1615 4616 ascendit
1641 4566 1783 4616 sicut
1803 4577 1904 4615 au-
1984 4559 2108 4624 bus,
2137 4558 2234 4613 sed
2262 4557 2437 4611 trium
2465 4550 2946 4623 subsequentium,
2989 4545 3085 4616 qui
3117 4547 3280 4597 erant
3315 4534 3578 4600 canituri,

300 4673 438 4712 rora
498 4672 852 4723 consurgens,
909 4654 1149 4723 pulchra
1204 4658 1267 4705 ut
1317 4654 1474 4717 tuna,
1521 4653 1685 4705 electa
1708 4656 1779 4717 ut
1825 4653 1905 4704 sol
1986 4663 2177 4703 vocem
2203 4647 2369 4701 unius
2406 4643 2609 4714 aquilae
2636 4638 2876 4694 volantis
2906 4634 3108 4688 vidisse
3133 4647 3192 4683 se
3217 4626 3352 4681 dicit
3380 4630 3437 4678 et
3479 4639 3583 4677 au-

304 4744 611 4815 (0ant.m)’l
633 4710 935 4799 Stellarum
958 4743 1427 4813 quoque-nomine
1449 4710 1645 4794 eadem
1660 4716 1906 4796 Ecclesia
1987 4737 2157 4800 disse,
2190 4740 2359 4806 atque
2386 4710 2654 4803 lugentis,
2679 4727 2949 4782 nimirum
2978 4713 3416 4815 aperte-innuit,
3450 4710 3585 4815 quia

300 4799 678 4905 nuncupatur,
702 4834 866 4904 juxta
890 4799 1036 4903 quod
1082 4799 1383 4901 Apostolus
1406 4828 1574 4884 dicit:
1620 4831 1688 4884 In
1725 4830 1903 4882 medio
1986 4799 2289 4880 electorum
2305 4799 2553 4877 Ecclesia
2588 4813 3098 4873 venturasdiversaz
3116 4801 3451 4898 calamitatis
3466 4799 3586 4898 pla-

302 4886 625 4905 ——-—~~.
664 4886 725 4904 ι.
816 4886 823 4887 γ
906 4886 925 4903 ι
1133 4886 1150 4901 .

298 4925 554 4979 nationis
568 4938 754 4990 pravae
772 4927 820 4976 et
843 4922 1281 4991 perversaeJntcr
1299 4934 1431 4987 quos
1450 4920 1639 4970 lucetis
1658 4919 1795 4969 sicut
1812 4919 1902 4970 tu:
1982 4929 2085 4984 gas
2104 4913 2297 4981 lugere
2317 4909 2484 4963 simul
2505 4924 2569 4961 ac
2590 4904 2892 4977 praedicare
2926 4914 3039 4952 non
3066 4896 3267 4959 cessat,
3293 4907 3359 4944 ac
3387 4887 3434 4943 si
3462 4886 3588 4957 ipsa

300 4982 645 5065 minaria-in
666 4982 875 5064 mundo
900 4982 1128 5081 (Philip;
1164 5008 1248 5075 II).
1276 4982 1535 5069 Quandiu
1575 5005 1768 5075 itaque
1789 5004 1903 5059 hae-
1986 4982 2230 5055 Ecclesia
2251 4999 2464 5052 diceret
2488 5015 2500 5049 :
2538 4992 2929 5065 Reproborum
2961 4985 3334 5081 perditionem
3356 4993 3457 5051 per
3493 4982 3586 5081 t‘o-

300 5100 465 5155 retici
497 5100 555 5154 in
582 5099 828 5155 Ecclesia
857 5102 1037 5163 erant,
1074 5095 1235 5168 quasi
1265 5096 1360 5149 lux
1386 5110 1509 5148 esse
1538 5092 1902 5163 putabantur,
1985 5096 2110 5144 tum
2138 5093 2362 5158 tempus
2400 5083 2690 5157 praesentis
2727 5081 2854 5134 vitae
2884 5079 3077 5148 lugere
3104 5072 3272 5128 simul
3292 5086 3358 5133 ac
3381 5065 3585 5140 praedi-

301 5188 403 5243 sed
431 5189 626 5243 statim
652 5196 717 5243 ut
741 5204 899 5243 error
927 5187 1153 5241 illorum
1181 5185 1435 5238 detectus
1460 5186 1563 5247 est,
1582 5187 1639 5235 et
1662 5198 1697 5234 a
1719 5180 1907 5234 catho-
1987 5195 2116 5233 care
2146 5194 2236 5231 me
2264 5192 2451 5230 cerno.
2485 5174 2635 5228 Bene
2665 5177 2856 5226 autem
2886 5184 3002 5222 una
3030 5164 3221 5236 aquila
3255 5161 3446 5215 volans
3483 5172 3585 5228 per

302 5278 427 5332 licis
456 5276 598 5332 ﬁdes
627 5277 854 5331 illorum
884 5275 1192 5346 explorata,
1224 5273 1416 5343 agnita
1441 5275 1527 5324 est
1554 5286 1745 5324 eorum
1758 5269 1909 5324 caeci-
1990 5268 2236 5322 medium
2263 5265 2466 5319 coelum
2498 5260 2801 5315 Ecclesium
2831 5258 3258 5329 signiﬁcat,qua2
3286 5250 3503 5305 unitate
3525 5246 3587 5299 fl-

303 5373 416 5434 tas,
449 5372 508 5420 et
529 5365 810 5421 obscurati
839 5335 990 5431 sunt,
1016 5365 1150 5435 quia
1174 5335 1245 5417 ab
1259 5335 1526 5416 “Ecclesia
1550 5358 1756 5429 abjecti
1772 5363 1906 5412 sunt
1988 5357 2079 5411 dei
2099 5355 2374 5416 consistit,
2398 5359 2455 5408 et
2478 5351 2706 5406 calcatis
2728 5355 3081 5404 terrenarum
3106 5344 3456 5435 voluptatum
3485 5335 3586 5388 (ie-

301 5456 461 5510 verbi
488 5456 708 5526 gratia:
743 5457 933 5510 Caecus
971 5453 1019 5508 si
1060 5457 1303 5524 ponatur
1330 5450 1390 5503 in
1410 5449 1568 5503 radio
1593 5446 1745 5512 solis,
1778 5448 1910 5518 quia
1991 5443 2435 5509 sideriis,intima
2456 5440 2929 5512 contemplatione
2958 5436 3029 5490 ad
3057 5431 3306 5489 ccelestia
3326 5425 3583 5481 subleva-

303 5513 608 5619 lippientes
633 5544 825 5605 oculos
853 5543 1046 5614 habet,
1061 5513 1271 5603 statim
1301 5538 1519 5594 caecitas
1549 5536 1701 5599 illius
1727 5513 1912 5592 mani-
1994 5539 2108 5599 tur,
2140 5533 2304 5603 cujus
2331 5530 2588 5589 videlicet
2617 5528 2872 5586 membra
2899 5541 3029 5582 cum
3055 5518 3322 5595 Apostolo
3351 5513 3580 5569 dicunt:
