4006 6164
460 218 591 281 1051
939 226 1321 290 HAYMONIS
1350 232 1842 297 HALBERSTAT.
1874 236 2097 297 EPISC.
2128 240 2287 296 OPP.
2321 242 2506 300 PARS
2538 246 2582 306 Ι.
2619 275 2684 287 -
2716 241 3091 300 COMMENT.
3120 245 3301 302 BIBL.
3589 243 3720 303 ‘105‘2

456 348 659 461 {Vostra
687 358 1021 461 comirsatio
1050 358 1110 461 in
1136 358 1379 461 δίκης-σει
1409 362 1739 461 (PliilipJn).
1785 366 1932 420 Bene
1958 368 2121 428 au-A
2141 366 2263 423 Erit
2301 369 2587 429 tribulatio
2635 371 2817 443 qualis
2856 366 2967 426 non
2998 372 3108 428 fuit
3153 389 3335 461 neque
3364 374 3482 428 ﬁet.
3516 373 3634 447 Quo

455 443 570 492 tem
599 456 700 510 per
723 440 967 541 medium
990 445 1190 541 cci-lum
1217 447 1384 515 volat,
1415 449 1511 541 qui
1542 451 1670 505 hinc
1696 453 1826 507 inde
1856 454 2049 509 orbem
2131 457 2254 511 loco
2286 460 2519 529 quaestio
2569 440 2766 534 oritur,
2801 478 2975 533 quare
3001 460 3221 519 dicatur
3246 440 3448 531 Yminus
3655 440 3727 515 si-v

455 533 738 583 terrarum
761 530 819 584 in
849 529 1038 587 electis
1064 534 1330 604 possidet,
1363 532 1524 609 cujus
1571 540 1891 610 praedicatio
1935 559 2047 596 non

459 614 787 688 simpliciter
831 636 951 686 vox,
985 620 1085 675 sed
1116 639 1239 697 cum
1272 620 1654 683 additamenta
1708 647 1809 684 vox
1850 647 2057 701 magna

456 704 705 773 vocatur,
735 707 869 796 quia
894 708 951 762 in
979 713 1098 764 toto
1125 713 1336 767 mundo
1365 715 1572 787 sonuit,
1606 717 1751 772 sicut
1778 717 1847 773 de
1862 718 2057 790 primis

456 794 918 864 praedicatoribus
944 798 1066 868 ejus
1083 799 1293 855 dictum
1325 808 1444 857 est:
1478 807 1545 859 In
1583 822 1797 861 omnem
1848 810 2057 862 terram

457 885 625 938 exivit
645 898 812 939 sonus
857 886 1049 941 eorum
1078 888 1251 960 (Rom.
1286 892 1368 960 χ).
1401 892 1500 947 Vel
1535 896 1685 949 certe
1716 912 1923 966 magna
1953 914 2056 951 vox

456 969 560 1042 pro
590 989 808 1043 magnae
829 971 1105 1032 libertatis
1133 977 1368 1034 audacia
1395 983 1722 1053 ponitur.Et
1740 986 2053 1057 notandum

459 1060 591 1136 quia
620 1064 735 1137 non
755 1063 975 1139 caelum,
1010 1066 1108 1120 sed
1146 1072 1359 1141 terram
1388 1065 1835 1128 inhabitantibus
1867 1092 1942 1128 vze
1964 1075 2056 1127 fu-

456 1154 651 1205 turum
680 1150 1042 1209 lamentando
1068 1156 1384 1226 denuntiat,
1416 1162 1658 1235 terrenis
1699 1163 1909 1219 scilicet
1956 1164 2057 1218 de-

458 1239 679 1296 sideriis
709 1246 878 1321 atque
906 1241 1372 1302 oblectationibus
1391 1249 1621 1309 deditis.

1080 1380 1315 1441 CAPUT
1353 1383 1448 1443 1X.

531 1509 597 1562 Et
627 1511 857 1578 quintus
876 1514 1105 1581 angelus
1139 1515 1267 1569 tuba
1299 1519 1531 1571 cecinit:
1562 1523 1610 1572 et
1634 1520 1749 1572 vidi
1768 1522 2058 1575 stellamdc

2134 546 2285 602 milis
2323 548 2476 602 fumo
2508 548 2748 603 fornacis
2779 566 2996 619 magnae
3023 569 3034 604 :
3073 550 3119 625 si
3148 552 3299 606 enim
3338 556 3478 605 tunc
3508 548 3729 615 tribula-

2136 636 2216 689 tio
2243 636 2368 703 erit,
2404 637 2582 708 qualis
2611 654 2724 692 non
2761 638 2887 704 fuit,
2920 639 3203 710 quomodo
3241 656 3391 711 nunc
3431 639 3636 709 similis
3657 643 3732 693 est

2138 723 2395 799 doctrina
2449 726 2841 803 haereticorum
2897 722 3162 782 dactrinae
3215 728 3581 803 antichristi?
3636 728 3737 783 Sed

2139 814 2427 883 sciendum
2460 815 2589 887 quia
2610 800 2708 869 illa
2736 816 3051 887 persecutio
3073 821 3130 870 et
3157 816 3297 889 falsa
3322 800 3585 891 doctrina
3609 818 3739 871 anti-

2138 903 2336 956 christi
2366 908 2421 963 et
2451 909 2781 981 caaterorum
2811 921 2876 958 ex
2905 908 3065 985 parte
3104 904 3301 959 similis
3323 906 3453 968 erit,
3487 923 3557 980 ea
3586 914 3741 978 parte

2137 991 2445 1068 dissimilis.
2481 992 2692 1061 Similis
2719 994 2826 1048 erit
2855 993 2912 1047 in
2970 993 3358 1085 persecutione
3390 996 3737 1069 sanctorum,

2136 1079 2194 1134 in
2224 1097 2414 1141 errore
2455 1080 2768 1136 mendacii:
2809 1079 3099 1137 dissimilis
3137 1099 3267 1136 vero
3321 1083 3381 1152 in
3437 1081 3549 1149 hoc
3599 1080 3743 1174 quod

2137 1174 2272 1223 tunc
2298 1169 2381 1223 illi
2411 1170 2685 1243 miracula
2714 1170 2916 1225 facturi
2945 1176 3095 1236 sunt,
3120 1186 3247 1224 cum
3262 1171 3379 1225 sint
3406 1170 3538 1225 falsi
3563 1169 3744 1239 docto-

2138 1257 2404 1330 res,quod
2432 1258 2527 1315 isti
2556 1258 2737 1312 facere
2765 1275 2876 1313 non
2902 1264 3160 1333 possunt,
3176 1258 3419 1333 ideoque
3447 1259 3744 1334 immanior

2140 1346 2249 1399 erit
2278 1346 2391 1411 illa,
2418 1346 2548 1421 quia
2577 1363 2675 1424 per
2703 1334 2944 1418 utraque
2971 1347 3299 1419 decipiet.Et
3331 1348 3739 1423 obscuratusesl

2139 1438 2217 1489 sol
2247 1442 2294 1488 et
2314 1434 2504 1490 aer.Id
2533 1428 2618 1489 est
2644 1434 2912 1503 Ecclesia,
2943 1436 3075 1507 quia
3097 1435 3242 1519 quod
3276 1452 3378 1513 per
3413 1436 3616 1503 solem,
3640 1436 3735 1490 hoc

2140 1525 2491 1595 signiﬁcatur
2519 1540 2619 1596 per
2654 1540 2804 1591 aera,
2851 1529 2908 1583 et
2943 1523 3050 1578 hoc
3087 1524 3146 1581 in
3189 1525 3361 1579 tertia
3408 1530 3575 1599 parte
3633 1524 3733 1600 sui,

461 1600 585 1706 callo
598 1592 857 1706 :ccfdisse
878 1603 939 1655 in
959 1599 1335 1703 terramHzee
1353 1606 1536 1672 stella,
1568 1612 1635 1661 ut
1652 1624 1823 1680 supra
1843 1608 2056 1663 dictum
2079 1592 2331 1706 aid—est,
2364 1612 2421 1666 in
2453 1592 2711 1687 omnibus
2754 1608 3007 1695 reprobis
3061 1616 3148 1689 est
3192 1592 3658 1691 intellig‘endum‘
3679 1620 3737 1691 ut

461 1686 563 1767 est,
589 1685 874 1765 diabolum
905 1690 1303 1765 signiﬁcat,qui
1335 1711 1395 1749 se
1423 1695 1793 1767 transﬁgurat
1813 1698 1869 1752 in
1891 1714 2059 1769 ange-
2079 1685 2125 1706 δ’
2141 1685 2331 1773 supra.
2599 1685 2603 1687 S
2828 1685 2831 1705 ⁸

459 1774 576 1849 lum
608 1775 765 1844 lucis,
797 1778 946 1847 unde
966 1774 1301 1851 quibusdam
1332 1800 1610 1855 apparens
1640 1784 1792 1852 .dicit
1837 1803 1896 1840 se
1938 1804 2061 1843 esse

461 1860 767 1943 Christum,
805 1865 948 1935 sicut
974 1867 1137 1943 beato
1159 1872 1418 1926 Martino.
1437 1874 1516 1928 De
1548 1873 1652 1928 hoc
1680 1876 1819 1929 coelo
1838 1876 2056 1948 cecidit,

461 1951 566 2007 hoc
592 1958 693 2015 est,
730 1955 798 2009 de
846 1973 1083 2012 numero
1138 1960 1489 2035 angelorum,
1525 1960 1609 2017 vel
1650 1964 1719 2017 de
1757 1956 1916 2030 ccelo,
1956 1966 2061 2020 hoc

462 2044 567 2115 est,
599 2042 669 2111 de
694 2044 940 2113 Ecclesia
965 2048 1117 2102 cadit
1155 2049 1424 2119 quotidie,
1459 2046 1682 2122 quando
1734 2069 1798 2106 ex
1840 2054 2064 2123 gentili-

461 2133 581 2185 tate
610 2128 838 2201 quidam
866 2142 1268 2207 convertuntur
1295 2141 1363 2194 ad
1404 2141 1591 2207 ﬁdem,
1622 2141 1736 2215 sive
1768 2158 1831 2195 ex
1859 2160 2063 2213 paren-

462 2218 612 2273 tibus
642 2221 963 2295 christianis
993 2226 1132 2292 nati,
1168 2227 1320 2282 fonte
1340 2226 1692 2299 baptismatis
1722 2224 2061 2303 regeneran-

464 2312 578 2378 tur,
612 2315 667 2375 et
695 2306 916 2366 diabolo
946 2316 1286 2385 renuntiant,
1322 2322 1379 2371 et
1416 2309 1675 2373 omnibus
1705 2318 1966 2390 operibus
2006 2326 2062 2376 et

467 2396 689 2495 pompis
728 2401 867 2491 ejus.
890 2402 967 2495 ⁸Ιῐι
1007 2404 1233 2495 terram
1255 2404 1421 2469 cadit,
1451 2406 1556 2461 hoc
1607 2413 1710 2475 est,
1744 2408 1801 2495 in
1840 2425 1935 2479 eos
1966 2409 2061 2495 qui

463 2473 675 2541 terreni
706 2480 854 2543 sunt.
888 2490 1014 2545 Non
1045 2494 1193 2547 enim
1222 2493 1279 2548 in
1308 2495 1465 2563 cmlo,
1498 2496 1555 2550 id
1608 2501 1693 2569 est
1745 2492 1804 2551 in
1850 2473 2060 2553 sanctis

463 2570 800 2646 potestatem
830 2576 1018 2635 habet.

532 2662 601 2719 Et
626 2667 757 2720 data
792 2673 867 2721 est
890 2672 942 2723 ei
968 2672 1136 2725 clavis
1158 2676 1314 2740 putei
1340 2675 1543 2743 abyssi.
1572 2674 1716 2739 Quid
1762 2691 1860 2746 per
1901 2676 2061 2748 abys-

464 2768 609 2820 sum,
634 2755 741 2809 nisi
770 2772 940 2837 prava
960 2759 1330 2831 designantur
1353 2763 1522 2818 corda
1549 2764 1915 2837 reproborum
1932 2781 2056 2836 pec-

463 2843 605 2907 catis
628 2834 970 2901 tenebrosa?
994 2849 1073 2923 De
1102 2849 1208 2921 hac
1236 2849 1436 2922 abysso
1463 2834 1669 2907 dicitur
1697 2853 1755 2908 in
1793 2834 1998 2909 Genesi
2041 2873 2052 2907 :

471 2933 716 3005 Tenebrae
746 2940 906 2990 erant
934 2954 1098 3007 super
1120 2940 1318 3007 faciem
1348 2944 1534 3010 abi/ssi
1567 2943 1717 3009 (Gen.
1751 2944 1814 3012 Ι).
1841 2940 1948 2997 Per
1964 2960 2062 3016 pu-

2213 1780 2285 1845 De
2310 1791 2466 1865 [umo
2489 1792 2661 1858 putei,
2690 1788 2747 1843 id
2779 1792 2883 1854 est,
2919 1789 2987 1844 de
3017 1790 3409 1866 haereticorum
3452 1789 3732 1848 doctrina.

2144 1880 2415 1934 Exierunt
2447 1883 2658 1933 locusta:
2688 1882 2748 1932 in
2776 1877 3284 1950 terra'nDiscipuli
3307 1878 3526 1934 scilicet
3547 1880 3745 1955 erroris

2144 1967 2262 2023 nati
2286 1971 2433 2032 sunt,
2465 1967 2559 2043 qui
2586 1973 2812 2021 terrena
2841 1969 3010 2021 corda
3051 1969 3343 2023 hominum
3388 1968 3737 2043 deciperent.

2144 2058 2289 2111 Nam
2320 2042 2550 2129 locusta:
2579 2072 2760 2128 neque
2804 2061 2985 2133 rectos
3013 2072 3241 2127 gressus
3260 2042 3490 2121 habent,
3522 2060 3588 2110 ut
3612 2046 3749 2134 qua;

2143 2144 2273 2199 dam
2302 2145 2581 2207 animalia,
2612 2134 2795 2216 neque
2827 2145 3070 2219 volatum
3114 2150 3179 2198 ut
3206 2162 3360 2219 aves,
3386 2145 3523 2219 quia
3574 2145 3737 2199 disci-

2144 2234 2261 2313 puli
2286 2233 2674 2305 haereticorum
2738 2234 2819 2287 vel
2861 2233 2969 2327 ipsi
3007 2216 3256 2287 haeretici
3307 2216 3495 2309 neque
3543 2240 3747 2310 rectam

2144 2318 2353 2403 habent
2380 2323 2568 2389 ﬁdem,
2600 2327 2664 2376 ut
2685 2318 2901 2388 volent,
2919 2326 2976 2401 et
2998 2323 3247 2377 caelestia
3266 2339 3395 2376 cum
3418 2322 3637 2376 sanctis
3658 2339 3748 2416 pe-

2141 2398 2284 2474 tant,
2313 2411 2382 2467 de
2410 2411 2611 2489 quibus
2640 2411 2816 2465 Isaias
2846 2396 2981 2464 dicit
3010 2412 3075 2478 (c.
3108 2410 3221 2477 1.x):
3256 2412 3366 2493 Qui
3380 2416 3519 2489 sunt
3546 2414 3643 2482 isti
3657 2396 3751 2495 {iui

2143 2507 2205 2556 ut
2219 2503 2385 2560 nubes
2414 2486 2597 2554 volant
2620 2505 2843 2571 ?neque
2865 2506 3046 2554 rectos
3066 2488 3295 2571 gressus
3314 2486 3749 2575 operationislut

2144 2588 2269 2645 cum
2302 2588 2601 2654 Psalmista
2618 2588 2802 2642 dicere
2819 2588 3036 2659 possint
3061 2607 3072 2641 :
3104 2576 3318 2644 Statuit
3336 2590 3515 2665 supra
3536 2593 3748 2656 petram

2180 2680 2296 2731 edes
2326 2694 2489 2753 meos,
2520 2682 2569 2731 et
2627 2678 2835 2731 direxit
2882 2694 3098 2744 gressus
3137 2694 3279 2730 meos
3322 2679 3504 2747 ,(Psal.
3538 2683 3743 2755 XXXII),

2180 2696 2296 2731 eues
2326 2696 2489 2753 meos,
2520 2696 2569 2731 ei
2627 2696 2834 2731 mrem
2882 2696 3098 2744 gressus
3137 2696 3279 2730 meos
3322 2696 3504 2747 μιδαι.
3539 2696 3743 2755 xxxm,

2138 2696 2334 2833 galtus
2355 2767 2491 2819 (lant
2518 2766 2768 2839 locustae,
2798 2770 2853 2819 et
2872 2765 3108 2819 virentia
3147 2776 3382 2841 quaeque
3411 2765 3747 2841 lcorroduut,

2146 2857 2279 2929 quia
2293 2855 2372 2909 illi
2389 2848 2826 2935 pei'jactantiam
2844 2840 3216 2933 elevantur,et
3231 2854 3455 2908 animas
3471 2871 3617 2935 quas
3628 2870 3745 2931 pos-

2142 2936 2275 2999 sunt
2305 2961 2426 3016 quae
2456 2932 2695 3008 virorem
2725 2942 2855 2997 fidei
2878 2932 3110 3009 habent,
3144 2948 3367 3021 necarit.
3412 2944 3478 2997 Et
3498 2932 3645 2996 'data'
3674 2946 3745 2994 est

465 3025 841 3117 t-eum‘autem
868 3025 1556 3117 haareticiintelliguntur,
1587 3033 1717 3117 quia
1761 3046 1860 3086 sua
1894 3024 2121 3103 pravaC
2142 3035 2258 3086 illis
2276 3032 2671 3100 potestas,sicut
2713 3031 2912 3109 habent
2951 3035 3259 3100 scorpiones
3278 3022 3603 3098 potestatem
3638 3033 3735 3091 ter-

465 3110 722 3167 doctrina
751 3117 808 3167 et
825 3115 1106 3185 profunda
1132 3116 1385 3172 homines
1414 3119 1473 3173 in
1503 3110 1618 3174 ima
1642 3129 1804 3175 terra:
1834 3120 2058 3175 demer—

464 3206 626 3271 gunt.
659 3202 842 3275 Clavis
866 3220 996 3258 vero
1027 3206 1180 3276 putei
1217 3207 1421 3278 abyssi,
1446 3214 1695 3281 potestas
1726 3200 2061 3283 intelligitur

465 3284 690 3358 diaboli,
726 3292 821 3374 qui
846 3291 1170 3348 dominatur
1197 3295 1491 3367 haereticis,
1512 3299 1745 3368 paganis
1766 3304 1823 3352 et
1845 3300 2060 3353 caeteris

466 3376 807 3435 inﬁdelibus.
834 3380 1102 3452 Legimus
1151 3385 1301 3438 enim
1340 3386 1487 3457 quod
1519 3386 1685 3439 Petro
1735 3387 1879 3440 data:
1930 3392 2063 3461 sunt

464 3466 670 3539 claves,
703 3467 759 3523 id
780 3474 866 3549 est
893 3474 1141 3543 potestas
1160 3463 1371 3547 ligandi
1394 3480 1450 3529 et
1470 3474 1834 3549 solvendi.Ita
1855 3492 1987 3546 ergo
2006 3477 2062 3531 in

466 3555 583 3653 boui
595 3557 713 3612 loco
733 3546 1051 3653 clavisquae
1079 3560 1212 3615 data
1240 3546 1327 3616 est
1353 3546 1856 3634 diabolo,potentia
1884 3564 2055 3647 intel-

466 3641 857 3727 ligitur,quarri
880 3641 1099 3704 excrcet
1118 3650 1175 3703 in
1205 3650 1489 3722 reprobos.
1511 3653 1644 3731 Qua:
1674 3651 1757 3706 illi
1779 3652 1910 3705 data
1944 3642 2064 3725 esse

471 3732 674 3807 dicitur
703 3740 932 3821 propter
959 3737 1079 3795 hoc.
1117 3740 1261 3809 quod
1293 3757 1405 3810 non
1451 3746 1537 3795 est
1567 3739 1773 3808 ablata,
1806 3740 1954 3795 sicut
1972 3741 2061 3794 in-

471 3820 739 3889 duratum
770 3831 857 3879 est
883 3842 978 3880 cor
1006 3820 1333 3894 Pharaonis,
1375 3828 1431 3882 id
1461 3832 1547 3883 est
1576 3845 1689 3882 non
1728 3825 2061 3884 emollitum.

543 3913 610 3967 Et
628 3917 847 3983 aperuit
861 3919 1092 3982 puteum
1108 3917 1292 3984 abyssi
1298 3917 1459 3983 .Quia
1487 3919 1606 3989 ipse
1626 3919 1867 3990 inspirat
1890 3916 2069 3972 haere-

470 4000 615 4068 ticis,
640 4009 706 4057 ut
723 3998 984 4058 tenebras
1008 4020 1121 4077 suae
1150 4004 1416 4073 doctrinae
1456 4007 1741 4077 proferant
1794 4007 1865 4061 ad
1913 4002 2066 4061 deci-

467 4088 735 4161 piendum
767 4108 906 4171 quos
927 4093 1315 4169 possuntipse
1343 4094 1445 4147 hoc
1474 4094 1623 4171 facit,
1658 4093 1787 4171 quia
1810 4110 1875 4147 eo
1895 4093 2061 4148 insti-

467 4172 639 4248 gante
670 4181 758 4236 fit.
789 4168 915 4235 Sive
943 4198 1044 4252 per
1076 4168 1286 4235 clavem
1315 4168 1613 4253 possumus
1636 4168 1952 4253 intelligere
1972 4200 2066 4254 po-

2141 3121 2497 3176 ra).Potestas
2512 3119 2747 3173 nocendi
2759 3119 3068 3195 scorpionis
3088 3121 3144 3172 in
3158 3118 3338 3173 cauda
3359 3117 3589 3172 est.Per
3605 3118 3743 3171 hanc

2142 3209 2291 3264 enim
2320 3208 2558 3281 percutit
2589 3213 2645 3261 et
2673 3194 3198 3261 venena'dillundit.
3252 3207 3486 3278 Scorpio
3531 3223 3744 3277 quoque

2144 3298 2201 3352 in
2227 3296 2368 3351 facie
2422 3300 2506 3350 est
2555 3284 2813 3371 blandus,
2845 3295 2944 3348 sed
2988 3295 3201 3348 occulte
3244 3282 3427 3348 cauda
3464 3281 3728 3364 percutit.

2143 3384 2305 3442 Tales
2335 3378 2468 3439 sunt
2495 3369 2759 3447 haeretici,
2793 3383 2887 3454 qui
2934 3382 3090 3437 falsis
3119 3397 3251 3436 vera
3289 3381 3657 3461 permiscent,
3691 3369 3747 3462 ut

2143 3474 2360 3530 facilius
2389 3472 2672 3528 auditores
2697 3470 2996 3545 decipiant,
3022 3472 3213 3542 sicque
3231 3486 3448 3526 veneno
3472 3468 3634 3525 malae
3649 3470 3744 3525 do-

2145 3564 2339 3618 ctrina:
2368 3562 2652 3634 decipiunt
2672 3554 2972 3632 simplices,
3007 3560 3075 3615 de
3098 3550 3298 3631 quibus
3328 3560 3633 3615 Psalmista
3652 3548 3741 3639 ait;

2143 3653 2471 3722 Sepulcrum
2516 3656 2708 3720 patens
2745 3656 2821 3704 est
2869 3655 3069 3717 guttur
3104 3663 3293 3702 eorum
3333 3650 3513 3719 (Rom.
3545 3656 3647 3715 In).
3684 3648 3743 3701 Et

2145 3758 2305 3795 sacra
2333 3734 2623 3812 Scriptura
2648 3739 3035 3809 testaturquia
3060 3737 3332 3817 propheta
3360 3738 3571 3791 docens
3596 3753 3744 3790 men—

2146 3830 2390 3892 dacium,
2414 3829 2536 3913 ipse
2569 3833 2655 3882 est
2681 3828 2890 3882 cauda.

2222 3918 2287 3971 Et
2302 3920 2631 3987 praereptum
2648 3921 2721 3969 est
2736 3917 2848 3968 illis
2870 3930 2936 3967 nc
2959 3914 3211 3967 traderent
3231 3914 3426 3980 fenum
3452 3917 3742 3981 terrz,'ne-

2150 4023 2251 4075 que
2270 4021 2426 4059 omne
2447 3997 2641 4071 viride,
2675 4019 2844 4071 neque
2867 4019 3080 4056 onmem
3104 4003 3379 4067 arborem,
3401 4005 3519 4056 nisi
3532 4009 3742 4057 tantum

2150 4095 2395 4148 homines
2412 4093 2511 4171 qui
2532 4108 2647 4146 non
2660 4093 2857 4145 habent
2873 4094 3098 4160 signum
3119 4092 3213 4144 Dei
3228 4093 3287 4143 in
3310 4092 3601 4158 frontibus
3615 4096 3739 4145 suis.

2148 4182 2415 4254 Superius
2439 4181 2653 4235 dictum
2684 4188 2769 4247 est
2788 4172 2936 4250 quod
2966 4195 3132 4247 omne
3160 4178 3352 4249 fenum
3379 4179 3568 4234 viride
3596 4197 3744 4248 com:

470 4266 707 4370 tentiam
738 4269 1039 4370 carnalem,
1071 4269 1127 4322 id
1158 4274 1259 4333 est,
1293 4287 1457 4370 reges
1487 4276 1544 4325 et
1568 4270 1847 4357 principes
1893 4271 2375 4370 hujusDbustum
2397 4275 2500 4335 est,
2534 4270 2683 4370 quod
2700 4270 2757 4323 in
2777 4266 2865 4323 Sili
2887 4268 3054 4346 tertia
3074 4270 3233 4363 parte
3260 4261 3743 4370 intelligiturqEr-

469 4353 677 4433 saeculi,
709 4373 846 4435 quos
878 4357 983 4411 sibi
1015 4358 1430 4429 conjungebant
1477 4352 1747 4426 haeretici,
1771 4361 1904 4432 quia
1952 4378 2064 4415 non

472 4441 747 4509 auderent
774 4448 934 4499 tanta
970 4450 1027 4499 et
1056 4442 1193 4500 talia
1227 4447 1515 4518 loqui,nisi
1545 4448 1839 4525 temporali
1881 4454 2069 4525 essent

470 4535 723 4607 potentia
746 4534 894 4611 fulti.
918 4535 985 4589 Et
1013 4536 1254 4601 ascendit
1294 4526 1485 4607 fumus
1510 4539 1681 4605 putei,
1716 4536 1772 4591 id
1794 4541 1897 4602 est,
1936 4552 2063 4606 pra-

470 4621 665 4681 {rerum
705 4624 1095 4679 haereticorum
1118 4622 1375 4694 doctrina
1396 4624 1750 4701 manifestata
1794 4631 1894 4679 est.
1929 4625 2062 4697 Quae

467 4712 610 4779 bene
629 4715 783 4770 fumo
808 4708 1186 4785 comparatur,
1211 4706 1344 4786 quia
1375 4698 1589 4769 lumine
1609 4698 1859 4782 veritatis
1887 4720 2058 4779 caret,

472 4808 529 4857 et
556 4802 704 4875 quod
740 4804 948 4860 sanctis
994 4805 1053 4859 in
1084 4803 1371 4875 Scriptura
1400 4819 1561 4858 sacra
1596 4802 1785 4873 lumen
1826 4803 2057 4874 praebet,

470 4892 575 4945 hoc
595 4893 872 4969 haereticis
900 4894 1203 4949 caecitatem
1231 4892 1495 4961 infundit,
1531 4890 1626 4963 qui
1647 4893 1815 4947 etiam
1843 4891 1966 4946 aliis
1992 4893 2060 4946 fl-

470 4974 558 5033 dei
590 4980 778 5036 lumen
822 4970 1120 5038 obscurare
1160 4999 1272 5059 non
1301 4988 1540 5037 cessant.
1566 4983 1721 5038 Sicut
1748 4983 2061 5049 fumus/or-

471 5069 625 5121 nacis
649 5085 879 5137 magnae.
912 5070 1127 5126 Fornax
1171 5065 1358 5126 autem
1392 5088 1597 5141 magna
1642 5068 1944 5125 novissima
1974 5075 2060 5124 est

469 5154 706 5219 vexatio,
727 5160 980 5229 tempore
999 5160 1313 5215 antichristi
1338 5161 1551 5235 futura,
1571 5162 1640 5216 de
1666 5176 1777 5231 qua
1801 5158 2060 5235 videlicet

469 5247 659 5315 fumus
687 5245 1089 5325 egredietur,id
1115 5254 1198 5303 est
1225 5250 1458 5305 adversa
1479 5246 1883 5320 doctrin'a,quze
1904 5264 2061 5301 men-

465 5341 553 5392 tes
581 5326 937 5423 pereuntium
966 5335 1022 5389 in
1050 5334 1347 5419 caliginem
1375 5343 1576 5402 vertat,
1610 5340 1697 5393 cui
1732 5337 1919 5407 fumus
1950 5353 2056 5407 ραι-

475 5424 554 5505 tei
583 5426 960 5499 comparatur,
990 5423 1123 5494 quia
1153 5424 1299 5479 sicut
1322 5443 1468 5481 nunc
1498 5433 1555 5481 et
1583 5442 1649 5481 eo
1688 5427 1932 5499 amplius
1966 5443 2056 5480 er-

469 5522 583 5585 ror,
609 5514 688 5572 ita
713 5521 852 5570 tunc
904 5508 1277 5570 seminabitur
1322 5513 1392 5568 ab
1445 5514 1823 5586 impiis,undc
1872 5514 2051 5569 dicit:

2145 4378 2217 4432 go
2246 4361 2336 4414 hic
2360 4360 2551 4414 fenum
2582 4360 2638 4428 in
2669 4350 2872 4412 bonam
2912 4352 3131 4428 partem
3171 4358 3417 4427 ponitur.
3452 4347 3740 4429 Signiﬁcat

2148 4448 2295 4504 enim
2329 4449 2618 4514 lactentes,
2644 4444 2738 4518 qui
2759 4463 2868 4500 non
2897 4436 3133 4518 possunt
3161 4462 3362 4519 capere
3390 4447 3639 4501 solidum
3668 4447 3743 4499 ci-

2146 4538 2298 4602 bum,
2324 4535 2422 4591 sed
2461 4536 2631 4591 veluti
2661 4526 2947 4598 animalia,
2980 4525 3185 4589 litterae
3228 4532 3528 4605 superﬁcie
3568 4534 3743 4590 delec-

2144 4632 2357 4680 tantur.
2391 4608 2604 4690 Quibus
2628 4620 2928 4695 Apostolus
2975 4624 3086 4678 ait:
3112 4625 3237 4677 Non
3261 4627 3426 4691 potui
3468 4626 3618 4678 vobis
3670 4625 3742 4677 lo-

2146 4719 2246 4785 qui
2269 4710 2431 4787 quasi
2475 4714 2885 4781 spiritualibus.
2934 4713 3025 4766 sed
3051 4715 3215 4781 quasi
3260 4712 3593 4766 carnalibus
3631 4718 3741 4765 tan-

2145 4798 2313 4875 quam
2341 4805 2592 4873 parvulis
2622 4806 2683 4856 in
2716 4803 2930 4858 Christo
2961 4805 3044 4855 lac
3067 4794 3261 4869 potum
3286 4803 3434 4854 vobis
3462 4801 3610 4867 dedi,
3638 4816 3737 4855 non

2143 4911 2319 4949 escam
2348 4895 2396 4962 (Ι
2423 4893 2544 4947 Uur.
2570 4895 2672 4959 Ill).
2704 4892 2882 4946 Omne
2912 4895 3101 4944 autem
3133 4890 3324 4967 viride,
3350 4889 3737 4962 intelliguntur

2142 4982 2516 5057 proﬁcientes,
2542 4980 2637 5053 qui
2670 4981 2789 5050 jam
2818 4985 3052 5050 possunt
3092 4965 3411 5049 intelligere
3441 4985 3499 5052 et
3546 4994 3734 5051 capere

2142 5072 2291 5149 quod
2309 5072 2553 5125 Joannes
2566 5062 2722 5122 dicit.
2756 5071 2825 5122 In
2847 5070 3127 5165 principio
3148 5064 3722 5165 erat‘verbumann.

2140 5162 2199 5228 Ι).
2232 5160 2404 5213 Porro
2435 5158 2665 5211 arbores
2696 5154 2924 5227 perfecti
2949 5156 3157 5228 quique
3187 5159 3244 5209 et
3273 5154 3451 5209 fortes
3484 5164 3652 5226 atque
3677 5156 3726 5223 in

2139 5249 2248 5302 ﬁde
2296 5247 2513 5301 robusti
2553 5252 2702 5323 sunt.
2753 5244 3016 5337 quoniam
3066 5243 3127 5298 hi
3174 5244 3313 5298 tales
3360 5244 3723 5298 tentationum

2139 5340 2334 5391 ventos
2366 5335 2611 5407 perferre
2637 5330 2891 5405 possunt,
2916 5340 2972 5387 et
3000 5334 3161 5387 firma
3189 5330 3497 5387 stabilitate
3528 5333 3722 5414 perdu-

2139 5431 2287 5493 rant.
2312 5427 2392 5481 De
2434 5423 2635 5498 quibus
2665 5422 2991 5478 Psalmista:
3024 5422 3274 5477 Plantati
3324 5426 3387 5475 in
3427 5425 3587 5477 domo
3626 5424 3721 5475 170-

2138 5517 2375 5583 mini,in
2387 5514 2555 5567 atriis
2582 5512 2774 5566 domus
2799 5510 2900 5566 Dei
2931 5512 3112 5565 nostri
3136 5506 3413 5579 ﬂorebunt
3425 5508 3714 5577 (Psal.ml).
