4048 6172
364 299 505 359 1053

1288 290 1669 357 EXPOSITIO
1700 298 1780 355 IN
1807 295 2333 354 APOCALYPSIN.
2364 324 2433 339 —
2461 294 2599 351 LIB.
2634 292 2705 350 II.

3501 284 3639 347 1054

368 422 480 481 Sed
514 426 570 479 et
603 424 689 478 hic
738 440 771 479 3
801 428 919 480 ΐοίο
950 440 1078 498 Pars
1126 422 1493 496 intelligenda
1531 430 1633 490 θεῖς
1667 426 1733 478 at
1778 424 2027 495 supmaA
2051 456 2197 493 mors
2228 439 2296 492 ab
2327 441 2420 494 eis.
2456 437 2600 504 Quia
2630 436 2811 491 sancti
2839 433 2963 503 viri,
3004 436 3068 491 ut
3110 433 3323 505 dictum
3360 436 3465 511 est,
3495 432 3647 489 inter

364 531 478 587 qua
498 512 717 579 duabus
748 514 959 574 scilicet
985 512 1238 586 partibus
1279 513 1742 586 permanentibus
1769 511 1826 566 in
1857 512 1959 566 Ec-

363 602 555 668 clesia,
588 618 618 656 a
650 618 890 674 quarum
917 603 1141 657 laesione
1168 602 1538 675 prohibentur
1565 603 1812 667 locusta),
1846 606 1961 654 ter-

361 692 445 745 tia
473 678 692 764 pereat.
705 690 863 753 Unde
884 696 939 759 et
968 692 1159 747 statim
1184 690 1575 761 subiungitur:
1604 691 1722 763 Nisi
1742 695 1961 744 tantum

361 780 740 851 homines,qui
753 797 863 834 non
880 778 1319 850 habentsignum
1336 779 1437 834 Dei
1456 779 1513 833 in
1527 778 1804 849 frontibus
1820 780 1958 843 suis,

362 867 603 930 subaudi
641 858 830 940 digne,
860 869 991 945 quia
1020 886 1131 923 non
1154 866 1336 923 solum
1367 868 1743 922 excluduntur
1764 867 1847 921 illi
1867 868 1963 935 qui

362 964 522 1012 extra
549 956 850 1029 Ecclesiam
878 964 1029 1023 sunt,
1063 957 1120 1011 id
1168 962 1253 1011 est
1295 958 1501 1033 pagani
1542 962 1598 1010 et
1635 954 1832 1021 Judaei,
1866 949 1963 1009 sed

360 1046 536 1101 etiam
567 1046 693 1107 falsi
724 1046 1053 1113 Christiani,
1086 1046 1183 1119 qui
1212 1044 1435 1119 signum
1484 1049 1714 1117 portant
1758 1044 1816 1099 in
1847 1061 1964 1099 cor-

361 1148 518 1225 pore,
566 1134 661 1219 qui
693 1134 957 1217 baptizati
977 1142 1130 1205 sunt,
1164 1138 1221 1189 et
1249 1134 1305 1188 in
1354 1134 1602 1188 Ecclesia
1629 1133 1962 1199 consistunt,

370 1220 473 1277 sed
500 1227 692 1278 tamen
740 1224 909 1279 ﬁdem
960 1239 1127 1295 quam
1160 1222 1365 1277 habere
1393 1221 1672 1289 videntur,
1704 1221 1966 1293 operibus

246 1301 263 1309 ’
366 1308 676 1378 maculant,
729 1310 966 1383 ideoque
994 1312 1298 1367 laeduntur.
1349 1312 1483 1366 Tale
1530 1318 1615 1365 est
1644 1302 1779 1365 illud
1813 1328 1825 1363 :
1862 1313 1971 1379 Qui

359 1401 669 1454 manducat
696 1416 917 1471 carnem
948 1417 1151 1467 meam,
1172 1407 1220 1454 et
1244 1401 1375 1454 bibit
1396 1405 1725 1469 sanguinem
1758 1417 1959 1461 meum,

360 1489 427 1542 in
474 1506 560 1542 me
588 1494 796 1559 manet,
823 1495 870 1543 cl
895 1506 989 1557 ego
1036 1493 1098 1543 in
1130 1492 1225 1544 illo
1265 1491 1451 1559 {Joan.
1502 1493 1596 1547 γι).
1633 1490 1773 1543 Cum
1804 1488 1968 1557 multi

362 1576 562 1645 eadem
589 1564 944 1633 sacramenta
971 1578 1304 1652 percipiant,
1328 1578 1383 1632 in
1407 1577 1608 1649 quibus
1620 1595 1730 1632 non
1751 1576 1968 1632 habitat

364 1665 642 1733 Christus,
685 1665 818 1739 quia
856 1682 968 1722 non
1007 1668 1077 1721 ad
1118 1654 1377 1733 salutem,
1420 1667 1516 1721 sed
1579 1668 1649 1720 ad
1687 1666 1965 1737 judicium

2040 528 2301 583 scandala
2323 528 2490 597 hujus
2510 527 2697 583 sreculi
2718 530 2935 597 secreta
2954 523 3376 585 conversatione
3396 522 3512 579 Deo
3541 538 3643 595 per

2043 617 2573 689 contemplationem
2632 616 2905 669 inhaerere
2963 613 3215 686 cupiunt,
3272 612 3369 666 sed
3417 614 3647 685 propter

2049 706 2288 779 aliorum
2318 706 2474 777 lucra
2503 704 2837 779 quibusdam
2868 700 3321 774 occupationibus
3366 701 3425 781 in
3462 704 3647 774 certa-

2045 795 2199 865 mine
2224 793 2516 849 desudant.
2548 794 2814 867 Nolentes
2840 792 3031 867 itaque
3059 792 3267 863 vivunt,
3294 789 3391 845 sed
3414 787 3648 863 dilatam

2047 887 2286 937 mortem
2322 887 2553 955 propter
2589 882 2829 951 aliorum
2859 882 3099 949 salutem
3130 879 3525 955 aequanimiter
3560 879 3644 931 fe.-

2047 977 2197 1039 runt,
2225 970 2735 1043 attendentesillud
2766 970 3023 1043 Apostoli
3051 986 3062 1020 :
3086 968 3210 1025 Non
3244 985 3361 1038 qua:
3382 985 3485 1031 sua
3512 970 3645 1041 sunt

2047 1063 2261 1129 singuli
2289 1066 2586 1129 quaerentes
2614 1062 2704 1114 sed
2730 1056 2849 1130 qua:
2875 1062 3121 1130 aliorum
3146 1058 3195 1130 (Ι
3219 1059 3341 1113 Cor.
3374 1058 3515 1131 xml.

2119 1152 2183 1203 Et
2212 1151 2611 1203 similitudines
2634 1148 3215 1214 locustarum,similes
3246 1149 3398 1221 equis
3423 1147 3643 1219 paratis

2050 1241 2110 1295 in
2135 1240 2419 1308 praelium.
2435 1237 2605 1309 Equis
2627 1238 3013 1305 assimilantur
3043 1253 3236 1290 omnes
3256 1228 3503 1309 haeretici
3518 1250 3640 1317 pro-

2049 1332 2176 1419 pter
2209 1326 2446 1385 velocem
2470 1324 2675 1396 ubique
2702 1324 3037 1389 discursum,
3068 1326 3200 1399 quia
3235 1329 3418 1378 totum
3457 1322 3643 1419 subito

2047 1412 2345 1490 replebunt
2363 1415 2667 1485 mundum;
2701 1414 2930 1475 locustis
2968 1430 3118 1481 vero,
3142 1417 3370 1488 propter
3388 1412 3645 1465 vacuita—

2047 1509 2179 1573 tem.
2216 1504 2279 1558 In
2310 1503 2566 1575 praelium
2594 1503 2820 1577 vadunt,
2857 1503 2989 1574 quia
3018 1508 3213 1573 contra
3233 1498 3400 1576 fidem
3431 1505 3645 1575 rectam

2050 1593 2356 1647 electorum
2388 1601 2655 1664 pugnant.
2712 1592 2781 1645 Et
2826 1591 2969 1663 sicut
3014 1592 3243 1660 Jamncs
3273 1594 3329 1663 et
3360 1586 3645 1644 Mambres

2046 1682 2377 1753 restiterunt
2430 1678 2629 1752 Moysi,
2674 1680 2754 1734 ita
2794 1684 2851 1735 et
2894 1680 3002 1736 iste
3058 1679 3325 1753 resistent
3372 1678 3642 1753 veritati:

362 1771 532 1843 suum
579 1755 928 1826 manducant
956 1756 1011 1843 ei
1038 1754 1254 1815 bibuntv
1289 1756 1525 1843 ideoque
1554 1754 1635 1808 rei
1664 1760 1797 1843 sunt
1848 1772 2026 1836 σοι’-Β
2046 1774 2103 1825 et
2140 1769 2395 1843 quamxis
2414 1770 2577 1843 juxta
2602 1770 2878 1824 rationem
2900 1768 3203 1822 subsistere
3225 1767 3489 1821 adversus
3508 1783 3645 1839 pra;-

360 1842 513 1913 poris
535 1847 592 1896 et
615 1843 905 1916 sanguinis
929 1842 1157 1898 Christi.
1179 1844 1249 1898 Et
1268 1844 1399 1898 alibi
1417 1836 1622 1898 dicitur
1640 1842 1743 1897 sub
1764 1844 1959 1897 eodem

358 1947 532 1993 sensu
563 1946 575 1980 :
608 1930 788 1993 Nemo
808 1930 945 1986 dicit
972 1932 1274 1999 Dominum
1302 1934 1512 2001 Jesum,
1538 1933 1645 1986 nisi
1668 1934 1724 1986 in
1750 1932 1961 2003 Spiritu

354 2020 720 2075 sancto.Cum
741 2021 935 2101 utique
954 2022 1120 2089 multi
1144 2039 1270 2076 eum
1295 2028 1516 2076 tantum
1548 2019 1731 2075 verbis
1753 2022 1962 2076 fatean-

352 2114 471 2172 tur,
502 2109 602 2163 sed
631 2108 903 2164 habentes
961 2109 1198 2164 formam
1231 2110 1478 2182 pietatis,
1520 2109 1782 2164 virtutem
1841 2110 1961 2180 ejus

353 2194 658 2268 abnegant,
724 2197 819 2269 qui
872 2200 1214 2265 confitentur
1239 2187 1300 2253 se
1342 2215 1505 2254 nosse
1545 2199 1743 2267 Deum,
1802 2199 1961 2253 factis

352 2290 548 2340 autem
569 2291 797 2357 negant.

427 2375 495 2433 Et
524 2372 719 2429 datum
744 2382 819 2429 est
850 2379 965 2432 illis
994 2392 1060 2431 nc
1090 2379 1393 2431 occiderent
1418 2394 1517 2431 eos.
1561 2378 1647 2431 Ad
1675 2374 1966 2448 superiora

364 2464 684 2545 respiciunt
732 2464 862 2532 ista,
895 2465 951 2519 id
1003 2471 1092 2520 est
1112 2462 1183 2520 ad
1227 2465 1439 2531 fenum,
1473 2466 1543 2520 ad
1572 2460 1958 2532 omne'viride,

356 2551 432 2606 ad
462 2550 714 2617 arbores,
744 2570 866 2624 qua:
895 2554 952 2607 in
984 2551 1194 2609 bonum
1220 2554 1620 2629 intelleximus,
1653 2558 1711 2609 et
1751 2573 1784 2609 υ.
1831 2571 1965 2625 (μων

354 2656 489 2694 rum
520 2645 701 2695 morte
722 2648 779 2696 et
813 2642 1039 2697 laesione
1066 2642 1360 2714 prohibitae
1402 2650 1535 2698 sunt
1572 2634 1818 2698 locusta}.
1857 2642 1962 2699 Sed

358 2734 425 2783 ut
445 2733 765 2784 cruciarent
790 2734 1068 2785 mensibus
1098 2736 1363 2800 quinque.
1397 2730 1505 2786 Per
1532 2732 1779 2805 quinque
1810 2749 1962 2786 men-

359 2834 453 2871 ses
508 2814 844 2890 intelligitur
882 2836 1046 2874 omne
1098 2838 1342 2893 praesens
1384 2830 1630 2892 tempus,
1660 2838 1695 2885 a
1737 2822 1960 2875 Domini

360 2906 579 2979 scilicet
608 2908 937 2963 ascensione
966 2925 1142 2981 usque
1189 2909 1259 2967 ad
1306 2912 1473 2979 finem
1521 2909 1728 2975 saeculi,
1759 2910 1819 2963 in
1849 2925 1959 2980 quo

358 2990 616 3059 haeretici
651 3002 708 3051 et
727 2997 912 3053 caeteri
942 2986 1195 3052 inﬁdeles
1218 3004 1275 3053 et
1294 2998 1450 3077 impii
1480 2999 1746 3053 adversus
1762 2994 1958 3053 Eccle-

365 3084 510 3139 siam
529 3089 884 3157 grassantur.
916 3087 1061 3141 Nam
1092 3088 1224 3160 quia
1254 3052 1547 3169 quiuarius
1586 3104 1857 3161 numerus
1891 3082 1961 3141 ad
1987 3052 2031 3113 θ

363 3173 611 3263 quinque
637 3191 833 3229 sensus
863 3176 1111 3253 corporis
1136 3176 1397 3249 pertinet,
1419 3183 1567 3231 recte
1595 3193 1694 3259 per
1714 3176 1962 3247 quinque

362 3254 589 3318 menses
610 3280 776 3329 omne
794 3281 1039 3335 praesens
1068 3268 1291 3341 tempus
1312 3254 1806 3351 intelligitur,quia
1834 3254 1963 3337 tan-

348 3344 462 3404 ‘diu
487 3350 647 3443 impii
676 3352 883 3407 sanctis
912 3370 1114 3408 nocere
1164 3348 1417 3425 possunt,
1437 3344 1961 3431 quandiu'quinque

362 3438 622 3495 sensibus
649 3442 896 3519 corporis
926 3440 1253 3496 subsistant.
1289 3442 1354 3497 Et
1386 3446 1667 3499 cruciatus
1686 3459 1876 3497 eorum
1900 3449 1963 3497 ut

362 3531 647 3583 cruciatus
666 3534 870 3599 scorpii
889 3547 1014 3587 cum
1038 3534 1279 3600 percutit
1311 3532 1610 3585 hominem.
1640 3530 1796 3587 Sicut
1815 3532 1963 3586 enim

361 3619 583 3689 scorpio
608 3636 643 3672 a
674 3617 1075 3699 posterioribus
1102 3636 1317 3674 venena
1342 3619 1625 3688 diffundit,
1657 3621 1736 3675 ita
1756 3621 1844 3693 illi
1874 3637 1965 3674 re-

362 3707 523 3780 probi
554 3708 623 3761 iis
655 3726 776 3781 qua:
810 3708 921 3763 cito
951 3714 1267 3776 transeunt,
1301 3713 1357 3763 et
1386 3710 1442 3763 in
1486 3709 1747 3781 praesenti
1799 3710 1965 3763 relin-

362 3788 637 3889 quuntur,
656 3804 823 3873 atque
843 3792 969 3852 ideo
983 3797 1297 3870 posteriora
1316 3803 1958 3870 nuncupanturmocent,

364 3882 554 3939 ethoc
590 3885 646 3940 in
677 3886 873 3953 cauda,
926 3882 979 3941 id
1008 3892 1094 3943 est
1130 3885 1188 3960 in
1234 3891 1509 3959 potestate
1552 3887 1722 3957 hujus
1752 3886 1958 3953 saeculi,

363 3975 451 4049 vel
501 3975 669 4037 minis
712 3970 992 4057 quoslibet
1030 3975 1467 4059 confringantes,
1523 3976 1609 4029 vel
1656 3966 1963 4030 commodis

361 4062 737 4137 blandientes.

435 4154 501 4208 Et
533 4156 591 4207 in
614 4155 801 4207 diebus
824 4154 940 4208 illis
961 4160 1202 4225 quarent
1222 4156 1466 4210 homines
1496 4160 1747 4229 mortem,
1778 4160 1827 4209 et
1850 4173 1961 4211 non

362 4244 656 4311 invenient
684 4258 821 4295 eam.
853 4238 983 4315 Dies
1004 4241 1097 4297 isti
1120 4243 1323 4314 quibus
1345 4243 1507 4299 electi
1540 4249 1792 4319 quaerent
1811 4262 1962 4299 mor-

360 4336 478 4403 tem
506 4331 901 4403 intelliguntur
927 4330 998 4385 ab
1028 4335 1353 4405 ascensione
1400 4326 1625 4389 Domini
1669 4350 1847 4405 usque
1890 4334 1959 4387 ad

2044 1858 2322 1912 dicatores
2340 1864 2765 1928 nequeant,sem
2772 1875 2871 1941 per
2883 1862 3073 1929 tamen
3086 1855 3546 1929 irrationabiliter
3558 1871 3645 1909 ve-

2044 1947 2199 2000 ritati
2212 1947 2500 2002 resistunt.
2527 1948 2590 2002 Et
2615 1963 2779 2016 super
2798 1950 2977 2017 capita
2990 1963 3187 2000 earum
3206 1950 3472 2017 tanquam
3496 1960 3645 2015 coro-

2044 2051 2127 2089 na:
2156 2039 2365 2089 similes
2394 2036 2834 2109 auro.Superius
2855 2035 3068 2089 dictum
3098 2038 3183 2088 est
3211 2032 3279 2087 de
3306 2032 3641 2119 senioribus,

2045 2124 2190 2199 quod
2213 2124 2497 2178 habebant
2519 2142 2751 2179 coronas
2773 2140 2974 2178 aureas
2998 2122 3056 2177 in
3077 2122 3354 2201 capitibus
3375 2122 3511 2193 suis,
3544 2137 3645 2199 per

2045 2230 2185 2285 quas
2224 2213 2548 2286 triumphus
2587 2212 2829 2281 victoria;
2877 2212 3102 2265 illorum
3141 2210 3510 2284 significatur.
3544 2205 3645 2281 Isti

2043 2306 2232 2375 autem
2286 2319 2398 2375 non
2450 2302 2661 2373 habent
2698 2318 2951 2368 coronas,
2984 2301 3083 2373 sed
3128 2300 3400 2372 quasdam
3436 2300 3645 2370 ﬁguras

2046 2396 2317 2465 tanquam
2336 2408 2588 2463 coronas,
2620 2408 2722 2445 nec
2745 2396 2878 2463 sunt
2896 2407 3101 2451 aureae,
3123 2388 3218 2442 sed
3241 2387 3455 2442 similes
3485 2403 3645 2461 auro,

2048 2481 2208 2552 quasi
2247 2481 2459 2536 scilicet
2508 2479 2787 2551 quoddam
2841 2478 3103 2533 falsitatis
3132 2479 3485 2555 ﬁgmentum,
3515 2476 3648 2553 quia

2044 2570 2300 2637 videlicet
2330 2570 2437 2641 ipsi
2465 2586 2525 2627 se
2555 2570 2792 2633 victores
2819 2568 3110 2637 simulant,
3144 2571 3201 2620 et
3225 2566 3424 2637 dignos
3452 2581 3645 2637 remu-

2042 2659 2353 2731 neratione,
2387 2658 2485 2713 sed
2539 2674 2641 2711 nec
2670 2673 2921 2725 coronas,
2955 2672 3059 2709 nec
3099 2672 3162 2708 ex
3215 2648 3353 2721 auro
3411 2652 3641 2731 habent,

2042 2745 2190 2815 quia,
2206 2749 2269 2798 ut
2289 2746 2587 2817 Apostolus
2608 2745 2707 2815 ait,
2726 2744 2997 2819 habentes
3016 2744 3253 2797 formam
3271 2741 3516 2815 pietatis,
3540 2736 3647 2815 viré

2039 2838 2217 2903 tutem
2251 2835 2372 2904 ejus
2403 2834 2705 2907 abnegant.
2732 2834 2792 2889 Et
2812 2836 2979 2902 facies
2999 2848 3193 2886 earum
3221 2822 3459 2897 subaudi
3486 2828 3643 2883 locu-

2042 2923 2445 2978 starum.Sicul
2474 2925 2641 2992 facies
2673 2924 2965 2993 hominum
2994 2924 3173 2992 erant.
3196 2918 3339 2989 Quia
3367 2917 3535 2993 homo
3559 2921 3645 2987 est

2042 3011 2251 3081 animal
2274 3000 2567 3081 rationale,
2590 3027 2688 3084 per
2704 3010 2901 3081 faciem
2924 3010 3214 3087 hominum
3236 3005 3645 3081 rationabilitas

2045 3117 2242 3165 eorum
2276 3100 2628 3173 intelligitur,
2646 3100 2779 3175 quia
2797 3099 2929 3153 licet
2948 3098 3060 3152 sint
3080 3097 3403 3153 seductores
3425 3112 3642 3177 eorum,

2045 3192 2235 3245 tamen
2265 3188 2434 3241 etiam
2465 3187 2643 3241 multa
2670 3204 2802 3241 vera
2844 3187 3055 3263 dicunt,
3089 3192 3146 3259 et
3182 3184 3460 3261 dialectici
3490 3187 3643 3263 sunt,

2044 3283 2385 3347 ceterasque
2413 3281 2563 3331 artes
2592 3275 2851 3330 liberales
2879 3276 3082 3334 sciunt.

2115 3368 2181 3420 Et
2203 3368 2470 3421 habebant
2502 3369 2727 3437 capillos
2755 3369 2895 3421 sicut
2926 3368 3150 3435 capillos
3196 3365 3471 3431 mulieris.
3510 3360 3646 3441 Elu-

2047 3471 2151 3509 xus
2168 3454 2421 3509 mulieris
2451 3455 2509 3508 in
2538 3454 2755 3526 capillis
2784 3471 2906 3509 esse
2927 3453 3291 3529 dignoscitur.
3322 3452 3481 3526 Unde
3500 3451 3645 3533 Apo-

2049 3543 2227 3613 stolus
2258 3560 2269 3592 :
2308 3544 2513 3596 Mulier
2542 3545 2592 3597 si
2637 3560 2850 3601 comam
2890 3545 3130 3611 nutriat,
3158 3543 3340 3611 gloria
3370 3543 3444 3609 est
3474 3540 3567 3599 illi

2050 3632 2170 3685 Cor.
2209 3633 2305 3699 χι).
2341 3631 2448 3685 Per
2475 3628 2705 3704 capillos
2761 3647 2892 3702 ergo
2930 3626 3251 3704 mulierum,
3299 3626 3646 3699 eﬂ‘eminatos

2050 3648 2170 3685 cor.
2209 3648 2305 3699 χι).
2341 3648 2448 3685 rer
2475 3648 2538 3685 ca
2582 3648 2705 3687 lllOS
2761 3648 2892 3702 ergo
2930 3648 3251 3704 munerum,
3299 3648 3646 3699 euemmatos

2047 3718 2273 3772 illorum
2296 3719 2514 3776 animos
2543 3648 2860 3791 Fntelligere
2880 3715 3148 3789 debemus
3168 3720 3223 3770 et
3245 3715 3497 3787 lascivos,
3517 3714 3650 3791 quia

2047 3814 2179 3865 sunt
2203 3808 2457 3861 homines
2488 3807 2594 3860 sibi
2650 3808 2935 3881 placentes
2976 3810 3032 3859 et
3058 3823 3190 3879 suas
3219 3804 3529 3881 voluptates
3553 3820 3646 3863 se-

2047 3822 2179 3865 sunt
2203 3822 2457 3861 nomines
2488 3822 2594 3860 sun
2650 3822 2935 3881 placentes
2976 3822 3032 3859 et
3058 3823 3190 3879 suas
3219 3822 3342 3879 voru
3374 3822 3529 3873 tates
3553 3822 3646 3863 se-

2047 3898 2303 3967 quentes.
2324 3897 2449 3950 Sive
2470 3913 2572 3968 per
2588 3895 2786 3969 faciem
2809 3895 3103 3967 hominum
3125 3899 3180 3947 et
3201 3822 3432 3969 capillos
3451 3892 3649 3961 mulie-

2045 4001 2192 4063 rum,
2226 3990 2464 4056 uterque
2494 4002 2657 4040 sexus
2682 3983 3037 4061 intelligitur,
3054 3982 3185 4063 quia
3219 3974 3300 4037 illi
3321 3999 3434 4057 non
3462 3980 3644 4049 solum

2046 4001 2192 4063 rum,
2226 4001 2464 4056 uterque
2494 4002 2657 4040 sexus
2682 4001 3037 4061 Intelliguur,
3092 4001 3185 4036 uia
3219 4001 3300 4037 nu
3321 4001 3434 4057 non
3462 4001 3644 4049 soxum

2046 4072 2392 4146 deceperunt
2420 4074 2587 4141 viros,
2620 4073 2715 4145 sed
2756 4073 2927 4127 etiam
2972 4001 3258 4127 mulieres.
3310 4071 3455 4141 Quia
3495 4069 3646 4143 enirn

2045 4156 2292 4231 haeretici
2322 4161 2390 4216 ad
2417 4163 2522 4217 hoc
2551 4167 2615 4219 ut
2652 4162 2880 4216 locustae
2932 4160 3159 4228 saliunt,
3194 4163 3251 4213 et
3279 4160 3408 4247 equi
3438 4156 3649 4229 discur-

2044 4256 2197 4325 runt,
2229 4255 2285 4304 et
2314 4256 2507 4321 tamen
2543 4252 2602 4306 in
2632 4250 2891 4305 omnibus
2919 4250 3141 4319 veritati
3171 4248 3463 4321 resistunt,
3496 4254 3647 4307 recte

2043 4338 2267 4394 illorum
2300 4339 2486 4411 Opinio
2525 4341 2664 4394 feto:
2705 4356 2826 4394 esse
2851 4336 3203 4407 describitur.
3238 4336 3399 4411 Unde
3431 4340 3487 4391 et
3512 4336 3646 4410 ipsa;

362 4408 537 4511 finem
568 4420 783 4511 seaculi:
795 4420 1134 4511 Specialiteri
1150 4426 1339 4511 autem
1362 4422 1454 4476 fiet
1483 4421 1589 4511 hoc
1616 4408 2029 4494 temporibusD
2049 4427 2312 4481 mulieres
2334 4408 2726 4487 defendebant
2755 4446 2868 4495 eos,
2900 4429 3047 4482 sicut
3080 4443 3238 4499 soror
3266 4408 3645 4505 Constantini,

362 4507 703 4585 antichristi.
738 4505 1004 4561 Homines
1034 4508 1092 4561 in
1122 4506 1225 4562 hoc
1263 4509 1384 4562 loco
1423 4509 1727 4582 accipimus
1774 4527 1960 4564 sacer—
2047 4531 2169 4587 quae
2197 4515 2394 4570 Arium
2416 4516 2692 4569 revocavit
2710 4516 2778 4570 ab
2800 4517 2992 4571 exsilio
3021 4533 3031 4567 :
3059 4517 3116 4569 et
3136 4510 3513 4585 sicutJustina
3525 4529 3647 4593 qua:

361 4596 524 4673 dotes
554 4596 611 4649 et
640 4594 999 4663 ecclesiarum
1032 4597 1377 4671 praepositos,
1409 4597 1505 4673 qui
1548 4614 1674 4654 cum
1720 4599 1964 4654 viderint
2046 4603 2575 4663 eamdemArianam
2597 4604 2911 4658 doctrinam
2934 4601 3183 4656 defendit
3201 4605 3394 4655 contra
3414 4594 3648 4674 Ambro-

362 4688 619 4756 tempore
648 4684 745 4738 illo
769 4687 989 4755 tantum
1015 4686 1306 4757 pravitatis
1352 4684 1558 4760 dogma
1600 4704 1954 4761 consurgere,

361 4766 510 4847 sicut
538 4792 604 4829 ex
643 4779 803 4847 parte
846 4776 965 4848 jam
996 4776 1205 4849 factum
1237 4781 1322 4830 est
1346 4777 1693 4851 temporibus
1739 4762 1960 4833 haereti-

362 4880 581 4943 corum,
607 4866 859 4936 quaerent
886 4871 1146 4945 mortem,
1176 4865 1307 4938 quia
1343 4866 1554 4941 scilicet
1599 4866 1875 4937 cptabunt
1902 4867 1959 4941 in

363 4952 468 5009 Dei
499 4952 969 5024 contemplatione
991 4953 1317 5029 consistere,
1349 4960 1412 5010 ut
1433 4955 1547 5010 sint
1570 4956 1776 5027 mundo
1808 4973 1961 5010 mor-

362 5039 449 5113 tui
473 5048 530 5095 et
555 5040 815 5096 omnibus
840 5040 1027 5096 saeculi
1056 5040 1389 5109 actionibus,
1414 5047 1470 5115 et
1492 5044 1680 5115 vivant
1708 5044 1960 5099 Deo.Sed

361 5128 475 5201 ista
497 5128 875 5209 quaerentibus
895 5126 1074 5205 fugiet
1099 5148 1248 5205 mors
1277 5132 1348 5211 ab
1372 5132 1472 5209 eis,
1506 5133 1637 5205 quia
1666 5131 1963 5203 insolubile

360 5218 651 5291 vinculum
669 5218 961 5293 regiminis
982 5219 1256 5293 astringat
1278 5220 1529 5288 illos,nec
1555 5224 1817 5297 poterunt
1832 5237 1963 5295 gre-

363 5324 496 5383 gem
519 5304 623 5361 sibi
652 5308 1010 5365 commissum
1039 5310 1356 5390 relinquere
1384 5310 1444 5363 in
1470 5296 1568 5364 ora
1588 5309 1867 5387 luporum,
1894 5328 1963 5366 ne

361 5395 510 5452 forte
539 5394 745 5473 damna
768 5416 1004 5473 gregum
1046 5415 1215 5471 super
1244 5415 1337 5453 eos
1368 5402 1739 5473 revertantur,
1772 5404 1827 5452 et
1857 5399 1967 5452 illis

362 5484 422 5542 in
453 5472 744 5558 peccatum
776 5472 1091 5565 reputetur,
1121 5486 1167 5559 si
1190 5503 1284 5549 eos
1311 5503 1500 5541 errare
1529 5472 1628 5541 aut
1650 5487 1833 5559 perire
1864 5506 1965 5562 pro

362 5574 454 5629 sui
479 5574 669 5647 quiete
698 5575 1079 5647 permiserint.
1112 5576 1179 5632 Et
1230 5578 1448 5647 cupient
1493 5580 1658 5645 mori,
1703 5579 1752 5631 et
1790 5579 1966 5645 fugiet

2043 4691 2209 4763 sium,
2245 4699 2301 4746 et
2325 4692 2448 4747 aliae
2474 4692 2683 4747 multa}.
2718 4693 2969 4746 Locustae
2993 4706 3126 4765 ergo
3147 4690 3315 4744 facies
3344 4689 3645 4771 humanas,

2044 4785 2101 4833 et
2127 4781 2357 4852 capillos
2386 4781 2687 4835 mulierum
2719 4780 3026 4846 habent,ut
3048 4766 3106 4834 in
3135 4775 3395 4833 haeretica
3410 4766 3647 4857 perfidia

2042 4873 2280 4947 uterque
2303 4886 2466 4923 sexus
2498 4869 2601 4922 sibi
2633 4873 2716 4937 (ut
2750 4868 2831 4922 ita
2862 4866 3119 4937 dixerim)
3147 4863 3386 4941 nequius
3408 4862 3646 4938 applau-

2044 4957 2160 5033 dat,
2191 4961 2423 5013 tueatur
2452 4961 2622 5030 atque
2653 4954 2933 5011 defendat.
2964 4956 3209 5009 Possunt
3235 4954 3407 5029 etiam
3434 4971 3535 5045 per
3559 4972 3647 5009 ca-

2043 5043 2207 5118 pillos
2236 5046 2536 5101 mulierum
2563 5045 2670 5116 ipsi
2701 5042 3102 5121 intelligi,quos
3132 5043 3379 5117 haeretici
3408 5042 3644 5123 decepe-

2045 5139 2201 5207 runt,
2217 5134 2436 5193 animos
2456 5132 2666 5187 scilicet
2678 5128 2948 5199 habentes
2964 5132 3316 5199 seducibiles,
3335 5138 3392 5209 et
3410 5128 3645 5209 mollitie

2045 5214 2379 5279 feminarum
2416 5222 2702 5277 ﬂexibiles.
2724 5222 2789 5277 Et
2820 5224 3004 5277 dentes
3026 5239 3243 5288 earum,
3276 5206 3543 5277 subaudis
3566 5206 3646 5277 lo-

2047 5318 2355 5383 custarum,
2390 5316 2451 5365 ut
2483 5315 2701 5366 leonum
2731 5315 2910 5365 erant.
2942 5311 3151 5385 Dentes
3188 5308 3413 5385 leonum
3437 5308 3647 5373 habent

2049 5396 2325 5475 laniatum
2354 5404 2410 5453 et
2438 5400 2672 5456 fetorem
2717 5400 3053 5456 naturalem.
3095 5398 3257 5456 Tales
3287 5404 3451 5454 erant
3474 5398 3645 5453 haere-

2049 5489 2162 5557 tici,
2198 5490 2292 5560 qui
2323 5489 2538 5542 animas
2566 5488 2855 5545 hominum
2886 5489 3317 5557 interﬁciebant,
3354 5491 3409 5540 et
3437 5482 3643 5559 malam

2046 5579 2255 5633 famam
2285 5578 2354 5633 de
2377 5594 2437 5633 se
2467 5572 2818 5636 emittebant.
2834 5579 2900 5635 Et
2926 5578 3071 5633 sicut
3090 5575 3247 5632 bonis
3275 5571 3483 5631 Christi
3502 5590 3642 5645 prae-
