4048 6172
462 186 600 250 1055
897 192 1205 249 HAYMON
1209 192 1276 249 IS
1309 192 1801 251 HALBERSTAT.
1833 193 2058 251 EPISC.

2140 194 2270 251 )PP.
2300 194 2486 251 PARS
2512 196 2558 251 Ι.
2591 222 2659 236 -
2689 193 3057 251 COMMEN'I‘.
3093 196 3276 251 BIBL.
3581 194 3702 251 1056

458 335 798 393 dicatoribus
816 339 1307 406 convenit,0hristi
1321 341 1491 393 bonus
1511 340 1645 394 odor
1658 356 1778 394 sum
1786 344 1880 411 us(
1882 343 1910 395 Ι
1912 334 2116 396 Ιϐον.Α
2138 341 2260 413 ipse
2287 340 2571 396 hominem
2594 340 2864 394 creaverit
2886 345 2986 395 aut
3004 346 3180 411 regat,
3201 341 3302 396 sed
3317 357 3429 412 quo
3444 356 3606 411 super
3622 356 3706 395 eos

461 424 543 495 II),
576 425 657 480 sic
687 429 1002 483 econtrario
1048 428 1171 483 istis
1230 428 1470 499 erit.pro
1500 428 1655 483 suavi
1686 430 1856 483 odore
1890 430 2051 485 fetor.
2136 431 2577 486 dominationem
2602 436 3023 501 cxerceat,quos
3036 430 3138 484 sibi
3163 448 3264 502 per
3290 436 3577 502 peccatum
3605 445 3709 483 ser-

532 516 603 570 Et
624 517 891 571 habebant
925 520 1123 572 loricas
1147 520 1289 571 sicut
1321 520 1519 572 loricas
1548 520 1779 586 ferreas.
1826 520 1935 572 Per
1970 519 2055 573 lo-
2136 536 2232 576 vos
2278 520 2505 574 addicit.
2555 522 2660 576 Cui
2688 535 2886 573 nomen
2929 519 3189 576 Hebraice
3237 521 3529 584 labbadon,
3560 519 3710 574 Grece

459 602 607 658 ricas
625 604 920 660 obﬁrmata
940 606 1548 677 etduraperversorum
1570 606 1862 662 hominum
1887 608 2056 661 corda
2141 614 2327 663 autem
2367 613 2661 678 appolyon,
2696 611 2884 663 Latine
2922 614 3107 662 autem
3138 610 3297 663 habet
3328 623 3528 662 nomen
3557 612 3715 661 exter-

464 698 874 761 monstrantur,
907 696 1036 766 quia
1061 696 1207 750 sicut
1234 695 1402 749 homo
1455 695 1626 750 lorica
1676 697 1947 753 munitur.
1990 714 2062 751 ne
2142 701 2388 753 minans.
2434 698 2594 762 Quod
2641 698 2697 751 in
2728 696 3063 768 quibusdam
3122 696 3411 752 codicibus
3458 695 3718 752 invenitur

897 192 1276 249 HAYMONIS
1309 192 1801 254 HALBERSTAT.
1833 193 2071 255 EPISC.
2111 194 2270 254 OPP.
2300 194 2486 253 PARS
2512 196 2558 255 Ι.
2591 222 2659 236 -
2689 193 3057 253 COMMENT.
3093 196 3276 253 BIBL.

461 781 668 837 ictibus
694 784 933 838 telorum
965 784 1308 847 vulneretur,
1338 784 1419 837 ita
1443 784 1525 838 illi
1554 801 1658 838 sua
1685 785 2061 839 obstinatione

459 869 813 934 muniuntur,
837 889 907 926 ne
923 872 1128 943 sagitta
1148 872 1398 927 veritatis
1419 872 1489 927 ad
1518 873 1688 927 corda
1716 873 1940 927 illorum
1971 890 2060 928 ve-

457 957 601 1023 niat,
626 964 683 1013 et
718 959 801 1013 ita
829 960 1136 1014 defendunt
1173 960 1486 1031 perﬁdiam,
1526 961 1672 1015 sicut
1698 962 1893 1017 fideles
1920 962 2060 1015 veri-

457 1050 657 1113 tatem,
681 1048 872 1120 sicque
900 1049 1191 1103 mendacio
1213 1050 1406 1117 dediti,
1435 1055 1804 1105 contemnunt
1833 1050 2058 1105 obedire

2143 785 2412 858 scriptum
2433 786 2677 853 abadon,
2696 785 2792 840 ubi
2809 786 3022 839 scilicet
3035 785 3282 857 primum
3304 790 3392 840 est
3411 801 3465 851 a,
3487 784 3581 839 sed
3594 784 3716 838 falso

2143 876 2416 947 scriptum
2441 881 2546 943 est,
2562 882 2616 930 et
2637 875 2768 930 vitio
2789 875 3079 946 scriptoris
3108 874 3320 929 factum
3338 892 3353 942 ;
3380 873 3479 928 sed
3495 873 3717 945 primum

2132 964 2218 1045 ibi
2235 965 2556 1036 ponendum
2577 966 2622 1031 Ι,
2644 979 2701 1020 et
2720 964 2996 1019 labbadon
3024 964 3349 1029 dicendum,
3372 964 3519 1018 sicut
3540 961 3717 1016 beatus

2143 1052 2519 1125 Hieronymus
2554 1052 2688 1108 dicit
2732 1053 2792 1107 in
2822 1051 3113 1107 Hebraicis
3142 1049 3710 1123 interpretationibus.

457 1134 789 1191 veritati.Et
806 1138 1115 1191 notandum
1131 1154 1297 1209 quam
1327 1142 1460 1209 apta
1488 1139 1563 1192 sit
1586 1139 1976 1193 haereticorum
1994 1139 2052 1192 in
2136 1141 2282 1205 Quid
2314 1142 2386 1196 sit
2410 1149 2600 1197 autem
2635 1142 2905 1197 Hebraice
2933 1140 3230 1206 labbadon,
3254 1141 3452 1196 Graece
3479 1140 3717 1211 apollyon

457 1222 698 1295 singulis
715 1226 1005 1297 speciebus
1025 1227 1489 1298 comparatio,qui
1512 1232 1564 1281 et
1587 1228 1642 1281 in
1665 1229 1893 1282 locustis
1920 1228 2053 1282 elati
2134 1229 2463 1302 exprimitur
2512 1247 2637 1285 cum
2668 1230 2944 1293 subditur,
2973 1231 3172 1284 Latine
3198 1228 3376 1284 habet
3403 1244 3600 1282 nomen
3644 1243 3721 1281 ex.

462 1317 520 1367 et
571 1316 721 1383 vani,
771 1322 828 1369 et
868 1316 927 1369 in
974 1316 1165 1370 caudis
1212 1316 1567 1386 scorpionum
1597 1318 1876 1382 venenati,
1909 1322 1965 1372 et
1994 1318 2053 1371 in
2138 1319 2551 1373 terminans.In
2575 1319 2662 1373 his
2685 1319 2891 1390 quippe
2913 1318 3232 1373 nominibus
3251 1318 3512 1371 diabolus
3530 1316 3721 1369 intelli-

462 1402 621 1472 equis
642 1403 911 1458 lasciviae
931 1404 1073 1469 vani,
1099 1410 1156 1459 et
1174 1405 1231 1458 in
1253 1405 1500 1458 humana
1521 1405 1657 1459 facie
1699 1406 2057 1461 simulatione
2138 1406 2312 1476 gitur,
2341 1407 2437 1478 qui
2463 1407 2718 1460 homines
2755 1407 3111 1473 exterminat,
3142 1406 3198 1459 id
3223 1412 3312 1459 est
3328 1410 3488 1459 extra
3506 1404 3719 1475 patriam

462 1489 669 1552 callidi,
694 1496 752 1545 et
770 1491 827 1545 in
843 1492 1056 1563 capillis
1086 1492 1383 1547 mulierum
1412 1494 1660 1548 moribus
1680 1496 2055 1566 incompositi,
2142 1496 2421 1549 caelestem
2445 1496 2773 1567 emittit,qui
2795 1495 3041 1549 audituri
3063 1500 3196 1549 sunt
3223 1513 3234 1547 :
3282 1489 3546 1548 Discedite
3573 1510 3604 1545 α
3630 1509 3716 1555 me,

464 1580 599 1632 etin
647 1579 908 1635 dentibus
937 1581 1163 1635 leonum
1199 1582 1380 1646 fetidi,
1412 1588 1469 1636 et
1513 1584 1571 1637 in
1616 1584 1807 1638 loricis
1862 1584 2059 1639 ferreis
2141 1587 2440 1651 maledicti,
2468 1588 2531 1637 in
2558 1588 2741 1652 ignem
2770 1591 3037 1638 .eternum
3060 1584 3283 1653 (Matth.
3325 1579 3724 1644 xxv).Extermi-

462 1667 629 1722 corde
655 1674 926 1723 notantur
952 1670 1170 1741 perﬁdi.
1205 1673 1270 1725 Et
1298 1688 1400 1726 ver
1426 1673 1656 1726 alarum
1691 1690 1886 1728 earum
1916 1677 2059 1727 sicut
2085 1672 2427 1747 Bnabuntur
2456 1673 2604 1727 enim
2654 1672 2870 1743 injusti,
2914 1672 3117 1742 quibus
3144 1671 3252 1725 hoc
3283 1671 3522 1735 dicetur,
3551 1669 3604 1724 id
3652 1674 3724 1721 est

462 1774 565 1812 vos:
591 1774 1145 1829 curruumequorum
1168 1763 1477 1814 multorum
1501 1767 1851 1815 currentium
1873 1764 1946 1816 ad
1963 1765 2067 1817 bel-

464 1848 600 1901 lum.
627 1847 787 1912 Quod
817 1849 1076 1920 superius
1104 1866 1203 1920 per
1231 1850 1455 1915 caudas,
1488 1851 1593 1905 hoc
1622 1851 1953 1922 designatur
1975 1852 2065 1905 hic

461 1951 565 2005 per
595 1937 713 1990 alas
754 1938 1118 2004 locustarum,
1151 1938 1208 1992 id
1238 1946 1324 1992 est
1353 1940 1606 2009 potentia
1643 1940 2061 2007 haereticorum,

459 2024 549 2078 vel
576 2025 832 2081 doctrina
851 2027 1047 2094 electa,
1081 2044 1250 2098 quam
1280 2027 1387 2098 ipsi
1418 2029 1651 2099 eligunt.
1688 2030 1938 2093 Quarum
1965 2047 2065 2084 vox

464 2113 635 2168 etiam
665 2114 808 2169 bene
828 2115 1027 2170 similis
1057 2115 1262 2169 dicitur
1290 2135 1301 2169 :
1336 2117 1592 2171 curribus
1633 2134 1904 2188 equorum
1936 2136 2065 2172 cur-

462 2200 709 2254 rentium
735 2201 795 2255 in
824 2201 1052 2256 bellum.
1086 2204 1232 2257 Nam
1269 2220 1469 2257 currus
1497 2205 1721 2274 quando
1752 2222 1787 2258 a
1830 2204 2065 2260 stabulis

461 2288 758 2358 prodeunt,
811 2290 973 2344 divisi
1026 2291 1097 2344 ab
1125 2291 1361 2345 invicem
1407 2299 1463 2346 et
1514 2293 1754 2363 sejuncti
1802 2294 2063 2349 incedere

463 2376 648 2430 solent
664 2393 953 2449 usquequo
973 2378 1042 2433 ad
1065 2380 1249 2433 locum
1275 2381 1600 2435 certaminis
1620 2382 1910 2436 venientes
1928 2399 2065 2437 con-

458 2465 790 2535 jungantur,
838 2473 892 2521 et
934 2467 1056 2538 pari
1086 2474 1212 2522 voto
1241 2474 1533 2540 pugnent:
1581 2471 1668 2524 Ita
1707 2477 1764 2525 et
1811 2471 2062 2526 haeretici

464 2554 796 2626 semetipsos
824 2555 1098 2623 dividunt,
1118 2561 1176 2611 et
1199 2558 1511 2612 contrarios
1546 2559 1651 2613 sibi
1683 2576 1901 2613 errores
1932 2577 2063 2632 pro-

461 2641 670 2710 ferunt,
699 2643 850 2698 verbi
868 2646 1087 2714 gratia:
1114 2646 1386 2701 Photinus
1416 2653 1585 2717 negat
1606 2648 1896 2702 Christum
1931 2654 2063 2703 ante

460 2730 698 2785 Mariam
718 2731 910 2798 fuisse,
942 2734 1042 2787 sed
1071 2750 1135 2788 ex
1166 2735 1288 2806 ipsa
1314 2735 1542 2789 initium
1571 2736 1708 2790 dicit
1745 2752 1873 2790 eum
1906 2754 2062 2791 sum-

460 2819 657 2891 psisse,
693 2830 751 2875 et
790 2838 980 2877 verum
1039 2839 1241 2894 corpus
1285 2823 1549 2878 habuisse
1602 2825 1865 2893 Econtra,
1896 2826 2062 2880 Arius

459 2907 598 2963 dicit
625 2926 756 2964 eum
787 2916 918 2965 ante
947 2912 1150 2966 saecula
1196 2916 1393 2966 natum
1452 2917 1510 2967 et
1557 2919 1876 2968 creaturam
1916 2931 2057 2969 esse.

2149 1762 2446 1831 ejicientur
2487 1761 2558 1814 ab
2597 1761 2748 1814 omni
2798 1760 3068 1815 societate
3107 1765 3458 1814 sanctorum.
3489 1758 3724 1827 Legimus

2147 1850 2296 1903 enim
2318 1851 2378 1904 in
2397 1850 2715 1920 Evangelio,
2750 1850 2899 1920 quod
2920 1866 3089 1920 super
3104 1865 3329 1903 crucem
3361 1848 3582 1902 Domini
3608 1846 3726 1900 scri-

2146 1945 2304 2010 ptum
2348 1940 2534 1993 fuerat
2567 1939 2779 2006 Grzece,
2808 1937 3080 1992 Hebraice
3110 1943 3166 1991 ct
3206 1937 3431 2003 Latine,
3465 1937 3591 2007 quia
3636 1936 3727 1988 iste

2146 2033 2261 2081 tres
2282 2028 2486 2098 linguae
2507 2033 2641 2082 tunc
2662 2027 2927 2098 vigebant
2948 2046 2959 2079 :
2998 2030 3098 2082 Hic
3119 2031 3199 2080 est
3226 2028 3387 2081 Jesus
3424 2041 3524 2079 rex
3540 2024 3728 2079 Judae-

2147 2132 2278 2171 rum
2298 2112 2524 2185 '(Matth.
2557 2122 2743 2185 xxvu).
2787 2118 2874 2170 Ita
2921 2121 2978 2170 et
3025 2116 3115 2170 hic
3165 2131 3381 2168 nomen
3410 2112 3624 2177 diaboli,
3651 2111 3732 2182 qui

2146 2206 2448 2259 novissimo
2471 2211 2725 2277 tempore
2755 2205 3036 2276 perditum
3064 2204 3356 2258 hominem
3381 2202 3721 2272 ingredietur,

2148 2296 2355 2366 quique
2384 2312 2444 2348 se
2475 2295 2762 2349 Christum
2797 2311 2920 2348 esse
2960 2294 3285 2357 mentietur,
3317 2292 3501 2347 tribus
3546 2289 3727 2359 linguis

2145 2384 2494 2454 exprimitur.
2520 2384 2627 2447 Qui
2643 2388 2792 2437 recte
2816 2382 3192 2437 exterminans
3214 2381 3445 2445 dicitur,
3465 2379 3591 2451 quia
3604 2378 3729 2431 sicut

2146 2472 2368 2527 Christo
2402 2472 2797 2542 congregandi,
2832 2471 2912 2525 sic
2950 2456 3173 2525 diabolo
3221 2468 3491 2539 congruit
3542 2480 3722 2519 nomen
3764 2466 3778 2497 '

2146 2560 2571 2615 exterminandi.
2610 2561 2768 2615 Unde
2794 2566 2924 2615 est:
2966 2562 3073 2628 Qui
3102 2575 3215 2614 non
3254 2560 3469 2626 colligit
3516 2570 3717 2619 mecum,

2144 2653 2353 2720 spargit
2382 2651 2602 2720 (Matth.
2631 2664 2752 2715 xm.

2228 2739 2303 2793 Vae
2325 2756 2505 2799 unum
2524 2740 2685 2804 abiit,
2714 2744 2761 2791 et
2784 2754 2894 2791 ecce
2924 2739 3154 2790 veniunt
3174 2736 3363 2789 adhuc
3389 2735 3497 2787 duo
3536 2748 3602 2784 re
3622 2734 3726 2798 post

2144 2829 2277 2885 hac.
2307 2828 2574 2898 Legimus
2605 2843 2775 2899 supra
2795 2826 2943 2897 quod
2962 2825 3153 2896 aquila
3171 2824 3367 2878 volans
3383 2839 3483 2894 per
3504 2820 3724 2874 medium

2146 2916 2489 2982 coelum,tria
2508 2933 2587 2970 vae
2610 2914 3067 2987 prmdixitfutura
3089 2929 3334 2984 quorum
3350 2926 3522 2965 unum
3539 2908 3719 2961 abiisse

846 2964 851 2965 ,
900 2964 905 2965 ,
984 2964 1015 2966 νὴ
1460 2964 1507 2967 η
1563 2964 1876 2968 "humum
1923 2964 2057 2969 πη-
2151 2964 2489 2982 -"____,____
2522 2964 3063 2987 ,πΓη-,ηηηηψ

460 2996 735 3053 Similiter
763 3004 821 3053 et
848 3000 1036 3054 caeteri
1066 3000 1249 3054 varios
1281 3002 1556 3056 mendacii
1587 3003 1885 3057 inveniunt
1912 2964 2124 3057 erro-C
2144 3004 2480 3058 describitur
2503 3004 2561 3057 in
2591 3003 2914 3057 narratione
2933 3000 3395 3073 praecedenti,vel
3428 2999 3487 3053 in
3513 2995 3718 3051 tribula-

458 3101 549 3139 res
578 3088 738 3141 valde
768 3088 875 3142 sibi
904 3088 1215 3142 contrarios
1241 3108 1252 3141 :
1285 3090 1381 3143 sed
1408 3092 1663 3161 quamvis
1694 3093 1842 3146 inter
1867 3109 1925 3146 se
1954 3092 2063 3146 dis-

458 3173 699 3241 sideant,
727 3182 919 3230 tamen
946 3176 1291 3231 unanimiter
1328 3187 1524 3233 contra
1552 3181 1828 3235 unitatem
1871 3181 2063 3235 Eccle-

458 3260 553 3317 siae
580 3270 855 3333 pugnant.

530 3351 595 3404 Et
626 3352 899 3409 habebant
924 3356 1129 3409 caudas
1158 3360 1367 3413 similes
1393 3360 1765 3426 scorpionum,
1795 3363 1843 3410 et
1880 3360 2062 3411 aculei

453 3446 617 3494 erant
651 3445 716 3495 in
745 3444 936 3498 caudis
966 3460 1181 3513 earum,
1206 3452 1256 3501 et
1278 3452 1515 3515 potestas
1540 3462 1737 3500 earum
1760 3463 1946 3499 nocere
1968 3448 2057 3499 ho—

455 3531 703 3585 minibus
728 3535 1002 3587 mensibus
1022 3536 1400 3603 quinquePer
1420 3536 1648 3599 caudas,
1668 3540 1734 3589 ut
1748 3551 1920 3606 supra
1936 3535 2053 3588 dic-

452 3621 576 3671 tum
602 3623 706 3687 est,
733 3626 985 3691 potentia
1016 3625 1340 3694 temporalis
1363 3624 1719 3694 intelligitur,
1752 3641 1852 3695 per
1880 3640 2051 3695 quam

452 3712 658 3762 nocent
685 3711 1090 3780 conjungentes
1118 3729 1219 3767 suo
1243 3714 1421 3767 errori
1450 3713 1732 3784 principes
1757 3713 1921 3782 hujus
1959 3729 2058 3767 sae-

453 3795 585 3851 culi.
607 3796 816 3852 Verum
846 3801 995 3869 quod
1023 3802 1280 3871 superius
1310 3802 1494 3856 fuerat
1523 3801 1967 3872 praetermissum
1987 3802 2058 3855 de

452 3885 644 3939 caudis
672 3888 1051 3958 scorpionum,
1078 3890 1169 3944 hic
1196 3891 1526 3961 adjungitur
1550 3907 1680 3945 cum
1710 3891 1915 3945 dicitur
1941 3907 1954 3946 :
1986 3889 2057 3943 Et

453 3974 632 4028 aculei
660 3974 721 4028 in
749 3976 941 4031 caudis
963 3994 1178 4032 eorum.
1210 3979 1354 4043 Quid
1385 3979 1459 4033 sit
1490 3981 1717 4034 aculeus
1757 3980 1815 4033 in
1858 3979 2056 4033 caudis

452 4062 816 4127 locustarum,
845 4066 1054 4120 Paulus
1075 4068 1301 4137 exponit
1326 4085 1454 4122 cum
1482 4068 1655 4125 dicit:
1695 4070 1792 4123 Ubi
1811 4075 1885 4122 est
1907 4084 2055 4121 mors

451 4155 683 4207 victoria
715 4159 831 4220 tua,
865 4157 963 4208 ubi
987 4161 1061 4209 est
1092 4161 1314 4211 aculeus
1361 4163 1533 4211 tuus?
1559 4159 1837 4213 Stimulus
1866 4163 2053 4211 autem

2141 3093 2296 3147 tione
2325 3110 2448 3163 quae
2480 3093 2623 3146 facta
2651 3099 2738 3147 est
2780 3090 3127 3163 temporibus
3170 3096 3497 3144 sanctorum
3540 3091 3721 3154 marty-

2143 3198 2292 3244 rum,
2327 3181 2511 3235 adhuc
2541 3198 2671 3235 vero
2720 3181 2830 3234 duo
2861 3187 3075 3234 restare
3119 3180 3392 3234 dicuntur
3446 3173 3717 3239 narranda,

2143 3271 2228 3324 vel
2252 3270 2564 3342 posteriore
2592 3275 2845 3338 tempore
2871 3267 2972 3322 sub
3001 3268 3336 3323 antichristo
3366 3262 3724 3336 adimplenda.

2212 3360 2279 3412 Et
2329 3364 2510 3412 sextus
2555 3362 2785 3425 angelus
2819 3359 2950 3410 tuba
2980 3360 3195 3417 cecinit,
3228 3362 3280 3410 et
3339 3357 3535 3410 audivi
3569 3366 3717 3406 vocem

2142 3463 2329 3501 unam
2351 3464 2416 3500 ea:
2443 3448 2702 3500 cornibus
2723 3448 2924 3500 altaris
2939 3448 3120 3511 aurei,
3153 3447 3300 3512 quod
3325 3450 3404 3498 est
3423 3449 3546 3497 ante
3565 3442 3719 3494 oculos

2134 3537 2234 3589 Dei
2278 3537 2509 3589 dicentis
2536 3541 2680 3588 serto
2732 3536 2926 3601 angelo
2966 3536 3065 3601 qui
3112 3533 3270 3586 habet
3322 3533 3515 3585 tubam
3543 3550 3557 3584 :
3588 3528 3719 3583 Solve

2139 3630 2380 3694 quatuor
2397 3626 2646 3691 Angelos,
2673 3626 2773 3691 qui
2790 3625 3015 3690 alligati
3034 3626 3165 3675 sunt
3196 3625 3258 3674 in
3283 3624 3521 3690 ﬂumine
3546 3632 3717 3684 magno

2137 3713 2436 3781 Euphrate.
2460 3712 2653 3765 Altare
2673 3710 2955 3781 signiﬁcat
2978 3708 3303 3775 Ecclesiam,
3327 3710 3397 3763 de
3417 3725 3525 3780 qua
3552 3706 3712 3760 fumus

2139 3800 2588 3872 compunctionis
2630 3800 2702 3853 ad
2728 3800 2907 3853 Deum
2943 3797 3223 3868 dirigitur.
3258 3799 3413 3852 Bene
3442 3798 3609 3851 altare
3632 3809 3715 3847 au-

2138 3905 2299 3944 reum
2328 3889 2553 3955 dicitur,
2587 3888 2720 3959 quia
2740 3887 2986 3959 profecto
3020 3886 3268 3941 Ecclesia
3301 3889 3578 3957 justorum
3599 3896 3718 3936 sem-

2138 3979 2361 4049 piterna
2383 3977 2662 4047 sapientia
2681 3976 3016 4043 illustratur,
3043 3976 3112 4030 de
3136 3992 3248 4046 qua
3276 3976 3541 4030 Salomon
3566 3971 3708 4026 dicit:

2137 4066 2385 4137 Accipite
2403 4064 2736 4136 sapientiam
2757 4065 2901 4118 sicut
2918 4081 3143 4118 aurum.
3180 4065 3352 4119 Recte
3372 4078 3585 4135 quoque
3604 4065 3713 4113 ante

2136 4155 2325 4209 oculos
2350 4154 2451 4208 Dei
2484 4170 2607 4207 esse
2633 4153 2855 4216 dicitur,
2881 4152 3014 4223 quia
3032 4169 3277 4223 superno
3311 4158 3563 4223 respectu
3589 4163 3715 4202 sem-

455 4244 651 4294 mortis
686 4247 968 4309 peceatum
990 4249 1067 4296 est
1099 4245 1291 4314 (1007‘.
1326 4248 1444 4311 xv).
1482 4246 1719 4300 Constat
1759 4262 1893 4316 ergo
1925 4246 2057 4315 quia
2076 4259 2236 4337 Dper
2261 4242 2594 4307 illustratur,
2628 4241 2777 4294 unde
2804 4240 2862 4297 in
2893 4240 3123 4311 psalmis
3154 4240 3407 4337 diciturf
3452 4238 3601 4336 oeuli
3623 4236 3711 4288 Do-

453 4328 637 4382 omnis
665 4329 891 4383 illorum
940 4332 1193 4401 potentia
1221 4337 1278 4386 et
1300 4350 1457 4387 error
1505 4340 1561 4388 et
1611 4341 1896 4405 peccatum
1948 4340 2051 4387 est.
2076 4327 2287 4385 "mini
2310 4333 2667 4398 superjustos
2691 4332 2862 4400 (Psal.
2887 4330 3094 4397 xxxm).
3123 4329 3305 4398 Hujus
3328 4327 3520 4381 altaris
3535 4336 3714 4379 cornua

453 4414 615 4480 Quod
670 4418 943 4489 sequitur.
974 4425 1224 4490 potestas
1250 4408 1444 4476 earum
1492 4440 1692 4477 nocere
1736 4423 2057 4477 hominibus
2138 4426 2272 4473 sunt
2296 4435 2493 4472 omnes
2525 4418 2935 4489 praedicatores.
2965 4417 3126 4472 Unde
3163 4422 3220 4470 et
3249 4415 3310 4469 in
3338 4414 3715 4483 VeteriTesta—

452 4506 739 4562 mensibus
759 4507 1027 4579 quinque,
1056 4510 1299 4580 repetita
1322 4514 1603 4567 sententia
1632 4518 1734 4576 est,
1757 4529 1859 4583 per
1887 4528 2055 4582 quam
2138 4514 2329 4562 mento
2348 4524 2494 4578 saepe
2511 4507 2749 4577 legimus
2770 4506 3102 4577 sanguinem
3125 4522 3296 4576 super
3321 4520 3531 4559 cornua
3548 4497 3712 4556 altaris

452 4611 697 4666 praesens
726 4597 840 4651 vita
871 4596 1074 4652 iterato
1109 4598 1459 4670 exprimitur.
1512 4602 1581 4655 Et
1610 4616 1783 4671 supra
1825 4600 2053 4670 quidem
2135 4595 3061 4667 positum:signilicabanturenim
3082 4595 3141 4649 in
3156 4595 3260 4648 hoc
3276 4594 3456 4648 sancti
3470 4596 3714 4660 martyres

388 4681 401 4685 ’
451 4690 787 4756 potestatem
814 4686 1041 4742 locustae
1070 4688 1352 4758 accepisse
1379 4680 1721 4753 referuntur,
1753 4692 1817 4742 ut
1847 4687 2055 4740 mensi-

452 4773 555 4828 bus
596 4775 846 4847 quinque
898 4776 1155 4830 homines
1203 4777 1539 4843 cruciarent,
1572 4794 1674 4831 nec
1712 4793 1809 4832 eos
1838 4776 2056 4829 occide-

449 4867 593 4915 rent.
619 4864 721 4917 Hic
744 4880 876 4918 vero
904 4864 1233 4919 eorumdem
1271 4865 1548 4920 mensium
1594 4881 1829 4919 numero
1858 4879 2059 4918 nocere

456 4950 773 5005 hominibus
815 4952 1139 5007 facultatem
1204 4954 1412 5008 habere
1459 4953 1845 5025 perhibentur.
1889 4952 2050 5015 Quod

453 5038 647 5108 utique
668 5039 747 5092 ibi
767 5040 835 5094 de
856 5040 1036 5108 bonis,
1068 5042 1158 5096 hic
1183 5058 1310 5096 vero
1333 5043 1401 5095 de
1435 5042 1598 5095 malis
1620 5041 2051 5112 intelligendum

454 5126 696 5197 est,quia
725 5132 781 5181 et
809 5127 935 5183 illos
965 5131 1236 5193 cruciant,
1265 5131 1362 5185 sed
1392 5147 1504 5185 non
1559 5131 1819 5185 occidunt
1852 5149 1863 5184 :
1916 5130 2055 5184 istos

451 5233 581 5272 vero
610 5234 725 5272 non
758 5219 1027 5284 cruciant,
1062 5221 1160 5275 sed
1185 5221 1436 5275 nocendo
1468 5220 1772 5292 perimunt.

523 5306 587 5360 Et
617 5307 884 5362 habebant
903 5324 1068 5377 super
1093 5325 1147 5363 se
1168 5323 1347 5375 regem
1376 5312 1637 5376 angelum
1659 5310 1862 5378 abyssi.
1886 5308 1950 5363 Id
1971 5312 2057 5362 est

453 5394 761 5463 diabolum,
795 5396 892 5467 qui
935 5403 1022 5452 est
1070 5397 1330 5469 princeps
1365 5398 1618 5452 omnium
1664 5397 2050 5469 reproborum,

448 5482 569 5554 ipse
614 5493 701 5539 est
727 5500 826 5541 rex
852 5501 1023 5557 super
1051 5501 1247 5540 omnes
1295 5485 1439 5541 ﬁlios
1467 5485 1763 5559 superbiae,
1803 5502 1916 5541 non
1947 5502 2057 5557 quo

2136 4685 2363 4755 proprio
2395 4684 2668 4754 sanguine
2701 4683 3092 4754 perfundendi.
3126 4684 3314 4738 Unum
3339 4683 3445 4736 hoc
3465 4694 3626 4735 cornu
3652 4675 3717 4729 al-

2136 4774 2277 4826 taris
2304 4773 2395 4827 hic
2443 4773 2765 4843 specialiter
2802 4773 3067 4843 positum,
3116 4770 3388 4825 debemus
3430 4768 3717 4836 intelligere

2141 4861 2444 4916 Dominum
2464 4863 2493 4916 J
2498 4878 2657 4915 esum
2678 4861 2968 4915 Christum
2989 4860 3358 4914 mediatorem
3382 4858 3481 4914 Dei
3498 4862 3552 4910 et
3565 4851 3717 4909 homi-

2133 4967 2293 5016 num,
2325 4951 2421 5020 qui
2446 4951 2710 5022 praacepit
2740 4957 2895 5005 sexto
2925 4950 3146 5020 angelo,
3170 4949 3227 5003 id
3251 4955 3341 5004 est
3368 4948 3519 5004 omni
3548 4943 3713 5000 Eccle-

2136 5040 2253 5105 siae,
2286 5045 2351 5093 ut
2376 5040 2555 5093 solvat
2584 5045 2826 5110 quatuor
2871 5039 3120 5109 angelos,
3171 5055 3273 5109 per
3314 5055 3455 5109 quos
3503 5040 3715 5106 quatuor

2137 5144 2315 5199 regna
2366 5127 2717 5199 principalia,
2753 5134 2811 5181 et
2848 5132 3092 5198 quatuor
3145 5132 3454 5197 potestates
3509 5124 3709 5178 illorum

2140 5222 2310 5288 atque
2341 5233 2506 5270 omne
2538 5233 2739 5287 corpus
2778 5216 2985 5270 diaboli
3015 5216 3367 5286 intelligitur.
3415 5211 3581 5269 Solvit
3604 5221 3713 5261 vero

2136 5305 2385 5360 Ecclesia
2405 5313 2649 5376 quatuor
2679 5305 2927 5375 angelos,
2955 5305 3011 5358 id
3034 5312 3121 5359 est
3156 5321 3351 5359 omnes
3380 5304 3643 5357 daemones
3665 5295 3712 5348 in

2138 5396 2319 5466 capite
2346 5412 2468 5462 suo,
2486 5412 2518 5448 a
2541 5410 2650 5465 quo
2671 5394 2882 5448 audivit
2912 5394 2970 5446 in
2991 5393 3158 5447 Petro
3188 5395 3575 5460 :Quodcunque
3595 5390 3713 5452 liga-

2138 5488 2282 5540 veris
2303 5501 2468 5554 super
2479 5485 3075 5552 terram,e-ritligatum
3095 5486 3220 5537 etin
3235 5484 3358 5547 caelo
3370 5471 3707 5551 (Mettium).
