4048 6172
337 279 478 338 1057
1256 286 1639 343 EXPOSITIO
1668 289 1747 344 IN
1775 288 1934 344 APO!

2021 289 2299 347 LYPSIN.
2340 320 2412 333 —
2440 293 2576 350 LIB.
2608 295 2687 352 ΙΙ.
3473 298 3613 357 1058

331 406 742 470 Quaternarius
772 424 1083 464 numeruss
1101 425 1222 480 :epe
1252 427 1354 481 pro
1383 412 1751 469 universitate
1778 414 1930 486 poni-
1956 415 2384 486 Areproborum
2416 419 2722 489 Opponitur
2748 422 2946 472 contra
2972 419 3281 492 simplicem
3312 438 3612 478 numerum

332 498 448 561 tur,
478 496 629 549 unde
665 502 723 550 et
773 496 832 549 in
880 497 991 550 ﬁne
1037 496 1225 551 saeculi
1256 514 1290 551 a
1331 506 1575 569 quatuor
1604 502 1779 555 ventis
1808 501 1935 556 caeli
2012 504 2316 573 justorum.
2352 506 2432 559 De
2463 506 2600 577 ipsis
2621 507 2768 561 enim
2800 507 2992 561 electis
3019 508 3244 563 dicitur:
3279 510 3490 565 Currus
3514 512 3617 567 Dei

333 584 497 638 electi
533 601 637 655 per
665 586 895 655 angelos
934 586 1144 640 assumi
1185 587 1567 656 perhibentur.
1602 591 1701 644 Vel
1732 591 1936 644 dicitur

332 674 385 726 ci
417 674 587 739 solve,
608 674 659 727 id
681 680 765 728 est
787 675 1078 728 solvendos
1096 676 1300 745 praedic
1326 681 1578 748 tempore
1594 678 1927 732 antichristi.

332 761 503 815 Modo
552 762 704 816 enim
750 762 909 833 ligati
955 769 1106 826 sunt,
1142 765 1270 835 quia
1307 782 1421 819 non
1463 772 1699 837 possunt
1734 784 1934 821 nocere

331 856 609 920 quantum
641 852 852 917 volunt,
882 869 948 905 ex
987 870 1096 924 quo
1118 854 1391 908 Dominus
1414 855 1643 909 veniens
1665 856 1746 909 eis
1775 861 1933 927 pote-

333 945 543 993 statem
573 938 824 994 abstulit.
863 939 988 1006 Quo
1036 942 1095 995 in
1143 942 1261 996 loco
1312 943 1777 998 considerandum
1828 949 1930 1007 est,

332 1033 610 1098 quantum
639 1029 899 1083 saevirent
928 1029 975 1083 si
1005 1031 1174 1085 soluti
1208 1038 1414 1097 essent,
1452 1032 1547 1103 qui
1575 1033 1741 1087 modo
1763 1033 1934 1086 etiam

332 1119 495 1190 ligati
517 1125 741 1174 tantum
775 1118 1025 1172 saeviunt.
1052 1119 1186 1173 Tale
1214 1126 1299 1174 est
1318 1121 1457 1174 illud
1488 1121 1656 1175 etiam
1679 1121 1735 1175 in
1754 1122 1932 1175 Evan-

328 1208 480 1277 gelio
510 1209 579 1262 de
600 1207 860 1269 ﬁculnea,
899 1207 1047 1278 quod
1076 1208 1346 1262 Dominus
1378 1210 1580 1264 cultori
1612 1209 1747 1263 dicit
1773 1228 1784 1261 :
1818 1209 1930 1263 Ab-

330 1296 524 1351 scinde
563 1296 739 1355 illam,
783 1296 840 1349 id
885 1302 969 1349 est
1010 1296 1217 1367 praedic
1256 1297 1707 1352 abscindendam-
1736 1300 1931 1369 Neque

330 1385 483 1439 enim
505 1386 745 1456 apostoli
770 1384 1131 1439 absciderunt
1149 1386 1389 1449 Judteos,
1409 1387 1504 1440 sed
1525 1386 1931 1441 abscindendos

329 1491 365 1528 a
390 1473 661 1528 Romanis
686 1473 1079 1544 praedixerunt.
1114 1475 1222 1528 Per
1258 1476 1470 1529 ﬂumen
1500 1475 1928 1546 Euphratem,in

330 1579 443 1633 quo
473 1562 661 1633 angeli
690 1563 907 1632 alligati
937 1568 1087 1629 sunt,
1122 1564 1373 1634 potentia
1410 1564 1691 1618 saecularis
1720 1564 1929 1617 intelli-

326 1652 505 1722 gitur,
529 1653 664 1723 quia
684 1651 740 1705 in
758 1651 1107 1722 principibus
1137 1652 1306 1721 hujus
1336 1653 1522 1707 saeculi
1552 1653 1789 1707 maxime
1815 1653 1931 1706 dia—

2017 592 2205 645 decem
2238 594 2434 648 millia.
2460 597 2670 665 Duplex
2698 611 2920 666 quoque
2940 602 3025 650 est
3055 614 3327 653 numerus
3348 592 3616 670 reprobo-

2018 697 2163 747 rum,
2189 681 2320 751 quia
2351 700 2413 736 ex
2444 684 2704 754 malignis
2730 683 3021 755 spiritibus
3046 691 3104 739 et
3125 686 3377 758 reprobis
3397 693 3619 742 constat

2016 769 2430 826 hominibusEt
2459 778 2656 827 contra
2678 772 2987 844 simplicem
3006 790 3304 830 numerum
3330 777 3615 846 justorum

2016 875 2081 911 ac
2109 860 2500 929 parvissimum
2532 862 2835 932 opponitur
2862 862 3289 919 innumerabilis
3310 865 3612 922 multitudo

2015 947 2357 1017 perﬁdorum
2388 949 2679 1003 hominum
2712 955 2768 1003 et
2795 950 3135 1005 daemonum.

2088 1037 2153 1089 Et
2180 1039 2261 1090 ita
2291 1039 2408 1091 vidi
2433 1055 2592 1106 equos
2623 1042 2685 1093 in
2708 1042 2935 1101 visione,
2978 1039 3266 1107 subaudis,
3286 1041 3433 1098 sicut
3460 1043 3610 1100 dixe-

2015 1130 2223 1189 ram,et
2238 1126 2560 1196 conscripsi.
2577 1128 2644 1180 Et
2658 1128 3019 1194 quisedebant
3037 1144 3201 1195 super
3220 1146 3322 1197 eos,
3338 1132 3607 1188 habebant

2014 1215 2215 1266 loricas
2239 1216 2427 1280 igneas
2456 1220 2503 1267 et
2524 1215 2919 1282 hyacinthinas
2939 1222 2987 1269 et
3015 1218 3477 1285 sulphureas.Per
3495 1237 3610 1276 ses-

2014 1316 2168 1354 sores
2188 1317 2481 1370 equorum,
2503 1302 2900 1373 intelliguntur
2921 1305 3220 1371 daemones,
3234 1308 3316 1360 vel
3350 1309 3607 1379 magistri

2014 1405 2289 1451 errorum,
2326 1390 2577 1445 haeretici
2602 1392 2812 1446 scilicet
2831 1398 2887 1446 et
2915 1398 3171 1462 potentes
3211 1395 3379 1465 hujus
3418 1398 3607 1453 saeculi

2012 1477 2217 1548 quibus
2247 1479 2507 1548 prazsidet
2538 1479 2811 1545 diabolus,
2845 1481 2989 1551 sicut
3017 1481 3274 1537 Christus
3307 1484 3608 1542 electis.De

2012 1565 2212 1636 quibus
2237 1567 2505 1637 scriptum
2533 1574 2651 1624 est:
2684 1570 2965 1623 Ascendes
2984 1587 3156 1642 super
3183 1588 3356 1643 equos
3374 1579 3523 1639 tuos,
3553 1580 3613 1631 et

2013 1655 2298 1724 equitatus
2320 1662 2452 1711 tuus
2473 1657 2686 1712 sanitas
2708 1659 2881 1712 est.ln
2904 1659 3041 1729 ipsis
3058 1664 3245 1714 autem
3261 1661 3610 1718 daemonibus

325 1740 493 1794 bolus
528 1740 764 1803 habitat,
799 1746 856 1795 et
901 1740 956 1793 in
1004 1740 1083 1793 eis
1134 1748 1350 1811 regnat.
1387 1743 1699 1812 Euphrates
1727 1742 1934 1813 quippe
1959 1738 1996 1793 ll
2014 1744 2100 1797 vel
2121 1761 2374 1798 errorum
2396 1747 2705 1816 magistris,
2731 1747 3131 1817 intelliguntur
3147 1765 3340 1803 omnes
3359 1751 3607 1821 reprobi,

329 1830 536 1883 ﬂuvius
561 1835 648 1883 est
676 1828 1014 1901 Babyloniae,
1038 1829 1130 1900 qui
1162 1830 1218 1883 in
1241 1831 1415 1884 multa
1445 1831 1680 1884 flumina
1700 1831 1928 1895 divisus,

329 1917 651 1988 ingreditur
697 1916 1084 1988 Babyloniam.
1126 1918 1274 1972 Medi
1326 1925 1381 1972 et
1418 1919 1576 1973 Persi
1622 1919 1934 1973 diviserunt

328 2006 483 2060 hunc
513 2006 745 2060 ﬂuvium
771 2006 830 2059 in
879 2006 1084 2059 multos
1130 2006 1296 2069 rivos,
1321 2012 1377 2060 et
1425 2024 1525 2077 per
1562 2008 1682 2077 ejus
1711 2008 1930 2062 alveum

328 2095 572 2166 ingressi
584 2093 1080 2166 suntBabyloniam
1091 2135 1100 2145 .
1111 2094 1264 2159 Quod
1278 2096 1351 2148 flu
1361 2112 1486 2149 men
1499 2113 1645 2167 saepe
1656 2096 1710 2149 in
1723 2097 1929 2150 malam

328 2189 556 2256 partem
583 2183 829 2254 ponitur.
849 2183 913 2237 In
938 2184 1039 2237 hoc
1069 2184 1189 2237 loco
1222 2200 1372 2250 vero,
1395 2190 1459 2238 ut
1482 2185 1741 2247 diximus,
1765 2186 1932 2256 signi-

330 2273 466 2327 ﬁcat
485 2272 791 2343 potentiam
813 2272 1156 2334 saecularem,
1172 2272 1229 2325 in
1248 2289 1359 2342 qua
1381 2273 1638 2327 diabolus
1666 2274 1930 2343 alligatus

330 2360 659 2433 praedicitur
681 2360 987 2414 novissima
1016 2360 1428 2431 persecutione,
1462 2361 1596 2431 quia
1640 2367 1697 2415 et
1744 2361 1932 2432 impiis

332 2455 610 2521 quantum
645 2449 766 2503 vult
794 2465 994 2502 nocere
1023 2449 1391 2519 permittitur,
1427 2465 1718 2520 usquequo
1748 2450 1933 2504 novis-

332 2539 481 2592 sima
508 2538 825 2610 persecutio
856 2538 1134 2592 adveniat.

407 2629 475 2681 Et
501 2631 673 2681 soluti
699 2631 851 2691 sunt,
872 2643 972 2697 pro
1003 2643 1068 2680 eo
1094 2625 1239 2697 quod
1273 2631 1358 2681 est
1387 2627 1694 2693 solventur,
1722 2630 1926 2696 angeli,

329 2717 388 2771 id
420 2721 509 2771 est
537 2717 839 2781 daemones,
863 2720 921 2769 et
948 2732 1112 2769 omne
1140 2732 1341 2791 corpus
1362 2715 1593 2770 diaboli.
1613 2718 1717 2784 Qui
1737 2721 1931 2785 parati

2015 1837 2072 1885 et
2101 1849 2200 1902 per
2222 1833 2425 1887 loricas
2454 1851 2631 1905 pcente
2646 1840 2703 1888 et
2728 1841 3011 1890 tormenta
3031 1842 3241 1891 aeterna
3268 1838 3605 1908 ﬁgurantur,

2014 1937 2137 1991 quae
2168 1938 2201 1975 a
2244 1922 2464 1976 miseris
2509 1924 2664 1977 nulla
2692 1940 2856 1995 prece
2879 1930 3011 1978 sunt
3039 1926 3378 1980 evacuanda.
3409 1928 3612 1983 Dicent

2015 2011 2164 2063 enim
2197 2010 2254 2063 in
2285 2010 2502 2064 inferno
2533 2017 2840 2082 gementes,
2882 2013 3136 2076 Domine,
3166 2014 3421 2082 Domine,
3453 2017 3611 2088 aperi

2014 2097 2194 2152 nobis.
2227 2099 2335 2153 Sed
2366 2116 2477 2153 non
2518 2100 2643 2153 ideo
2665 2101 3106 2156 misericordiam
3136 2103 3441 2171 invenient,
3472 2106 3611 2176 quin

2013 2188 2200 2259 potius
2221 2188 2484 2242 audient:
2509 2189 2710 2243 Nescio
2739 2207 2851 2244 vos.
2877 2191 3028 2254 Quas
3046 2208 3240 2261 poenas
3259 2192 3610 2248 inevitabiles

2013 2293 2125 2330 non
2152 2275 2331 2331 solum
2363 2276 2725 2331 sustinebunt
2753 2278 3054 2343 daemones,
3087 2281 3184 2333 sed
3215 2280 3383 2334 etiam
3414 2297 3610 2336 omnes

2013 2363 2674 2434 reprobi.Hyacinthinas
2690 2370 2879 2420 autem
2903 2367 3093 2436 posuit
3112 2384 3212 2438 pro
3237 2385 3322 2432 eo,
3342 2369 3491 2440 quod
3521 2373 3608 2424 est

2012 2454 2247 2509 fumeas.
2278 2454 2353 2507 Ex
2379 2454 2509 2525 igne
2539 2455 2688 2508 enim
2734 2455 2921 2509 fumus
2951 2454 3258 2526 egreditur.
3292 2456 3410 2511 Hoc
3437 2456 3610 2511 etiam

2013 2542 2134 2614 ipse
2162 2542 2315 2596 color
2339 2541 2740 2613 hyacinthinus
2786 2543 3022 2611 indicat,
3052 2543 3149 2613 qui
3178 2544 3421 2614 speciem
3461 2545 3610 2599 aeris

2011 2636 2184 2694 tenet,
2220 2630 2427 2701 quiain
2448 2631 2665 2684 inferno
2688 2630 3459 2702 eritignisinexstinguibilis.
3491 2631 3613 2686 Erit

2013 2724 2068 2773 et
2113 2720 2304 2773 fumus
2334 2719 2429 2790 qui
2478 2719 2714 2773 miseros
2744 2719 3059 2781 excaecabit,
3091 2736 3162 2773 ne
3210 2736 3396 2773 veram
3424 2720 3610 2774 lucem

328 2810 496 2860 erant
522 2808 584 2859 in
616 2804 813 2857 horam
842 2808 892 2857 et
916 2806 1061 2857 diem
1090 2808 1137 2857 et
1162 2821 1399 2858 mensem
1428 2810 1477 2858 et
1498 2821 1735 2867 annum,
1760 2810 1821 2858 ut
1850 2821 1932 2859 οσ-
2005 2810 2125 2877 jam
2144 2807 2330 2861 videre
2344 2806 2655 2877 possint.Et
2671 2806 3090 2876 sulphureas,id
3107 2811 3191 2861 est
3211 2806 3612 2877 putridas.Erit

330 2895 579 2948 ciderent
609 2895 832 2949 tertiam
854 2898 1069 2961 partem
1101 2892 1527 2946 hominumPer
1547 2893 1742 2947 horam
1770 2893 1932 2947 dimi-
2013 2896 2160 2951 enim
2192 2894 2397 2969 duplex
2451 2894 2528 2947 ibi
2586 2911 2777 2965 paena;
2822 2895 3022 2948 caloris
3069 2900 3126 2948 et
3180 2894 3422 2964 frigoris.
3450 2894 3610 2949 Unde

330 2983 490 3037 dium
522 2998 733 3036 annum
764 2981 1034 3051 intellige,
1080 2998 1181 3052 per
1226 2982 1374 3035 diem
1425 2999 1674 3036 mensem
1715 2988 1772 3036 et
1825 2999 1928 3036 an-
1947 3019 1991 3080 Ο
2012 2981 2147 3037 Job:
2168 2984 2251 3036 Ad
2279 2984 2513 3057 calorem
2539 2984 2783 3035 nimium
2808 2983 3192 3047 transeunt,ab
3207 2984 3369 3050 aquis
3388 2984 3610 3036 nivium

330 3087 680 3137 num,annos
697 3070 1046 3141 tres,quibus
1062 3070 1424 3124 antichristus
1444 3070 1633 3125 saeviet
1661 3071 1928 3125 adversus
1951 3069 1990 3080 ν
2016 3072 2143 3140 (Job.
2188 3073 2349 3140 XXIV).
2388 3069 2504 3123 Erit
2535 3074 2592 3124 et
2644 3069 2790 3123 fetor
2840 3069 3228 3130 intolerabilis,
3258 3086 3367 3139 quo
3397 3069 3609 3123 crucia-

327 3159 532 3215 bonos.
561 3160 694 3214 Ideo
734 3159 884 3213 enim
909 3176 1010 3230 per
1032 3159 1256 3224 horam,
1279 3159 1445 3223 diem,
1472 3176 1719 3214 mensem
1750 3166 1808 3214 et
1834 3176 1930 3214 an-

330 3265 474 3303 num
504 3248 644 3302 illud
670 3253 894 3319 tempus
924 3247 1162 3318 intelligi
1186 3248 1528 3317 potest,quia
1552 3253 1607 3302 et
1636 3248 1787 3302 horis
1804 3265 1930 3318 gra-

329 3337 513 3391 datim
543 3336 715 3402 diem,
747 3341 804 3389 et
832 3335 1029 3389 diebus
1055 3352 1294 3401 menses,
1323 3342 1379 3388 et
1403 3336 1687 3390 mensibus
1714 3343 1931 3390 certum

331 3432 421 3481 est
444 3442 657 3479 annum
681 3424 909 3495 expleri.
928 3424 1118 3477 Parati
1139 3429 1274 3478 sunt
1292 3424 1571 3478 daemones
1594 3430 1658 3479 ut
1677 3425 1934 3479 occidant

331 3514 565 3569 tertiam
598 3517 814 3583 partem
845 3511 1160 3575 hominum,
1194 3512 1324 3582 quia
1376 3511 1642 3566 nimirum
1694 3514 1929 3568 nocendi

334 3601 820 3673 Opportunitatem
842 3615 1065 3670 semper
1085 3600 1496 3670 praestolamur.
1525 3601 1683 3655 Unde
1708 3618 1808 3655 nec
1832 3602 1932 3655 im-

331 3690 540 3745 merito
570 3689 640 3743 de
671 3687 903 3742 locustis
933 3688 1285 3757 praemissum
1313 3694 1416 3749 est,
1446 3689 1594 3758 quod
1625 3696 1813 3744 essent
1852 3690 1933 3743 si-

330 3779 500 3833 miles
526 3777 686 3848 equis
711 3777 922 3847 paratis
949 3777 1019 3830 ad
1051 3777 1326 3847 praelium.
1356 3776 1545 3830 Tertia
1582 3784 1768 3831 autem
1801 3794 1933 3849 pars

328 3867 415 3921 ita
446 3872 512 3920 ut
539 3882 714 3936 supra
733 3865 1085 3935 intelligitur.

406 3958 474 4011 Et
504 3972 774 4009 numerus
804 3957 1067 4023 equestris
1092 3958 1358 4009 exercitus
1378 3959 1538 4011 vicies
1558 3957 1760 4009 millies
1790 3955 1934 4009 dena

329 4048 542 4101 millia.
584 4046 653 4099 Et
679 4045 877 4097 audivi
904 4060 1206 4097 numerum
1231 4061 1441 4099 eorum.
1477 4046 1542 4100 In
1567 4045 1671 4099 hoc
1699 4061 1935 4099 numero

332 4133 519 4189 omnis
542 4133 847 4188 multitudo
866 4132 1204 4204 intelligitur
1218 4134 1534 4189 daemonum
1551 4140 1607 4188 et
1618 4134 1931 4188 hominum.

334 4222 573 4295 Equites
602 4222 797 4293 itaque
828 4222 887 4275 in
907 4222 1013 4275 hoc
1032 4222 1154 4276 loco
1181 4222 1449 4278 debemus
1468 4223 1784 4294 intelligere
1822 4224 1935 4278 dae-

2011 3158 2223 3213 buntur
2252 3158 2381 3229 igne
2426 3163 2482 3211 et
2531 3157 2801 3228 sulphure
2840 3158 3038 3224 exusti,
3071 3163 3242 3228 atque
3267 3175 3301 3212 a
3325 3156 3610 3212 vermibus

2011 3247 2265 3301 comesti.
2286 3248 2350 3301 El
2373 3250 2555 3314 capita
2578 3263 2843 3316 equorum
2869 3252 3135 3315 tanquam
3161 3250 3343 3315 capita
3369 3249 3605 3302 leonum.

2016 3336 2157 3400 Quia
2185 3341 2241 3389 et
2269 3335 2593 3405 animas(ut
2613 3352 2785 3406 supra
2815 3335 3023 3389 dictum
3056 3336 3157 3404 est)
3185 3335 3614 3402 interﬁciunt,ct

2014 3425 2246 3479 fetorem
2275 3424 2433 3478 malae
2471 3424 2632 3479 famae
2661 3424 2730 3477 de
2755 3440 2814 3477 se
2845 3424 3131 3478 emittunt.
3162 3425 3270 3479 Per
3297 3424 3482 3495 capita
3509 3441 3613 3479 au-

2013 3519 2127 3568 tem
2147 3530 2421 3584 equorum
2446 3520 2702 3567 auctores
2730 3511 3127 3581 intelliguntur
3146 3528 3420 3574 errorum,
3438 3512 3534 3582 qui
3555 3518 3614 3566 et

2014 3603 2185 3657 fortes
2214 3607 2348 3656 sunt
2376 3602 2444 3654 ad
2472 3600 2840 3655 conterendos
2871 3599 3144 3664 inﬁrmos,
3186 3606 3243 3653 et
3273 3616 3399 3654 cum
3429 3616 3490 3654 se
3531 3600 3610 3654 si-

2016 3691 2237 3744 mulant
2264 3706 2386 3743 esse
2408 3689 2614 3743 bonum
2654 3688 2902 3751 odorem,
2936 3687 3209 3741 fetoribus
3249 3686 3613 3741 inveniuntur

2016 3779 2238 3849 repleti.
2271 3778 2346 3832 Ut
2376 3778 2526 3831 enim
2555 3792 2727 3846 supra
2774 3775 3154 3841 meminimus,
3189 3792 3251 3829 os
3283 3775 3511 3830 leonum
3548 3781 3606 3830 et

2016 3882 2250 3937 corpora
2274 3865 2527 3930 dilaniat,
2555 3871 2611 3919 et
2638 3865 2954 3918 naturalem
2982 3865 3216 3919 fetorem
3242 3864 3438 3935 egerit.

2088 3956 2156 4010 Et
2180 3956 2242 4008 de
2268 3970 2360 4008 ore
2390 3957 2639 4022 ipsorum
2660 3954 2905 4020 procedit
2934 3955 3081 4020 ignis
3106 3957 3154 4007 et
3200 3955 3393 4020 fumus
3422 3958 3471 4008 et
3500 3956 3615 4009 sul-

2010 4044 2187 4113 phur.
2218 4045 2297 4097 Ab
2328 4043 2415 4095 his
2446 4043 2622 4095 tribus
2644 4044 2826 4110 plagis
2850 4044 3022 4095 occisa
3051 4046 3127 4095 est
3158 4045 3323 4096 tertia
3348 4058 3484 4111 pars
3522 4044 3616 4097 ho-

2018 4135 2242 4187 minum
2261 4132 2324 4185 de
2352 4134 2478 4197 igne
2492 4134 2541 4183 et
2559 4131 2715 4197 fumo
2745 4134 2793 4182 ct
2817 4130 3228 4198 sulphure,qu.s
3250 4132 3614 4197 procedebant

2018 4239 2083 4276 ea:
2102 4236 2193 4276 ore
2219 4224 2488 4289 ipsorum.
2508 4218 2589 4272 De
2609 4234 2705 4272 ore
2733 4222 2923 4272 autem
2954 4234 3150 4272 eorum
3170 4218 3318 4289 ignis
3346 4224 3404 4274 et
3427 4220 3615 4276 fumus

334 4329 557 4378 mones,
588 4311 683 4382 qui
724 4311 890 4366 malis
922 4310 1224 4381 president
1264 4316 1321 4364 et
1348 4311 1407 4365 in
1436 4328 1633 4366 eorum
1680 4311 2002 4393 cordibusD
2020 4316 2078 4365 et
2112 4309 2351 4380 sulphur
2366 4307 2681 4379 egrediens,
2705 4307 2935 4361 tertiam
2965 4313 3185 4378 partem
3209 4308 3505 4363 hominum
3528 4324 3617 4363 oc-

333 4399 617 4455 habitant.
643 4398 828 4452 Vicies
858 4404 1047 4452 autem
1082 4397 1287 4452 millies
1313 4398 1451 4452 nihil
1478 4398 1631 4452 aliud
1652 4405 1737 4453 est
1765 4416 1934 4470 quam

334 4489 541 4560 viginti
573 4488 772 4542 millia.
807 4487 941 4540 Tale
970 4492 1055 4540 est
1080 4485 1235 4541 illud:
1269 4489 1396 4541 Non
1436 4489 1555 4541 dico
1597 4490 1717 4551 tibi,
1749 4488 1933 4553 Petre,

335 4594 514 4646 usque
557 4579 767 4643 septies,
809 4576 901 4628 sed
946 4590 1117 4643 usque
1158 4578 1459 4643 septuagies
1495 4579 1684 4643 septies
1717 4575 1935 4645 (Matth.

334 4667 525 4734 xvm).
541 4665 701 4728 Quod
720 4664 861 4717 nihil
890 4663 1045 4717 aliud
1069 4668 1172 4729 est,
1194 4664 1302 4717 nisi
1323 4664 1683 4734 septuaginta
1701 4670 1935 4735 septem.

336 4754 581 4818 Quando
611 4752 763 4808 enim
814 4766 1085 4806 numerus
1126 4767 1226 4821 per
1271 4768 1477 4807 nomen
1519 4752 1739 4819 transit,
1797 4752 1943 4807 sicut

334 4842 497 4897 verbi
515 4841 857 4913 gratia,cum
879 4840 1087 4894 dicitur
1109 4839 1316 4911 septies
1337 4841 1943 4912 septuaginta,summa

338 4931 568 4985 numeri
598 4928 1026 5000 multiplicatur,
1056 4933 1116 4982 et
1170 4928 1492 4983 efﬁciuntur
1547 4928 1943 5000 quadringenti

337 5020 673 5090 nonaginta.
691 5017 928 5083 Quando
949 5023 1138 5072 autem
1162 5017 1554 5072 adverbialiter
1582 5020 1944 5089 proferuntur

339 5108 488 5163 nihil
508 5107 661 5162 aliud
678 5106 1032 5176 intelligitur,
1050 5103 1158 5160 nisi
1172 5107 1315 5177 quod
1334 5107 1454 5177 ipse
1468 5123 1737 5160 numerus
1756 5110 1938 5161 sonat.

340 5197 508 5253 Unde
537 5199 597 5249 et
622 5195 681 5248 in
712 5194 918 5248 Genesi
948 5194 1186 5265 legitur:
1217 5197 1290 5249 De
1318 5195 1548 5249 Lamech
1575 5211 1700 5248 vero
1731 5199 1945 5262 septua-

341 5289 457 5356 gies
486 5287 677 5352 septies
706 5286 847 5338 ultio
872 5285 1102 5337 dabitur
1124 5284 1277 5354 (Gen.
1301 5282 1589 5353 1v).Vicies
1612 5284 1803 5353 itaque
1825 5283 1947 5337 mil-

346 5376 455 5430 lies
483 5388 681 5426 omnes
711 5372 992 5443 signiﬁcat
1035 5372 1332 5443 reprobos:
1367 5371 1512 5426 dena
1548 5376 1738 5425 autem
1770 5371 1949 5426 millia

347 5478 549 5519 omnes
576 5467 820 5528 sanctos,
854 5460 950 5531 qui
979 5460 1171 5515 decem
1201 5459 1367 5513 verba
1412 5460 1553 5529 legis
1601 5459 1946 5515 custodiunt.

342 5551 416 5607 Et
444 5549 582 5622 quia
609 5549 801 5622 plures
824 5548 1049 5620 reprobi
1079 5565 1249 5620 quam
1266 5547 1426 5618 justi,
1453 5546 1659 5619 duplex
1681 5563 1954 5603 numerus

2019 4400 2174 4461 cidit,
2193 4398 2326 4469 quia
2350 4397 2605 4451 videlicet
2633 4396 2909 4451 malorum
2940 4396 3259 4467 praedicatio
3286 4396 3620 4469 sequacibus

2020 4487 2136 4542 suis
2163 4493 2375 4541 aeterna
2414 4484 2686 4557 supplicia
2714 4490 3011 4557 preparat,
3045 4502 3168 4556 quae
3197 4491 3347 4540 recte
3374 4492 3621 4541 tormen-

2020 4581 2138 4630 tum
2165 4575 2469 4646 impiorum
2492 4580 2848 4645 vocatur,per
2869 4589 3035 4644 quam
3056 4574 3127 4627 ad
3149 4574 3289 4627 illud
3315 4574 3619 4628 multitudo

2021 4662 2323 4733 impiorum
2354 4662 2626 4733 pervenit.
2662 4663 2852 4716 Genus
2882 4661 3030 4715 enim
3069 4661 3296 4731 trepicae
3324 4659 3621 4715 locutionis

2024 4752 2093 4805 ab
2123 4768 2189 4806 eo
2221 4752 2369 4822 quod
2399 4755 2683 4823 procurat,
2704 4749 2842 4803 illud
2875 4748 3023 4818 quod
3043 4752 3399 4818 procuratur,
3432 4752 3619 4802 osten-

2024 4841 2270 4895 dens.De
2288 4857 2384 4894 ore
2404 4840 2629 4893 illorum
2650 4837 2901 4908 procedit
2921 4836 3088 4906 ignis,
3105 4836 3239 4906 quia
3267 4853 3367 4906 pro
3387 4836 3619 4894 illorum

2025 4929 2281 4983 doctrina
2308 4929 2426 4982 haec
2456 4927 2645 4981 omnia
2670 4930 2904 4979 ventura
2924 4928 3058 4979 sunt
3086 4924 3292 4995 eis,qui
3309 4941 3432 4979 eam
3452 4926 3623 4982 susci-

2024 5016 2208 5089 piunt.
2242 5018 2384 5071 Cum
2415 5021 2601 5069 autem
2637 5014 2693 5067 in
2723 5014 2878 5066 illam
2906 5013 3268 5077 incurrerint,
3299 5018 3434 5069 tunc
3462 5031 3626 5088 θερε-

2027 5106 2247 5160 rientur
2267 5121 2434 5175 quam
2453 5118 2648 5158 amara
2667 5118 2817 5155 mors
2849 5101 2942 5164 sit,
2959 5117 3183 5172 semper
3212 5102 3341 5173 igne
3361 5104 3620 5173 cremari,

2027 5211 2129 5249 nec
2158 5193 2412 5248 funditus
2434 5191 2594 5255 mori,
2624 5207 2847 5261 semper
2874 5189 3091 5244 fumum
3118 5191 3457 5261 pati,lucem
3474 5211 3624 5249 nun-

2029 5300 2198 5355 quam
2248 5281 2455 5345 videre,
2504 5296 2728 5351 semper
2767 5278 3037 5334 fetoribus
3078 5280 3300 5351 repleri,
3331 5283 3624 5337 suavitatis

2030 5372 2164 5427 nihil
2184 5369 2672 5439 adoleri.Ideoque
2685 5368 2965 5423 horrenda
2984 5385 3213 5440 prorsus
3234 5386 3622 5442 perversorum

2032 5465 2165 5516 sunt
2192 5459 2475 5528 dogmata,
2505 5456 2705 5528 quibus
2734 5459 3058 5530 pervenitur
3086 5458 3156 5513 ad
3180 5459 3340 5516 talia.

2102 5551 2339 5604 Potestas
2365 5550 2517 5602 enim
2538 5562 2808 5616 equorum
2858 5550 2924 5602 in
2952 5562 3043 5601 ore
3070 5549 3326 5615 ipsorum
3352 5549 3446 5610 est,
3478 5549 3527 5599 et
3554 5546 3621 5605 in
