4006 6164
489 222 630 283 1059

905 219 1287 280 HAYMONIS
1326 218 1816 320 HaLBERSTAT.
1859 220 2082 281 EPISC.
2124 218 2285 277 DPP.
2328 214 2513 276 PARS
2551 218 2597 275 Ι.
2639 249 2700 259 -
2746 215 3119 276 COMMENT.
3163 217 3343 274 BIBL.

3623 218 3756 281 1060

486 349 678 402 caudis
690 365 901 403 eorum.
924 349 1068 414 Quia
1086 365 1187 421 per
1206 364 1363 402 suam
1387 346 1841 419 praedicationem
1858 361 2082 416 perver-
2100 350 2145 409 Α
2164 344 2309 411 ticis,
2336 349 2400 398 ut
2422 344 2476 398 in
2496 343 2688 421 anima
2702 343 3036 411 moriantur,
3057 361 3227 414 neque
3239 348 3626 413 penitentiam
3654 362 3758 414 ege-

486 453 608 491 sam
623 436 910 492 suadendo
923 437 1138 509 decipiu
1150 442 1293 503 nt,et
1303 441 1412 489 tein
1421 430 2086 512 poralibuspotestatibus

486 512 634 593 fulti,
655 543 755 599 per
770 543 837 581 ea
857 544 978 598 quae
1000 533 1150 580 retro
1172 531 1322 589 sunt,
1348 523 1686 578 exaltantur.
1712 518 1821 576 I’er
1847 522 2086 576 caudam

487 615 715 689 quippe,
732 621 798 671 ut
814 632 985 686 supra
1012 614 1221 689 dictum
1250 618 1355 680 est,
1377 614 1624 689 potestas
1653 616 1877 665 terrena
1897 609 2086 682 expri-

486 686 681 771 mit-uir,
698 721 819 777 qua:
842 703 899 756 in
920 686 1324 774 temporalibus
1348 686 1514 755 rebus
1542 700 1915 773 laetatur,quae
1937 705 2087 773 post-

486 786 759 863 ponendze
789 796 921 846 sunt
950 790 1212 845 omnibus
1246 790 1341 862 qui
1373 786 1442 843 ad
1474 807 1541 843 ea
1568 807 1690 861 quae
1721 790 1778 843 in
1809 796 1938 843 ante
1954 795 2087 843 sunt

486 868 546 935 se
568 874 866 934 extendere
887 879 1164 934 nituntur.
1195 881 1259 933 In
1290 896 1386 933 ore
1416 896 1544 931 vero
1578 877 1715 931 illud
1733 880 1879 950 quod
1904 892 2002 949 per
2025 895 2086 930 os

486 971 552 1024 ﬁt
581 969 937 1045 intelligitur.
971 954 1229 1022 Potestas
1259 985 1392 1037 ergo
1424 985 1616 1021 eorum
1660 965 1715 1021 in
1762 985 1857 1020 ore
1888 982 2084 1021 eorum

486 1054 590 1125 est,
614 1063 670 1113 et
699 1057 759 1112 in
783 1050 976 1112 caudis
1006 1057 1419 1128 ipsorum,quia
1447 1073 1587 1126 quos
1608 1071 1718 1109 non
1740 1061 1975 1127 possunt
1995 1055 2086 1109 de-

484 1148 673 1220 cipere
698 1163 802 1219 per
832 1146 1173 1220 pravitatem
1196 1144 1423 1209 erroris,
1456 1142 1743 1217 decipiunt
1788 1160 1890 1215 per
1927 1144 2085 1214 prin-

483 1218 635 1308 cipes
689 1218 857 1307 hujus
906 1234 1117 1289 saeculi.
1160 1218 1321 1287 Unde
1369 1218 1663 1286 subditur:
1708 1232 1855 1286 Nam
1902 1232 2086 1284 cauda-

481 1339 675 1387 eorum
703 1326 912 1378 similes
941 1323 1300 1392 serpentibus,
1327 1320 1579 1374 habentes
1601 1323 1802 1389 capita,
1826 1325 1873 1373 et
1908 1323 1967 1372 in
1998 1319 2082 1371 his

2168 422 2307 486 runt
2334 434 2395 485 de
2423 418 2672 501 operibus
2690 436 2963 486 manuum
2992 438 3319 497 suarum,ut
3338 450 3451 487 non
3464 427 3761 488 adorarent

2167 524 2437 576 damonia
2453 527 2501 575 et
2526 524 2834 576 simulacra
2858 539 3029 576 aurea
3047 529 3094 575 et
3127 520 3341 592 lapidea
3363 528 3410 575 et
3438 525 3761 591 lignea,un

2169 627 2339 678 neque
2369 597 2551 663 ridere
2575 616 3002 680 possunt,neque
3018 610 3235 675 audire,
3262 627 3438 679 neque
3452 613 3755 673 ambulare,

2168 704 2215 752 et
2239 702 2351 753 non
2372 705 2598 765 egerunt
2617 701 2993 767 penitentiam
3017 700 3087 751 ab
3104 686 3420 753 homicidiis
3440 702 3580 763 suis,
3600 716 3761 769 neque

2166 805 2200 840 a
2228 780 2599 853 fornicatione
2622 804 2743 852 sua,
2775 804 2946 855 neque
2975 803 3007 839 a
3039 780 3212 853 furtis
3233 792 3370 841 suis.
3395 785 3672 854 Subaudi,
3695 774 3761 842 si-

2169 874 2378 929 militer
2401 874 2663 946 peribunt
2681 876 2828 946 igne.
2854 859 3141 945 sulphure.
3158 876 3419 931 t‘umo.Ac
3448 876 3496 931 si
3519 872 3759 931 diceret:

2174 950 2243 1017 Et
2267 963 2325 1016 hi
2351 962 2494 1018 tales
2522 962 2590 1016 ad
2618 964 3001 1034 supradictum
3031 956 3312 1035 pertinere
3337 982 3647 1019 numerum
3686 967 3763 1019 vi-

2170 1048 2393 1106 dentur.
2446 1051 2695 1107 Hieretici
2738 1052 2942 1124 quippe
2988 1053 3381 1107 tantummodo
3414 1054 3762 1109 Christianas

2167 1134 2519 1211 decipiebant
2537 1144 2592 1195 et
2613 1134 2854 1206 Judaeos,
2869 1158 2981 1196 non
3007 1147 3198 1196 tamen
3230 1159 3501 1213 paganos;
3518 1130 3616 1197 sed
3638 1143 3762 1215 quia

2167 1230 2273 1303 ipsi
2304 1247 2417 1287 non
2442 1236 2823 1302 cognoverunt
2841 1220 3039 1295 Deum,
3057 1248 3181 1286 cum
3207 1232 3311 1285 hoc
3327 1231 3527 1304 utique
3539 1236 3763 1303 possent

2164 1318 2348 1373 facere
2369 1335 2469 1391 per
2485 1319 2800 1373 naturalem
2822 1320 3023 1390 legem,
3039 1319 3300 1375 similiter
3318 1320 3759 1376 damnabuntur.

486 1420 697 1468 nocent.
716 1410 980 1483 Legimus
1005 1411 1063 1466 in
1086 1409 1467 1481 Genesi,quod
1491 1404 1748 1463 diabolus
1765 1414 2083 1479 serpentem
2164 1400 2324 1461 Unde
2350 1402 2821 1463 considerandum
2852 1414 2956 1468 est.
2982 1425 3094 1479 qua
3120 1425 3285 1481 pcena
3307 1400 3593 1480 plectendi
3614 1416 3759 1479 sunt,

488 1498 723 1576 indutus
758 1498 1051 1554 mulierem
1095 1497 1317 1571 decepit
1353 1495 1550 1551 fraude
1589 1498 1751 1551 malae
1784 1497 2081 1552 suasionis.
2167 1495 2261 1567 qui
2284 1486 2555 1550 habentes
2578 1496 2680 1550 Dei
2711 1497 3166 1563 notitiam,ﬁdem
3189 1492 3247 1579 et
3265 1498 3563 1552 scientiam
3578 1504 3635 1553 et
3655 1496 3761 1569 haec

483 1571 648 1644 Tales
679 1597 812 1646 sunt
858 1595 914 1643 et
962 1584 1055 1641 isti
1088 1603 1342 1666 errorum
1380 1585 1653 1656 magistri,
1692 1584 1787 1657 qui
1832 1603 1934 1641 sua
1964 1592 2084 1658 per-
2168 1583 2357 1638 omnia
2385 1591 2773 1649 contemnunt,
2801 1587 2847 1640 si
2880 1587 2958 1640 illi
2988 1587 3159 1641 etiam
3187 1571 3642 1658 damnabantur,
3670 1589 3760 1667 qni

487 1695 646 1733 versa
675 1676 928 1731 doctrina
958 1664 1243 1747 decipiunt
1278 1691 1416 1745 quos
1457 1679 1711 1747 possunt,
1745 1687 1801 1727 et
1830 1674 1958 1745 quia
1989 1670 2368 1730 eothorum
2421 1672 2674 1729 omnium
2718 1674 2857 1729 nihil
2903 1670 3240 1743 habuerunt,
3282 1683 3339 1731 et
3383 1664 3757 1746 solummodo,

484 1783 624 1839 quos
648 1765 972 1821 ‘subvertere
1017 1769 1305 1836 nequeunt
1349 1780 1450 1834 per
1481 1762 1814 1835 pravitatem
1853 1763 2079 1839 erroris,

484 1836 810 1928 opprimunt
826 1870 925 1926 per
944 1840 1251 1925 potentiam
1274 1840 1627 1915 saeculi,bene
1647 1852 1836 1906 caudae
1855 1836 2082 1905 illorum

482 1941 697 1998 similes
725 1938 1082 2014 serpentibus
1115 1939 1397 1995 dicuntur.
1427 1930 1712 1994 Habentes
1741 1940 1947 2010 capita,
1980 1952 2083 2011 per

493 2032 617 2105 quae
649 2022 1114 2103 principeshujus
1128 2026 1315 2083 saeculi
1333 2030 1669 2100 ﬁgurantur,
1692 2045 1831 2099 quos
1850 2027 1955 2081 sibi
1972 2024 2082 2082 liae-

482 2119 643 2191 retlci
670 2120 1041 2191 conjungunt,
1069 2123 1135 2172 ut
1163 2106 1469 2172 catholicos
1497 2134 1531 2171 a
1575 2116 1684 2172 fide
1732 2116 2078 2171 subvertant.

482 2190 643 2263 Unde
665 2215 721 2262 et
744 2190 857 2262 alia
880 2206 1173 2261 translatio
1198 2202 1385 2260 habet:
1412 2200 1615 2261 Caudae
1645 2222 1841 2259 eorum
1872 2204 2084 2259 similes

480 2303 613 2352 sunt
637 2282 994 2350 draconibus.
1027 2288 1137 2349 Per
1162 2293 1433 2347 dracones
1456 2293 1661 2366 quippe
1684 2293 1779 2365 qui
1810 2311 1953 2365 pene
1980 2294 2084 2348 im-

480 2385 763 2440 maniores
784 2388 918 2438 sunt
932 2372 1611 2452 omnibusbestiis,aperte
1632 2372 2081 2461 seeculidesigna-

479 2476 575 2526 tur
602 2476 872 2544 potestas,
900 2488 1069 2543 quam
1089 2468 1338 2526 Ezechiel
1363 2477 1425 2541 (ς.
1445 2472 1585 2541 xxxx)
1613 2473 1676 2525 ex
1698 2489 1936 2544 persona
1965 2466 2079 2526 Do-

477 2552 619 2617 mini
636 2560 872 2632 loquens
889 2560 957 2616 ad
972 2544 1324 2615 Pharaonem
1364 2576 1555 2630 regem
1594 2558 1815 2632 [Egypti
1841 2560 2078 2615 demon-

2167 1763 2297 1836 quia
2321 1766 2421 1833 per
2449 1763 2767 1817 naturalem
2810 1762 2991 1836 legem
3021 1750 3199 1819 Deum
3231 1782 3344 1825 non
3373 1758 3761 1836 cognoverunt

2163 1852 2595 1922 peribunt.Cum
2620 1854 2768 1907 enim
2791 1838 3118 1909 debuissent
3136 1840 3494 1911 considerare
3506 1861 3757 1910 etatten-

2163 1941 2314 2006 dere,
2344 1945 2407 1994 ut
2424 1941 2749 1995 Creatorem
2779 1941 2904 1995 ρωιὶ
2932 1947 2989 1995 et
3009 1947 3174 1997 terrae
3203 1944 3260 1997 et
3286 1944 3549 1999 omnium
3576 1961 3759 1999 rerum

2164 2022 2412 2083 colerent
2448 2035 2505 2083 et
2541 2029 2862 2095 adorarent,
2878 2029 3261 2100 relinquentes
3288 2026 3643 2097 Creatorem,
3662 2050 3762 2087 coe-

2164 2123 2369 2189 perunt
2389 2117 2625 2175 adorare
2650 2134 2822 2189 opera
2852 2134 3122 2174 manuum
3152 2130 3385 2173 suarum
3408 2137 3590 2175 aurea
3610 2126 3667 2175 et
3685 2121 3762 2175 la-

2163 2202 2328 2278 pidea
2358 2211 2414 2260 et
2462 2203 2667 2277 lignea,
2697 2224 2821 2279 quae
2849 2223 3032 2281 neque
3061 2207 3251 2262 videre
3287 2214 3551 2283 possunt,
3584 2228 3760 2282 neque

2164 2291 2377 2359 audire,
2411 2292 2544 2365 quia
2597 2292 2827 2364 spiritus
2856 2310 2970 2347 non
3000 2296 3087 2348 est
3132 2295 3190 2347 in
3220 2294 3319 2349 eis.
3350 2294 3426 2349 Et
3473 2313 3593 2350 non
3641 2314 3761 2368 ege-

2164 2385 2298 2435 runt
2326 2380 2713 2451 paenitentiam
2740 2399 2773 2435 a
2797 2381 2914 2436 suis
2936 2380 3274 2447 homicidiis,
3307 2374 3513 2457 quibus
3554 2385 3760 2439 interii-

2164 2469 2385 2524 ciebant
2430 2462 2658 2536 multos,
2693 2478 2750 2526 et
2777 2471 3109 2542 sanguinem
3156 2470 3399 2528 ﬁliorum
3447 2492 3685 2529 suorum
3708 2482 3763 2529 et

2162 2558 2406 2613 ﬁliarum
2437 2576 2666 2614 suarum
2696 2560 3009 2616 fundebant
3030 2549 3087 2615 et
3114 2559 3425 2616 offerebant
3445 2560 3756 2629 daemoniis,

479 2640 986 2704 stratdicenszEcce
999 2646 1969 2717 egoadtc,Pharao,dracomagne.Et
1989 2644 2077 2703 Jc-
2158 2664 2340 2718 neque
2369 2664 2404 2700 a
2428 2648 2797 2703 fornicatione
2827 2667 2929 2704 sua
2957 2650 3186 2723 duplici,
3208 2658 3272 2706 ut
3298 2642 3368 2707 ab
3393 2650 3761 2709 immunditia

475 2737 685 2793 remias
697 2737 935 2810 (c.L1)ex
952 2754 1193 2811 persona
1210 2734 1522 2795 Jerusalem
1544 2735 1612 2790 de
1631 2730 2077 2792 Nabucliodono-
2158 2736 2342 2790 carnis
2365 2743 2671 2805 cessarent,
2704 2742 2803 2792 aut
2832 2739 2902 2792 ab
2939 2736 3278 2810 idololatria,
3307 2758 3493 2813 neque
3525 2759 3562 2796 a
3595 2742 3758 2797 furtis

476 2818 835 2884 sor:00medit
857 2812 1241 2890 me,deooravil
1256 2826 1644 2891 me;absorbuit
1665 2836 1749 2879 me
1771 2829 1931 2894 quasi
1950 2827 2078 2879 clra-
2159 2827 2295 2891 suis,
2326 2826 2455 2896 quia
2501 2823 2607 2879 sibi
2645 2826 2887 2880 invicem
2933 2831 3317 2900 unusquisque
3356 2812 3482 2900 qua:
3513 2834 3753 2902 poterat,

476 2902 746 2989 co.l3rinci
754 2914 908 2987 pium
922 2930 1055 2985 ergo
1075 2913 1399 2985 patrociniis
1418 2908 1810 2985 fultimagistri
1823 2930 2077 2969 errorum
2102 2985 2132 2990 ᾗ
2161 2911 2470 2969 iurabatur.
2487 2906 2568 2968 De
2588 2931 2828 2987 quorum
2851 2916 3097 2986 profecto
3113 2918 3539 2973 conversatione
3554 2919 3753 2990 impae-

477 2986 719 3077 amplius
746 2985 975 3071 nocent,
997 3019 1165 3075 quam
1197 3001 1243 3056 si
1272 3002 1391 3056 solo
1418 3019 1679 3057 sermone
1703 3001 2024 3058 suaderent.
2088 2985 2133 3047 G
2156 3001 2536 3067 nitenti,nunc
2552 3003 2735 3074 operis
2758 3002 2996 3083 intentio
3013 3021 3127 3060 non
3156 3006 3290 3060 sinit
3311 2994 3559 3081 amplius
3580 3007 3749 3079 loqui,

547 3093 615 3168 Et
642 3095 821 3168 ceteri
850 3094 1118 3153 homines,
1151 3089 1209 3144 id
1258 3096 1363 3153 est,
1398 3091 1623 3163 pagani,
1654 3094 1754 3159 qui
1798 3108 1908 3145 non
1939 3097 2070 3146 sunt
2151 3092 2462 3163 praesertim
2510 3109 2637 3147 cum
2683 3097 2740 3146 et
2767 3082 2858 3147 hic
2900 3082 3045 3148 liber
3072 3094 3132 3149 in
3169 3092 3402 3167 longum
3432 3092 3750 3168 protractus

480 3164 643 3237 occisi
661 3162 724 3233 in
741 3180 825 3232 his
837 3178 1164 3247 ptagis.Hoc
1184 3183 1289 3246 est,
1307 3194 1417 3231 non
1440 3162 1880 3251 suntdeceptiab
1891 3178 2071 3235 haere-
2152 3162 2327 3235 debiti
2357 3181 2488 3236 linis
2510 3181 2815 3237 terminum
2841 3187 3141 3254 exspectet.

1488 3388 1964 3485 LIBER
2033 3378 2723 3493 TERTIUS.

1098 3671 1341 3733 CAPUT
1381 3671 1448 3732 Χ.
2154 3680 2444 3759 descendit
2471 3681 2539 3737 d'e
2557 3682 2732 3738 caelo?
2751 3682 2837 3739 Ad
2865 3682 3013 3756 quod
3034 3686 3224 3758 procul
3247 3685 3418 3743 dubio
3430 3687 3740 3753 dicendum,

548 3763 613 3823 Et
640 3766 761 3821 uidi
786 3768 964 3820 alium
1011 3768 1272 3834 angelum
1311 3769 1512 3834 fortem
1548 3766 1957 3822 descendentem
2007 3769 2070 3823 de
2150 3770 2287 3841 quia
2317 3770 2605 3827 descensio
2628 3772 2780 3827 illius
2808 3773 2948 3828 nihil
2969 3774 3121 3829 aliud
3141 3774 3392 3841 fuitﬁiisi
3417 3776 3741 3830 humilitatis

428 3901 440 3915 .
474 3859 618 3911 casto.
650 3856 921 3909 amictum
952 3856 1112 3921 nube,
1144 3859 1191 3908 et
1219 3858 1326 3909 iris
1356 3858 1419 3908 in
1450 3852 1623 3924 calata
1652 3859 1790 3923 ejus.
1822 3856 2068 3926 Angelus
2152 3860 2274 3929 ejus
2303 3859 2635 3918 incarnatio.
2658 3860 2818 3916 Nube
2865 3868 3053 3918 autem
3082 3863 3327 3919 amictus
3355 3866 3624 3936 apparuit
3655 3878 3743 3918 an-

466 3943 735 3999 ‘Chri‘stus
765 3946 867 4009 est,
908 3943 1138 3997 nuntius
1183 3950 1435 4019 paternae
1463 3942 1796 4001 voluntatis.
1832 3942 1900 3998 Et
1938 3945 2070 4015 quia
2146 3947 2329 4017 gelus,
2358 3949 2490 4019 quia
2517 3950 2787 4005 nimirum
2814 3962 2982 4006 carne
3010 3952 3263 4018 indutus,
3289 3954 3443 4007 inter
3492 3954 3739 4008 homines

470 4036 699 4087 ~eterna:
719 4031 845 4101 vitm
863 4042 1039 4085 novus
1058 4032 1293 4086 nuntius
1315 4016 1557 4098 advenit,
1586 4040 1730 4086 nova
1766 4033 2065 4101 nuntiavit,
2149 4016 2414 4107 apparuit
2462 4034 2754 4092 Dominus.
2787 4036 2867 4093 De
2894 4050 3010 4110 qua
3054 4016 3355 4112 propheta:
3390 4042 3523 4095 Ecce
3562 4041 3738 4096 110ml

476 4122 622 4176 nova
643 4121 1071 4192 promisit,nova
1090 4120 1350 4174 ﬁdelibus
1378 4120 1496 4174 suis
1526 4121 1783 4177 Contulit.
1817 4122 1975 4176 Unde
2014 4130 2071 4177 et
2146 4128 2260 4178 nus
2285 4126 2535 4179 ascendet
2590 4130 2755 4195 super
2808 4129 3013 4181 nubem
3073 4123 3261 4196 leuem,
3313 4134 3362 4184 et
3394 4133 3738 4198 ingredietur

474 4212 577 4282 per
593 4208 925 4282 prephetam
947 4208 1138 4278 magni
1160 4207 1374 4262 consilii
1395 4209 1629 4279 angelus
1655 4204 2443 4283 dicitur.HujusD£gg/ptum
2488 4215 2617 4286 (Isa.
2649 4216 2781 4284 xix).
2821 4216 3003 4288 Super
3047 4216 3256 4272 nubem
3304 4218 3514 4290 quippe
3571 4212 3734 4275 1m

468 4294 781 4352 sacerdotis
828 4292 1083 4349 membra
1139 4300 1273 4349 sunt
1326 4292 1410 4377 illi
1465 4297 1668 4359 etiam,
1734 4298 1806 4351 ’de
1867 4298 2069 4368 quibus
2149 4301 2421 4366 ascendit,
2453 4302 2677 4372 quando
2710 4308 2944 4357 carnem
2990 4304 3115 4358 sine
3170 4307 3477 4375 gravedine
3537 4307 3735 4378 pacati

470 4386 748 4457 scriptum
776 4386 888 4438 θεὶς
918 4384 1082 4437 Labia
1103 4374 1396 4438 sacerdotis
1421 4387 1737 4467 custodiunt
1777 4384 2066 4442 scientiam
2144 4390 2472 4467 assumpsit.
2502 4392 2688 4461 Caput
2714 4400 2844 4446 vero
2873 4393 3059 4463 angeli
3101 4392 3367 4448 divinitas
3404 4374 3736 4467 intelligitur

476 4468 739 4547 (Maiae-it.
770 4476 855 4537 τι).
890 4474 955 4526 1n
1000 4484 1067 4525 eo
1124 4476 1315 4525 autem
1371 4457 1521 4543 quod
1570 4474 1745 4528 alium
1801 4477 2065 4545 angelum
2144 4478 2275 4532 Filii
2299 4457 2422 4544 bis,
2461 4457 2625 4548 juxta
2651 4479 2823 4534 illud:
2857 4457 3043 4551 eaput
3066 4468 3274 4536 Christi
3302 4482 3476 4538 Deus.
3511 4457 3627 4538 ne;
3641 4488 3733 4537 au-

466 4560 717 4620 Joannes
744 4561 949 4616 vidisse
976 4564 1035 4615 Se
1058 4559 1217 4627 dicit,
1237 4576 1349 4615 non
1380 4566 1465 4616 est
1498 4562 1581 4615 rei
1622 4562 1934 4628 diversitas,
1969 4566 2068 4619 sed
2148 4571 2282 4630 tem,
2304 4565 2449 4621 sicut
2468 4571 2527 4621 et
2555 4582 2727 4639 supra
2752 4568 2997 4623 diximus
3026 4570 3452 4638 Graece,Latine
3471 4588 3633 4628 arcus
3655 4572 3733 4626 di-

466 4654 607 4710 ‘o’rdo
632 4652 882 4717 visionis,
908 4654 965 4705 et
984 4648 1333 4729 consuetudo
1352 4650 1851 4722 recapitulationis.
1874 4653 2067 4707 Alium

469 4745 621 4798 enim
651 4739 916 4813 angelum
961 4740 1116 4805 vidit,
1146 4740 1282 4810 quia
1309 4740 1480 4793 aliam
1510 4741 1779 4795 visionem
1812 4741 1916 4795 sub
1955 4742 2064 4796 alio

465 4832 756 4887 intellectu
784 4829 1156 4885 enarrandam
1187 4828 1469 4900 repetivit.
1502 4828 1685 4883 Fortis
1714 4837 1901 4884 autem
1924 4818 2064 4884 dici:-

468 4918 584 4983 tur,
618 4920 751 4990 quia
780 4919 854 4973 'ad
895 4917 1184 4972 bellandas
1225 4917 1379 4971 venit
1407 4933 1601 4971 aereas
1627 4922 1952 4988 potestates.
1983 4918 2066 4974 De

466 5010 582 5075 quo
627 5006 929 5061 Psalmista
978 5022 1043 5061 ex
1091 5010 1335 5077 persona
1392 5006 1720 5075 angelorum
1776 5009 1916 5077 (Lib.
1950 5012 2055 5078 in):

472 5095 603 5161 Quis
632 5099 704 5147 est
732 5096 830 5147 iste
860 5111 957 5148 rex
982 5098 1212 5161 glm‘iz?
1248 5093 1334 5149 Et
1357 5095 1732 5165 respondens:
1763 5098 2057 5159 Dominus.

468 5180 673 5251 inquit,
706 5178 947 5255 fortiset
971 5188 1179 5249 potens,
1216 5184 1481 5238 Dominus
1521 5191 1714 5251 potens
1756 5189 1821 5239 in
1866 5190 2059 5254 pretio

462 5270 637 5343 ’(Psal.
672 5271 851 5335 χχιιι).
876 5268 985 5322 Sed
1015 5284 1140 5322 cum
1192 5269 1469 5325 Dominus
1522 5272 1732 5343 ubique
1761 5273 1852 5333 sit,
1898 5276 2061 5345 juxta

466 5358 628 5427 illud,
655 5357 863 5414 ‘Ct'etum
895 5362 942 5410 et
990 5361 1203 5410 terram
1229 5368 1324 5426 ego
1350 5363 1551 5428 impleo
1590 5364 1723 5429 (Jer.
1772 5367 1952 5433 mu),
2003 5370 2061 5418 et

468 5455 627 5507 extra
676 5442 879 5506 coelum
922 5444 986 5500 et
1026 5443 1241 5499 Rrram
1291 5463 1407 5503 non
1447 5450 1522 5504 sit
1576 5451 1754 5523 locus,
1774 5454 2057 5523 quomodo

2149 4656 2319 4723 citur,
2342 4656 2474 4726 quia
2498 4656 2736 4710 diversis
2769 4656 3050 4712 coloribus
3092 4658 3151 4712 in
3183 4658 3334 4714 nube
3364 4666 3636 4733 apparere
3654 4661 3733 4714 vi»

2142 4744 2332 4810 detur,
2348 4749 2405 4798 et
2421 4749 2508 4798 est
2537 4745 2760 4815 signum
2782 4746 3198 4817 propitiationis
3214 4762 3248 4802 a
3264 4748 3525 4820 tempore
3551 4750 3728 4805 diiutii

2147 4833 2390 4903 positum
2416 4831 2567 4887 inter
2593 4832 2771 4887 Deum
2800 4839 2858 4888 et
2884 4835 3159 4890 homines.
3192 4836 3465 4909 Tumque
3493 4841 3560 4894 ﬁt
3579 4852 3731 4893 amas

2146 4920 2205 4974 in
2244 4922 2400 4988 coelo,
2435 4926 2564 4976 'cum
2603 4922 2776 4976 radiis
2818 4922 2955 4979 solis
3001 4922 3296 4980 imbrifera
3337 4927 3521 4983 nubes
3571 4926 3731 4982 luerit

2139 5008 2441 5077 illustrata,
2472 5011 2603 5082 quia
2638 5010 2775 5065 dum
2820 4996 3050 5067 claritas
3094 5012 3237 5069 lucis
3280 5020 3527 5081 alterum,
3558 5022 3612 5070 et
3644 5016 3730 5070 sol

2137 5099 2373 5169 iustitiae
2415 5104 2643 5154 carnem
2691 5102 3016 5173 assumpsit,
3048 5104 3432 5160 reconciliatio
3472 5106 3615 5160 lucta
3642 5106 3727 5158 est

2139 5189 2371 5242 mundo.
2387 5189 2453 5243 In
2472 5204 2605 5243 arcu
2619 5194 2841 5260 quoilue
2857 5191 2967 5244 duo
2984 5194 3122 5245 sunt
3140 5191 3353 5247 coieres
3376 5194 3725 5265 principales,

2136 5277 2410 5331 caeruleus
2438 5277 2650 5331 scilicet
2697 5282 2756 5332 'e‘t
2801 5280 3016 5350 igneus,
3052 5294 3155 5352 per
3184 5292 3323 5351 quos
3371 5282 3483 5337 duo
3520 5282 3725 5354 judicia

2140 5366 2547 5437 signiﬁcantur.
2578 5367 2644 5421 In
2688 5378 2802 5423 uno
2832 5369 3045 5424 scilicet
3086 5369 3358 5424 diluvium
3389 5372 3720 5442 praecedens,

2139 5454 2199 5509 in
2218 5454 2401 5510 altero
2420 5464 2550 5510 vero
2586 5455 2734 5526 ignis
2755 5455 3119 5529 subsequens.
3144 5456 3388 5513 Bassum
3414 5465 3473 5514 et
3507 5460 3562 5513 in
3588 5458 3721 5512 areu
