4048 6172
283 251 417 314 1061
1223 242 1605 303 ΕΧΡΟΞΙΤΙΟ
1635 242 1714 299 IN
1739 241 1915 297 APOC

2000 238 2260 298 LYPSIN.
2298 272 2363 282 —
2394 241 2533 301 LIB.
2554 241 2658 323 III.
3416 243 3557 307 1062

281 378 554 451 mysteria
569 374 800 455 ﬁgurari
822 372 1193 445 baptismatis,
1218 387 1326 442 quo
1346 369 1698 442 baptizamur
1716 366 1877 438 aquis
1897 373 1945 430 Α
1965 365 2289 435 mittuntur,
2311 371 2462 422 recte
2486 368 2697 445 pedes;
2729 368 2862 439 quia
2888 385 3021 427 vero
3062 370 3134 427 ad
3176 387 3430 431 amorem
3457 375 3561 430 Dei

279 467 340 522 in
366 464 640 521 memoria
669 454 943 535 passionis
972 456 1099 514 Filii
1144 460 1263 523 Dei,
1296 458 1488 530 sicque
1540 455 1881 531 percipimus
1964 454 2088 509 illos
2118 455 2321 526 quibus
2355 456 2659 526 praedicant
2685 458 3017 525 accendunt,
3049 459 3189 515 bene
3215 462 3395 533 ignis;
3427 464 3562 534 quia

280 556 525 627 gratiam
544 534 788 625 Spiritus
809 548 1085 631 sahcti,de
1106 565 1215 623 quo
1234 548 1507 602 Dominus
1531 534 1883 611 dicit:lgncm
1965 560 2135 625 super
2180 544 2476 599 aediﬁcium
2529 546 2786 600 Ecclesiae
2833 553 3253 618 construuntur,
3302 557 3434 623 apte
3471 570 3561 609 co-

282 646 413 698 teni
424 646 637 696 mittere
656 645 715 694 in
733 632 1884 720 terram(Luc.x1I).Incapiteitaqueangeli
1966 633 2174 688 lumnae
2204 637 2490 687 vocantur.
2513 632 2656 699 Quia
2674 634 2822 690 enim
2850 636 3122 693 columnae
3150 644 3301 705 sunt,
3320 645 3565 697 testatur

288 730 389 785 iris
410 728 549 798 erat,
575 729 708 800 quia
727 728 782 781 in
801 708 1079 805 potestate
1094 724 1247 779 verbi
1279 714 1604 809 propitiatio
1625 708 1756 776 Filii
1786 720 1887 809 Dei
1969 722 2179 777 Paulus
2228 738 2355 775 cum
2403 722 2537 776 dicit
2571 741 2582 775 :
2613 725 2806 777 Petrus
2852 730 2900 781 et
2935 728 3166 781 Jacobus
3215 734 3263 782 et
3301 731 3563 801 Joannes;

288 816 603 874 constabat.
654 816 719 871 Et
767 819 932 885 facies
978 818 1093 884 ejus
1141 817 1281 866 sicut
1327 812 1423 866 sol.
1456 811 1600 876 Quia
1643 811 1701 864 in
1752 808 1889 863 facie
1970 812 2069 877 qui
2087 810 2414 862 ridebantur
2433 814 2701 865 columna
2724 828 2848 881 esse,
2876 815 3096 879 dextras
3124 818 3269 871 mihi
3295 820 3565 875 dederunt

291 904 541 979 cognitio
581 904 668 960 est
700 903 961 970 hominis,
994 919 1095 974 per
1114 901 1317 981 faciem
1364 900 1549 971 angeli
1580 896 1890 952 incarnatio

292 994 424 1051 Filii
452 994 551 1049 Dei
584 982 935 1063 intelligitur,
972 991 1104 1061 quia
1130 989 1237 1043 nisi
1262 989 1355 1043 ille
1383 1005 1608 1042 carnem
1638 1002 1890 1041 assume-

293 1089 407 1150 ret,
439 1100 602 1138 nemo
618 1081 907 1137 hominum
937 1062 1092 1134 illum
1124 1084 1501 1166 cognosceret.
1530 1077 1689 1130 Hanc
1711 1074 1893 1128 mani-

296 1172 498 1228 festam
527 1173 587 1227 in
615 1170 757 1225 facie
781 1168 1162 1239 cognitionem
1193 1154 1492 1220 Psalmista
1517 1154 1747 1236 optabat
1775 1163 1898 1216 ﬁeri

292 1260 431 1317 ‘cum
468 1259 690 1315 dicebat
719 1277 733 1313 :
772 1242 995 1314 Ostende
1024 1257 1225 1324 faciem
1258 1260 1410 1309 tuam
1439 1244 1486 1307 et
1513 1256 1656 1307 salvi
1683 1255 1895 1306 erimus

303 1334 468 1424 (ﬁsal.
502 1345 708 1417 LXXIX).
742 1340 868 1402 Non
893 1351 1082 1419 autem
1115 1349 1177 1398 ut
1207 1344 1290 1397 sol
1320 1343 1424 1397 iste
1458 1341 1683 1395 visibilis
1728 1340 1897 1394 facies

301 1436 515 1494 Christi
542 1434 739 1507 fulget,
775 1434 873 1489 sed
902 1433 1079 1487 multo
1109 1431 1368 1503 amplius,
1384 1430 1515 1502 quia
1539 1435 1593 1485 et
1620 1429 1689 1483 de
1708 1428 1899 1483 electis

303 1526 518 1581 dictum
549 1516 635 1578 est
666 1542 676 1576 :
710 1523 1013 1597 Fulgebunt
1031 1524 1180 1591 justi
1199 1522 1340 1573 sicut
1367 1521 1517 1573 solin
1540 1534 1703 1585 regno
1717 1518 1901 1570 Patris

1973 903 2021 979 et
2054 899 2317 953 liarnabaz
2350 898 2483 967 (Gal.
2514 900 2600 967 ιι).
2638 896 2777 953 Hinc
2802 906 2859 955 et
2902 918 3003 972 per
3033 904 3387 961 Psalmistam
3424 908 3567 965 dici-

1975 991 2068 1039 tur
2104 1002 2114 1037 :
2149 987 2256 1053 Ego
2287 988 2613 1053 conﬁrmari
2640 991 2927 1043 columnas
2949 995 3066 1058 ejus
3091 995 3255 1058 (Psat.
3290 1000 3492 1065 Lxxtv).

1978 1154 1981 1155 ν
2046 1076 2111 1147 Et
2129 1074 2351 1129 habebat
2375 1078 2434 1129 in
2454 1092 2630 1149 manu
2649 1092 2752 1147 sua
2777 1080 3280 1155 tibrumapertum.
3298 1067 3569 1155 Superius

1976 1154 2216 1231 legimus
2233 1162 2379 1241 quod
2396 1163 2593 1237 viderit
2607 1158 2810 1219 librum
2825 1154 3106 1236 signatum
3119 1172 3317 1241 sigillis
3328 1154 3564 1244 septem,

1977 1267 2079 1321 per
2096 1267 2264 1329 quem
2293 1251 2467 1304 Vetus
2494 1251 2918 1323 Testamentum
2961 1256 3308 1327 designatur,
3341 1263 3567 1332 plenum

1978 1338 2312 1394 multimoda
2331 1338 2804 1395 obscuritate.Hic
2824 1348 3012 1399 autem
3031 1362 3131 1415 per
3146 1348 3396 1407 libellum
3406 1368 3574 1422 aper—

1979 1435 2101 1482 tum
2130 1429 2249 1499 jam
2296 1428 2514 1482 Novum
2557 1430 2979 1486 Testamentum
3023 1434 3392 1505 significatur,
3425 1441 3573 1509 quod

1983 1520 2239 1587 apertum
2271 1521 2358 1569 est
2386 1516 2445 1570 in
2474 1533 2646 1573 manu
2685 1519 2806 1586 Dei,
2839 1519 2896 1587 id
2934 1526 3017 1575 est
3049 1526 3374 1593 operatione
3399 1528 3576 1598 ips-ius

303 1615 395 1670 sui
426 1613 642 1685 (Matth.
674 1616 821 1680 xm).
840 1606 909 1664 Et
928 1604 1152 1682 quidem
1184 1613 1351 1662 erunt
1368 1606 1528 1661 electi
1553 1604 1763 1685 similes
1808 1622 1905 1659 an-
1922 1684 1949 1685 7
1985 1609 2318 1685 reseratum.
2354 1606 2553 1661 Manus
2575 1606 2724 1661 enim
2755 1607 2852 1663 illa
2879 1601 3130 1679 operatio
3151 1619 3238 1668 est
3262 1622 3469 1672 nostra:
3493 1633 3581 1674 sa-

302 1682 467 1785 gelis,
501 1718 614 1755 non
650 1706 843 1785 tamen
890 1700 972 1753 ita
1014 1697 1243 1762 similes,
1276 1694 1424 1769 quod
1470 1682 1715 1768 aequales
1759 1682 2141 1748 FilioBlutis.
2174 1682 2243 1746 Et
2272 1693 2404 1765 quia
2432 1692 2489 1748 in
2519 1696 2792 1767 superiori
2822 1696 2964 1752 libro
3001 1708 3312 1757 noscuntur
3348 1705 3578 1761 latuisse

305 1782 433 1847 Dei.
451 1782 596 1844 Nam
627 1784 683 1843 et
711 1789 767 1842 in
789 1793 977 1842 monte
999 1796 1187 1840 coram
1211 1785 1393 1840 tribus
1412 1782 1697 1855 discipulis
1717 1789 1906 1837 trans-

310 1864 610 1953 figuratus,
644 1876 835 1932 futura
864 1873 1118 1930 membra
1161 1891 1262 1927 sua
1285 1875 1403 1944 jam
1428 1872 1485 1926 in
1507 1871 1688 1943 seipso
1719 1876 1906 1926 osten-

311 1968 414 2023 dit.
447 1966 552 2022 Sed
584 1984 699 2021 non
726 1967 847 2020 sine
878 1980 1048 2026 causa
1088 1963 1345 2018 Christus
1376 1960 1480 2033 soli
1528 1966 1904 2033 comparatur.

313 2057 413 2112 Sol
434 2054 638 2131 quippe
662 2052 831 2108 habet
849 2058 1037 2106 ortum
1068 2056 1122 2105 et
1148 2066 1422 2105 occasum.
1447 2031 1605 2103 Unde
1624 2031 1905 2103 Salomon:

317 2139 518 2202 Oritur
545 2145 623 2197 sol
652 2148 699 2196 et
726 2143 937 2204 occidit,
971 2140 1019 2193 et
1048 2142 1121 2194 ad
1152 2144 1331 2193 locum
1376 2154 1543 2191 suum
1589 2138 1903 2197 revertitur,

314 2234 503 2302 ibique
527 2238 813 2303 renascens
834 2228 999 2301 gyrat
1021 2245 1125 2298 per
1154 2218 1461 2293 meridiem,
1493 2214 1540 2280 et
1568 2228 1810 2297 ﬂectitur
1838 2225 1912 2278 ad

315 2324 635 2391 aquilonem
665 2318 861 2387 (Eccle.
904 2316 961 2385 ι).
1012 2312 1106 2371 Sol
1158 2316 1308 2370 enim
1349 2319 1507 2368 ortus
1553 2319 1655 2381 est,
1688 2311 1912 2382 quando

312 2404 579 2466 Christus
609 2406 776 2463 natus
804 2408 908 2460 est.
945 2405 1111 2458 Venit
1146 2405 1216 2458 ad
1247 2420 1528 2471 occasum,
1562 2401 1784 2474 quando
1813 2416 1914 2471 pro

318 2497 484 2554 nobis
505 2497 760 2551 mortuus
781 2494 885 2562 est,
905 2494 1094 2565 sicque
1116 2484 1285 2547 rediit
1302 2493 1373 2546 ad
1403 2478 1610 2557 ortum,
1637 2491 1769 2561 quia
1796 2490 1916 2560 ejus

318 2572 647 2642 humanitas
680 2602 745 2639 ex
771 2583 1028 2655 passione
1050 2581 1265 2647 mortis,
1291 2581 1361 2634 ad
1392 2580 1630 2653 gloriam
1660 2594 1915 2632 resurre-

1989 1788 2222 1843 secreta,
2242 1787 2371 1853 apte
2391 1799 2540 1839 nunc
2562 1783 2622 1837 in
2640 1784 2828 1839 libello
2857 1793 3051 1856 aperto
3074 1789 3213 1844 Novi
3231 1792 3578 1853 Testamenti

1988 1871 2233 1947 revelata
2261 1871 2529 1927 claruisse
2558 1872 2910 1943 significatur
2933 1876 3135 1945 gratia,
3161 1878 3279 1949 ipse
3299 1882 3449 1943 enim
3476 1894 3580 1954 ap-

1990 1975 2193 2030 parens
2221 1958 2280 2012 in
2301 1976 2487 2026 carne,
2512 1977 2634 2031 qua:
2661 1961 2999 2033 intelligitur
3026 1982 3127 2035 per
3152 1967 3347 2023 faciem
3368 1973 3577 2041 angeli,

1991 2063 2058 2102 ea
2083 2063 2206 2116 quae
2232 2046 2484 2103 latebant
2513 2050 2810 2116 nascendo,
2836 2053 3146 2121 moriendo,
3170 2073 3205 2110 a
3234 2060 3472 2114 mortuis
3498 2077 3584 2115 re-

1991 2136 2289 2207 surgendo,
2310 2142 2367 2197 et
2391 2137 2460 2191 ad
2481 2137 2647 2195 caelos
2670 2140 3023 2195 ascendendo
3042 2145 3283 2214 aperuit.
3312 2148 3380 2202 Et
3399 2153 3585 2216 posuit

1986 2225 2179 2293 pedem
2200 2240 2366 2278 suum
2394 2226 2650 2299 dextrum
2677 2242 2840 2294 super
2877 2245 3050 2295 mare,
3072 2234 3369 2289 sinistrum
3400 2241 3588 2293 autem

1991 2327 2157 2381 super
2185 2316 2414 2366 terram.
2437 2312 2545 2367 Per
2572 2313 2831 2369 dextrum
2860 2317 3056 2386 pedem
3075 2319 3175 2373 illa
3202 2321 3593 2391 signiﬁcantur

1996 2399 2269 2463 membra,
2302 2416 2424 2472 quae
2452 2401 2622 2455 nullis
2650 2402 3081 2461 adversitatibus
3109 2408 3466 2480 franguntur,
3484 2425 3589 2469 nec

1998 2490 2127 2544 ullis
2147 2487 2496 2545 successibus
2517 2491 2883 2560 extolluntur,
2906 2494 2963 2548 id
2994 2501 3080 2550 est
3099 2499 3358 2567 apostoli,
3382 2509 3593 2573 marty-

1999 2593 2090 2632 res
2120 2581 2177 2631 et
2205 2577 2411 2641 caeteri,
2433 2578 2528 2648 qui
2548 2583 2882 2648 potestatem
2905 2582 3115 2638 habent
3140 2586 3391 2649 calcan‘di
3422 2600 3594 2659 super

318 2672 524 2749 ctionis
548 2672 781 2728 rediisse
803 2670 1287 2746 probatur,ibique
1306 2685 1605 2731 renascens
1628 2673 1793 2739 gyrat
1821 2682 1921 2736 per
2002 2682 2227 2720 omnem
2249 2666 2519 2739 virtutem
2536 2666 2768 2722 inimici.
2790 2669 2951 2725 Tales
2971 2687 3142 2741 super
3161 2688 3332 2738 mare,
3348 2676 3455 2733 hoc
3483 2684 3588 2741 est,

321 2752 641 2827 meridiem,
661 2756 793 2837 quia
822 2776 1125 2831 resurgens
1155 2776 1189 2812 a
1217 2757 1473 2819 mortuis,
1500 2757 1683 2810 calore
1714 2755 1844 2809 ﬁdei
1866 2759 1924 2808 et
2003 2771 2171 2826 super
2189 2755 2338 2808 hunc
2356 2755 2628 2809 mundum
2651 2756 3087 2822 constituuntur,
3109 2762 3241 2831 quia
3261 2779 3455 2821 omnes
3470 2776 3593 2824 ma-

325 2848 573 2925 Spiritus
606 2850 784 2906 sancti
818 2849 989 2904 corda
1018 2847 1422 2931 discipulorum
1452 2845 1769 2901 illustravit.
1787 2843 1815 2898 J
1823 2858 1922 2896 ure
2004 2844 2187 2923 lorum
2218 2843 2634 2914 persecutiones
2653 2845 2963 2915 perferunt,
2984 2852 3043 2903 et
3061 2865 3174 2911 non
3196 2853 3593 2911 succumbunt.

326 2922 481 2998 enim
513 2938 595 2994 illi
625 2939 888 2994 meridies
929 2922 1219 3013 vocantur,
1264 2936 1322 2989 in
1351 2935 1552 3018 quibus
1578 2935 1660 2989 sol
1692 2932 1924 3003 justitia:
1946 2992 1987 3018 Π
2007 2932 2115 2987 Per
2136 2931 2425 2985 sinistrum
2447 2937 2633 2987 autem
2658 2934 2854 3002 pedem
2875 2937 2972 3005 qui
2991 2952 3164 3007 supra
3192 2943 3404 2997 terram
3432 2922 3597 3012 poni-

326 3027 659 3099 ampliorem
677 3025 917 3098 Spiritus
944 3006 1189 3078 infundit
1211 2992 1475 3078 calorem.
1499 3010 1607 3075 Per
1634 3020 1925 3075 meridiem
1945 2992 1989 3052 δ
2008 3026 2119 3087 tur,
2152 3020 2547 3091 intelliguntur
2574 2992 2940 3093 confessores,
2960 2992 3108 3083 sicut
3127 2992 3627 3101 Remigiusféeih,

330 3118 557 3193 quoque
583 3132 793 3188 gyrans
822 3114 892 3168 ad
913 3113 1231 3185 aquilonem
1252 3112 1517 3177 ﬂectitur,
1538 3110 1671 3181 quia
1684 3110 1753 3163 ad
1775 3106 1927 3163 colli-
2007 3125 2227 3172 manus,
2270 3108 2549 3164 Martinus
2576 3116 2633 3164 et
2659 3111 2863 3177 cateri,
2897 3113 2993 3183 qui
3018 3116 3173 3184 pacis
3222 3122 3472 3189 tempore
3526 3119 3601 3179 καί.

329 3196 576 3281 gendam
639 3202 1036 3275 gentilitatem,
1096 3201 1476 3273 apostolorum
1533 3198 1927 3277 praedicatione
2008 3203 2232 3264 xerunt,
2254 3212 2358 3251 nec
2396 3196 2680 3268 publicum
2709 3201 3064 3269 pertulerunt
3092 3206 3604 3279 martyrium-,quia

330 3293 681 3368 perducitur,
703 3290 759 3346 in
784 3308 893 3364 qua
925 3284 1162 3361 frigidus
1180 3296 1377 3342 ventus
1401 3288 1480 3341 illi
1508 3285 1926 3351 dominabatur,

332 3382 433 3458 qui
461 3382 519 3437 in
543 3378 863 3454 superbiam
897 3380 1097 3446 elatus,
1128 3379 1344 3450 primus
1382 3375 1884 3457 dixisseprobatur
1913 3393 1926 3428 :

333 3472 552 3526 Ponam
579 3458 769 3525 sedem
789 3485 973 3523 meam
996 3467 1066 3521 ad
1092 3466 1431 3538 aquilonem.
1452 3446 1728 3534 Quodque
1749 3446 1936 3517 subdi-

337 3560 455 3627 tur,
477 3559 749 3613 Lustrans
769 3557 959 3611 omnia
974 3556 1157 3628 pergit
1171 3554 1434 3626 Spiritus,
1453 3553 1524 3607 ad
1544 3553 1649 3606 hoc
1667 3552 1933 3625 pertinet,

338 3647 491 3721 quod
508 3652 662 3721 totus
675 3646 919 3700 mundus
938 3638 1334 3715 praedicatione
1343 3643 1543 3713 plenus
1558 3658 1680 3695 esse
1697 3629 1940 3694 ostendi-

341 3716 614 3801 tur;unde
634 3740 734 3787 est:
756 3730 1109 3787 i'o.1:tonitrui
1127 3735 1212 3784 tui
1233 3734 1292 3784 in
1312 3732 1703 3805 rota,itlu:rcru
1713 3733 1771 3781 nt
1784 3743 1942 3781 coru-

341 3822 613 3881 scatz’ones
648 3828 751 3875 tua
780 3823 901 3875 orbi
930 3820 1088 3874 terra?
1116 3821 1280 3888 (Psat.
1308 3818 1506 3887 Lxxvi).
1533 3817 1601 3871 Et
1621 3816 1691 3870 ad
1705 3816 1942 3873 circulos

347 3912 484 3968 suos
514 3908 829 3974 revertitur,
861 3908 995 3980 quia
1030 3915 1157 3980 post
1188 3904 1643 3991 aggregationem
1686 3904 1943 3976 gentium

346 3996 764 4055 illuminabitur
793 3997 964 4051 etiam
994 3995 1297 4050 multitudo
1337 3994 1681 4063 Judaeorum,
1716 3999 1773 4046 et
1816 4008 1942 4047 cum

348 4084 643 4161 plenitudo
679 4084 931 4157 gentium
976 4081 1290 4145 intraverit,
1341 4088 1477 4136 tunc
1534 4078 1716 4136 omnis
1774 4066 1947 4136 Israel

2012 3302 2183 3361 super
2207 3290 2437 3352 terram,
2462 3286 2567 3341 hoc
2603 3292 2708 3353 est,
2728 3289 3071 3345 soliditatem
3097 3293 3228 3349 ﬁdei
3255 3300 3389 3353 sunt
3415 3296 3603 3355 locati.

2013 3374 2166 3430 Deus
2195 3372 2345 3429 enim
2374 3374 2782 3431 vicissitudines
2800 3381 3118 3448 temporum
3137 3380 3415 3452 disposuit
3431 3384 3491 3439 in
3510 3384 3608 3441 Ec-

2017 3462 2207 3527 clesia,
2238 3461 2495 3517 membra
2529 3462 2762 3519 fortiora
2799 3466 3014 3521 scilicet
3049 3484 3220 3539 super
3255 3471 3459 3531 ﬂuetus
3484 3484 3609 3531 ma-

2018 3552 2117 3607 ris.
2148 3551 2465 3623 Inﬁrmiora
2501 3568 2631 3606 vero
2672 3569 2842 3624 super
2883 3554 3224 3612 soliditatem
3268 3564 3433 3617 term
3474 3577 3609 3619 con-

2020 3640 2281 3694 stituens.
2315 3639 2404 3692 Sic
2439 3642 2497 3692 et
2545 3639 2717 3710 hujus
2762 3641 2948 3695 saeculi
2996 3641 3294 3712 principes,
3351 3645 3448 3703 ubi
3501 3647 3613 3701 for-

2020 3727 2131 3782 tior
2165 3732 2254 3782 est
2297 3726 2543 3799 impetus
2591 3726 2737 3793 belli,
2777 3728 3113 3784 fortissimos
3160 3732 3369 3789 milites
3400 3751 3614 3807 praepa-

2025 3821 2172 3871 rant.

2096 3904 2161 3959 Et
2191 3905 2453 3959 clamavit
2482 3919 2602 3959 voce
2630 3920 2837 3973 magna
2872 3908 3337 3975 quemadmodum
3368 3927 3497 3968 cum
3539 3914 3616 3969 leo

2028 3994 2199 4061 rugit.
2231 3991 2342 4069 Leo
2369 4007 2495 4053 cum
2522 3992 2692 4063 rugit,
2715 4010 2909 4049 omnes
2940 3994 3129 4051 bestiae
3153 3998 3377 4055 timent.
3406 4001 3476 4056 Et
3499 4001 3619 4072 ipse

2027 4080 2089 4158 in
2128 4096 2232 4135 sua
2275 4078 2605 4136 fortitudine
2649 4082 2981 4137 ostenditur.
3031 4085 3306 4149 Clamavit
3341 4089 3618 4155 Christus,

351 4178 542 4232 Salvus
570 4175 694 4229 erit.
726 4172 969 4229 Possunt
991 4178 1048 4226 et
1097 4189 1198 4245 per
1240 4170 1439 4227 faciem
1469 4171 1655 4240 angeli
1698 4170 1951 4225 membra
2031 4169 2117 4229 leo
2140 4166 2454 4243 appellatus
2474 4174 2705 4242 propter
2716 4170 3123 4239 fortitudinem,
3145 4174 3257 4231 sive
3274 4190 3375 4247 per
3393 4194 3473 4243 se,
3504 4178 3622 4241 sive

350 4252 747 4336 Redemptoris
774 4258 1031 4333 intelligi,
1061 4238 1173 4317 non
1197 4260 1385 4333 qualia
1412 4238 1569 4315 nunc
1587 4264 1721 4315 sunt
1746 4259 1805 4335 in
1842 4257 1973 4338 ter—_
2032 4274 2134 4331 per
2160 4238 2292 4313 suos
2321 4238 2733 4331 praedicatores,
2748 4275 2877 4314 cum
2901 4260 3043 4314 dixit
3067 4279 3079 4313 :
3112 4238 3305 4319 Omnis
3319 4238 3488 4322 arbor
3507 4238 3625 4338 qua

354 4355 456 4421 ris,
475 4353 571 4433 sed
592 4346 780 4424 qualia
803 4349 995 4405 futura
1012 4355 1146 4404 sunt
1173 4348 1232 4403 in
1256 4347 1428 4403 caelis.
1454 4344 1613 4404 Unde
1632 4354 1720 4404 est
1751 4367 1761 4401 :
1794 4349 1951 4433 Tunc
1969 4336 2015 4403 ἶ)
2032 4363 2147 4403 non
2170 4348 2303 4414 Ῑαοίε
2329 4348 2583 4417 fraetum
2618 4349 2821 4403 bonum
2840 4351 3119 4404 (θετοίάείυν
3130 4356 3180 4405 σε
3204 4355 3266 4409 in
3289 4357 3473 4422 ignem
3500 4336 3628 4413 ’ἧκ’

353 4441 500 4515 justi
519 4428 811 4511 fulgebunt
828 4435 974 4493 sicut
992 4437 1094 4491 sol.
1127 4435 1271 4501 Quia
1299 4436 1449 4490 enim
1475 4434 1748 4490 Dominus
1775 4443 1833 4491 et
1859 4428 1956 4491 Ec-
2040 4441 2187 4491 tetur
2212 4436 2432 4505 (Matth.
2454 4440 2551 4504 In).
2571 4435 2641 4490 Et
2668 4436 2875 4493 iterum
2911 4456 2922 4491 :
2955 4440 3340 4496 Paenitentiam
3358 4448 3631 4514 agite,ap—

361 4520 536 4586 clesia
558 4545 674 4583 una
692 4542 934 4601 persona
958 4530 1062 4592 est,
1094 4541 1207 4579 non
1252 4524 1708 4579 inconvenienter
1734 4525 1856 4597 ipsa
1898 4524 1959 4580 in
2034 4526 2432 4598 propinquavi-t
2460 4527 2610 4579 enim
2634 4541 2871 4595 regnum
2899 4531 3157 4584 castorum
3184 4533 3404 4597 (Matth.
3434 4537 3531 4600 1v).
3561 4535 3633 4590 Et

362 4616 509 4675 facie
538 4616 721 4691 angeli
752 4620 816 4670 ut
842 4612 927 4670 sol
968 4613 1157 4669 lucere
1185 4610 1529 4686 perhibetur.
1560 4610 1626 4668 Et
1650 4615 1807 4682 pedes
1845 4618 1961 4682 ejus
2044 4613 2149 4667 hac
2168 4628 2272 4667 sua
2290 4628 2423 4666 voce
2448 4612 2835 4691 fortitudinem
2856 4631 3016 4671 suam
3040 4616 3463 4685 demonstravit,
3495 4602 3633 4675 dum

367 4680 646 4777 εαήίιυαηῖ
671 4698 936 4760 columns
963 4707 1130 4772 ignis.
1152 4680 1259 4757 P-er
1285 4702 1455 4777 pedes
1486 4680 1667 4775 angeli
1700 4680 1964 4775 praedica-
2043 4700 2249 4775 multos
2262 4699 2371 4754 sibi
2384 4680 2855 4772 subjecit,bestias
2869 4718 3109 4772 quoque,
3125 4703 3182 4757 id
3195 4680 3554 4761 estbestiales
3578 4712 3639 4761 et

363 4776 523 4853 tores
552 4786 963 4864 intelliguntur,
993 4791 1052 4845 in
1097 4776 1298 4862 quibus
1333 4807 1435 4862 per
1474 4796 1657 4845 totum
1688 4786 1963 4845 mundum
2043 4788 2258 4843 feroces
2274 4787 2530 4863 homines
2550 4788 2752 4842 timore
2781 4790 3081 4845 concussit.
3109 4790 3269 4856 Quod
3292 4796 3483 4848 autem
3510 4776 3640 4848 fecit

366 4888 667 4944 incarnata
695 4882 796 4937 Dei
825 4879 1100 4953 sapientia
1130 4878 1455 4933 ambulavit.
1482 4874 1563 4934 De
1594 4877 1796 4951 quibus
1825 4878 1965 4934 dici-
2049 4876 2327 4951 Christus,
2343 4875 2595 4930 fecerunt
2614 4880 2671 4930 et
2697 4876 2820 4946 ejus
2836 4877 3095 4947 apostoli,
3121 4884 3331 4934 aeterna
3357 4884 3641 4941 tormenta

368 4978 501 5031 tur:
536 4970 628 5029 Ilii
654 4977 842 5027 autem
875 4966 1110 5041 profecti
1156 4967 1598 5041 praedicaverunt
1626 4966 1851 5040 ubique.
1886 4969 1967 5022 De
2050 4964 2403 5043 praedicando
2426 4963 2831 5039 peccatoribus,
2865 4972 2919 5022 et
2945 4966 3159 5023 feroces
3196 4969 3453 5027 homines
3479 4972 3552 5027 ad
3580 4974 3643 5039 ﬁ-

375 5062 580 5137 quibus
611 5058 668 5116 et
690 5058 895 5114 dicitur
917 5077 929 5113 :
956 5052 1132 5126 Quam
1158 5056 1382 5128 speciosi
1402 5059 1560 5126 pedes
1580 5059 1968 5125 evangelz’zan-
2052 5034 2180 5106 dem
2201 5052 2354 5107 illius
2373 5034 2475 5107 sua
2497 5034 2750 5109 doctrina
2767 5056 3157 5111 convertendo.
3181 5058 3387 5114 Etcum
3415 5034 3647 5119 clamas-

378 5154 526 5207 tium
550 5166 742 5221 pacem
775 5138 942 5215 (Rom.
975 5146 1055 5219 x).
1089 5140 1196 5211 Qui
1226 5142 1367 5199 bene
1405 5145 1574 5199 etiam
1614 5144 1885 5199 columnae
1916 5149 1973 5198 et
2054 5146 2150 5205 set,
2183 5143 2362 5193 locuta
2391 5145 2523 5194 sunt
2553 5146 2747 5209 septem
2780 5145 3031 5198 tonitrua
3050 5161 3195 5201 voces
3218 5149 3531 5214 suas.Quid
3547 5168 3647 5222 per

376 5240 499 5314 igni
520 5236 936 5310 comparantur,
963 5236 1094 5308 quia
1116 5230 1172 5289 et
1191 5251 1344 5288 more
1359 5232 1748 5287 columnarum
1775 5249 1973 5306 super-
2057 5234 2272 5299 septem
2307 5231 2577 5294 tonitrua,
2610 5228 2719 5282 nisi
2764 5229 3093 5286 universalis
3139 5233 3388 5291 Ecclesia
3424 5237 3483 5292 in
3527 5238 3646 5292 suis

380 5312 710 5401 impositum
743 5324 995 5381 Ecclesim
1042 5320 1338 5378 aediﬁcium
1390 5326 1635 5395 portant,
1669 5312 1726 5375 et
1767 5320 1978 5392 Spiritu
2060 5314 3647 5405 p1mdicationibusintelligiturseptiformiSpiritureple-

384 5412 581 5475 sancto
612 5413 849 5482 accensi,
883 5414 1052 5468 corda
1083 5412 1406 5466 auditorum
1457 5412 1529 5464 ad
1577 5390 1828 5491 amorem
1878 5406 1980 5463 Dei
2062 5390 2153 5459 ta?
2176 5400 2331 5459 Unde
2346 5411 2400 5458 et
2414 5403 2551 5459 bene
2564 5390 3106 5491 clamavitleoprius,
3127 5427 3191 5465 ac
3216 5390 3412 5485 postea
3432 5390 3650 5483 septem

384 5496 744 5581 praedicando
765 5492 1291 5568 inﬂamman.tQuia
1303 5513 1435 5569 ergo
1447 5497 1517 5552 ad
1526 5495 1981 5570 prmdicationem
2061 5492 2311 5550 tonitrua
2322 5499 2455 5555 sunt
2470 5490 2677 5566 locuta,
2698 5497 2831 5571 quia
2858 5490 3115 5560 videlicet
3138 5501 3299 5574 prius
3323 5500 3651 5577 praedicavit
