4048 6172
914 237 1295 295 HAYMONIS
1333 235 1824 294 HALBERSTAT.
1868 234 2096 291 EPISC.
2141 235 2298 291 OPP.
2340 237 2545 292 PARS.
2586 237 2632 292 Ι.
2673 265 2733 278 -
2769 236 3139 293 COMMENT.
3179 238 3365 296 BIBL.

510 239 645 299 1063
914 238 1295 295 HAYMONIS
1333 238 1824 294 HALBERSTAT.
1868 238 2096 291 EPISC.
2141 238 2298 291 OPP.
2340 238 2545 292 PARS.
2586 238 2632 292 Ι.
2673 265 2733 278 -
2769 238 3139 293 COMMENT.
3179 238 3365 296 BIBL.
3629 238 3763 297 1064

501 361 777 427 Christus,
809 358 1011 414 deinde
1029 357 1279 431 Apostoli
1303 364 1361 411 et
1384 358 1569 414 caeteri
1598 358 1853 413 doctores
1874 358 1944 412 ad
1965 359 2140 428 ejusA
2155 376 2256 429 per
2277 364 2471 415 calum
2497 376 2667 429 neque
2699 376 2800 429 per
2830 366 3059 425 terram,
3091 364 3182 416 sed
3226 366 3297 417 sit
3347 378 3524 418 sermo
3562 369 3756 429 vester,

499 468 690 506 vocem
714 448 966 521 profecti,
987 447 1425 518 prmdicaverunt
1456 447 1683 518 ubique.
1718 448 1867 516 Bene
1896 452 2086 501 autem
2169 454 2245 503 est
2271 460 2363 514 est,
2399 466 2512 503 non
2538 466 2649 503 non
2677 467 2693 502 :
2725 451 2869 518 quod
2894 454 3045 504 enim
3073 455 3317 519 amplius
3346 458 3493 519 est,a
3516 454 3665 506 malo
3691 457 3768 506 est

498 546 714 611 septem
740 538 991 591 tonitrua
1017 552 1176 589 voces
1207 552 1335 589 suas
1362 536 1514 605 loqui
1544 535 1930 606 perhibentur,
1957 535 2090 606 quia
2168 539 2387 610 (Matth.
2421 541 2494 605 v).
2533 537 2680 601 Quid
2707 544 2793 591 est
2820 538 2971 608 quod
3014 539 3135 609 ipse
3178 555 3405 594 manum
3445 539 3518 594 ad
3555 540 3761 594 celum

500 634 692 685 sancta
716 625 1034 698 pradicatio
1059 641 1170 678 non
1198 624 1517 678 Judaaorum
1549 625 1786 689 fabulas,
1817 641 1930 678 non
1956 624 2085 694 phi-

498 718 859 789 losophorum
889 714 1116 778 naenias,
1159 729 1271 765 non
1308 712 1695 767 hmreticorum
1729 714 2004 767 versutias
2034 712 2092 765 in

500 806 617 860 suis
635 802 990 874 dogmatibus
1017 801 1246 870 recepit,
1267 801 1363 854 sed
1386 801 1627 872 propriis
1649 801 1903 855 sensibus
1928 808 1991 855 ut
2010 805 2096 854 est

500 895 669 957 edita,
693 892 1050 962 semetipsam
1075 891 1194 959 jam
1232 889 1291 942 in
1334 890 1658 943 auditorum
1707 889 1966 944 cordibus
1995 905 2098 960 per

497 987 718 1037 sanctos
748 979 1142 1051 praedicatores
1171 977 1413 1030 diffudit.
1447 978 1690 1031 Possunt
1712 983 1900 1031 autem
1934 982 1991 1031 et
2037 978 2095 1031 in

498 1076 712 1143 septem
738 1067 1004 1125 tonitruis
1029 1066 1350 1136 specialiter
1363 1065 1600 1136 apostoli
1627 1067 1805 1120 sancti
1834 1066 2091 1137 intelligi,

499 1161 596 1231 qui
620 1160 679 1213 in
718 1162 843 1212 rota
870 1157 1041 1226 hujus
1066 1154 1253 1208 saculi
1281 1159 1501 1217 tonant,
1535 1154 1668 1224 quia
1711 1155 1826 1208 alta
1869 1161 1926 1208 et
1973 1171 2100 1224 pro-

497 1249 671 1304 funda
699 1252 756 1301 et
781 1246 1017 1301 obscura
1069 1248 1126 1297 et
1162 1242 1442 1296 terribilia
1476 1243 1808 1312 loquuntur.
1850 1244 2010 1297 Unde
2042 1248 2100 1298 et

500 1353 695 1393 eorum
725 1349 996 1389 numerus
1048 1347 1112 1385 ex
1150 1330 1406 1401 partibus
1444 1331 1745 1400 septenarii
1782 1332 2091 1395 conﬁcitur,

499 1426 559 1480 id
583 1430 687 1488 est,
729 1439 795 1476 ex
822 1420 944 1492 pari
973 1418 1334 1490 quaternario
1359 1423 1417 1472 et
1444 1418 1648 1490 impari
1675 1420 1949 1473 ternario.
1973 1421 2098 1474 Sive

503 1514 655 1569 enim
685 1511 798 1565 tria
823 1525 925 1580 per
958 1513 1218 1578 quatuor,
1243 1506 1357 1560 sive
1378 1514 1621 1577 quatuor
1640 1525 1739 1578 per
1753 1508 1863 1561 tria
1891 1509 2099 1563 ducan-

500 1608 615 1668 tur,
656 1600 728 1654 ad
776 1596 1185 1653 duodenarium
1236 1612 1535 1650 numerum
1581 1597 1924 1666 pervenitur,
1968 1598 2100 1667 quia

2171 626 2381 691 levans,
2407 628 2564 696 jurat
2600 643 2700 698 per
2736 627 3012 681 viventem
3052 628 3108 680 in
3149 628 3356 683 saecula
3384 627 3772 682 saeculorum?

2176 714 2285 768 Sed
2317 715 2604 769 sciendum
2637 716 2769 785 quia
2792 716 3049 770 homines
3079 721 3231 771 recte
3253 718 3447 787 jurare
3472 715 3774 787 prohiben-

2176 810 2289 867 tur,
2314 802 2445 873 quia
2468 821 2613 873 saepe
2634 804 2690 857 in
2707 805 3031 873 juramento
3051 803 3356 857 falluntur:
3378 820 3489 858 non
3504 803 3657 857 enim
3680 804 3775 857 bo-

2177 892 2357 945 mines
2377 908 2411 944 a
2430 893 2754 961 juramento
2778 892 2926 946 Deus
2947 891 3306 957 cohibuisset,
3323 893 3368 946 si
3399 892 3458 945 in
3486 908 3555 946 eo
3574 907 3779 962 pecca-

2176 984 2297 1034 tum
2327 980 2521 1033 deesse
2550 980 2922 1050 cognovisset.
2962 981 3112 1034 Deus
3138 980 3328 1051 itaque
3352 981 3547 1050 jurare
3566 984 3779 1051 potest,

2178 1067 2274 1137 qui
2322 1084 2433 1122 non
2481 1068 2752 1121 mentitur
2790 1067 3114 1137 aliquando.
3149 1068 3544 1122 Juramentum
3580 1073 3777 1121 autem

2180 1157 2301 1226 ejus
2332 1161 2418 1209 est
2443 1157 2627 1210 omnis
2646 1173 2830 1210 sermo
2854 1156 3022 1223 illius,
3055 1156 3187 1227 quia
3208 1156 3481 1227 quidquid
3500 1157 3779 1227 loquitur,

2180 1243 2389 1314 absque
2431 1245 2549 1298 ulla
2593 1245 2961 1315 ambiguitate
3008 1245 3346 1315 completur.
3378 1247 3487 1299 Per
3539 1261 3775 1298 manum

2179 1337 2367 1385 autem
2392 1332 2598 1402 angeli,
2624 1338 2687 1386 ut
2707 1349 2877 1403 supra
2897 1332 3501 1402 diximus,intelligitur
3519 1332 3779 1402 operatio

2179 1420 2436 1487 FiliiDei,
2461 1428 2517 1475 et
2530 1421 2871 1492 dispensatio
2888 1421 3147 1475 humanae
3168 1421 3586 1492 redemptionis.
3606 1421 3780 1475 Leva-

2180 1510 2261 1562 vit
2285 1509 2477 1580 itaque
2502 1510 2735 1580 angelus
2754 1526 2984 1563 manum
3015 1509 3072 1562 in
3102 1510 3323 1575 coélum,
3341 1509 3565 1580 quando
3594 1509 3777 1563 Filius

2179 1597 2280 1651 Dei
2302 1615 2525 1652 carnem
2550 1615 2716 1669 quam
2740 1616 2841 1668 pro
2870 1597 3030 1652 nobis
3057 1598 3461 1668 assumpsit,ad
3485 1597 3778 1652 dexteram

501 1689 758 1745 videlicet
784 1702 885 1758 per
911 1683 1062 1756 ipsos
1089 1682 1378 1738 duodecim
1411 1683 1694 1753 apostolos
1723 1685 1861 1738 ﬁdes
1892 1691 2099 1739 sanctae
2116 1673 2162 1732 Β
2180 1686 2363 1740 Patris
2382 1686 2632 1741 elevavit.
2652 1687 2795 1740 Hinc
2812 1687 3081 1757 scriptum
3107 1693 3222 1740 est:
3246 1685 3464 1740 Levabo
3494 1686 3551 1739 in
3572 1686 3778 1740 celum

501 1777 796 1834 Trinitatis
823 1773 1073 1829 intonuit
1100 1788 1201 1843 per
1230 1771 1704 1842 quadripartitum
1744 1772 1957 1839 orbem,
2001 1774 2097 1844 qui

501 1867 660 1923 missi
688 1870 821 1920 sunt
848 1863 1152 1935 praedicare
1178 1861 1290 1914 tria
1312 1876 1535 1914 summa
1574 1877 1675 1930 per
1720 1867 1964 1932 quatuor
2007 1861 2098 1915 in-

501 1958 661 2011 ﬁma.‘

572 2047 640 2100 Et
667 2060 795 2098 cum
825 2045 1003 2096 locuta
1029 2041 1264 2107 fuissent
1291 2043 1491 2105 septem
1514 2039 1765 2091 tonitrua
1796 2053 1939 2092 roces
1968 2054 2098 2092 suas

504 2137 820 2202 scripturus
848 2145 1022 2183 eram.
1056 2128 1123 2181 Et
1143 2127 1340 2180 audivi
1370 2142 1547 2179 vocem
1585 2127 1649 2178 de
1676 2128 1800 2179 cazlo
1829 2127 2098 2180 dicentem

504 2221 868 2287 mihi:Signa
897 2233 1015 2285 quae
1037 2219 1217 2269 locuta
1239 2219 1372 2266 sunt
1399 2219 1600 2281 septem
1624 2216 1959 2280 tonitrua,et
1981 2218 2100 2269 noli

505 2326 571 2364 ea
591 2309 844 2364 scribere.
877 2304 1020 2367 Quia
1063 2301 1320 2355 audierat
1347 2301 1589 2354 Joannes
1618 2302 1911 2371 superius:
1939 2303 2099 2366 Quod

503 2397 659 2452 vides
688 2393 866 2450 scribe
902 2392 961 2446 in
990 2390 1152 2456 libro,
1174 2389 1349 2444 voluit
1368 2388 1539 2442 etiam
1580 2405 1647 2442 ea
1675 2406 1796 2459 qua;
1828 2390 2039 2444 audivit
2066 2408 2101 2445 a

505 2490 721 2557 septem
750 2479 1017 2536 tonitruis
1046 2475 1312 2540 scribere,
1344 2476 1441 2530 sed
1469 2477 1681 2530 dictum
1707 2484 1793 2531 est
1817 2478 1888 2540 ei,
1916 2478 2095 2548 signa,

502 2574 561 2630 id
594 2579 681 2629 est
707 2570 891 2642 sigilla
920 2584 1044 2640 quae
1089 2567 1276 2620 locuta
1322 2568 1455 2618 sunt
1499 2570 1711 2636 septem
1741 2566 2010 2632 tonitrua,
2044 2572 2099 2621 et

501 2663 617 2718 noli
638 2658 979 2717 eascribere.
1004 2654 1111 2711 Ubi
1134 2654 1335 2708 merito
1365 2654 1654 2724 quaeritur,
1684 2671 1857 2725 quare
1886 2656 1964 2709 illi
1992 2656 2098 2710 hoc

502 2752 740 2817 dicatur,
771 2762 900 2802 cum
929 2747 990 2800 in
1014 2745 1228 2798 Joanne
1258 2758 1452 2796 omnes
1478 2740 1732 2796 doctores
1762 2743 2093 2813 ﬁgurentur,

2183 1790 2413 1828 manum
2446 1789 2648 1839 meam,
2684 1780 2741 1828 et
2770 1774 2982 1844 .jurabo
3027 1791 3127 1845 per
3152 1775 3437 1828 dexteram
3469 1791 3679 1836 meam,
3716 1791 3780 1829 ac

2180 1862 2226 1917 si
2267 1863 2478 1917 diceret
2521 1882 2532 1916 :
2575 1866 2933 1933 Assumptam
2974 1879 3007 1916 a
3043 1862 3212 1917 verbo
3239 1880 3466 1918 carnem
3496 1864 3568 1917 ad
3609 1864 3782 1919 caelos

2179 1951 2427 2016 elevabo,
2455 1956 2511 2004 et
2538 1967 2639 2021 per
2666 1958 2964 2022 utramque
2992 1958 3254 2006 naturam
3285 1952 3496 2006 scilicet
3521 1952 3697 2006 Verbi
3727 1958 3784 2007 et

2179 2040 2443 2104 hominis,
2475 2056 2709 2110 quaeque
2736 2040 2926 2093 futura
2949 2045 3082 2093 sunt
3108 2040 3402 2097 roborabo.
3432 2037 3655 2095 Juravit
3682 2057 3783 2112 per

2178 2129 2454 2182 viventem
2495 2128 2555 2181 in
2590 2128 2792 2182 szecula
2828 2129 3179 2195 saeculorum,
3220 2129 3277 2182 id
3316 2136 3402 2183 est
3448 2147 3553 2199 per
3597 2129 3780 2184 Deum

2180 2217 2425 2280 Patrem,
2457 2216 2680 2286 quando
2723 2232 2782 2269 se
2832 2222 2888 2270 et
2925 2217 3151 2271 Patrem
3180 2234 3355 2271 unum
3387 2218 3656 2286 ostendit,
3697 2218 3782 2273 di-

2182 2322 2311 2359 cens
2339 2306 2515 2379 (Joan.
2548 2315 2658 2363 XIV)
2692 2322 2703 2357 :
2738 2306 2847 2371 Ego
2876 2308 2938 2358 in
2966 2307 3124 2359 Patre
3163 2312 3212 2359 et
3250 2308 3414 2360 Pater
3459 2310 3523 2361 in
3554 2323 3640 2360 me
3666 2314 3770 2363 est.

2182 2395 2251 2447 Et
2279 2394 2502 2464 quando
2531 2393 2703 2447 etiam
2732 2393 2922 2447 omnia
2946 2409 3050 2448 sua
3078 2410 3249 2465 opera
3274 2394 3345 2447 ad
3366 2395 3545 2448 Deum
3563 2395 3775 2462 retulit,

2181 2481 2371 2535 dicens
2403 2495 2414 2529 :
2447 2484 2626 2543 Pater,
2653 2485 2713 2535 in
2745 2499 2828 2535 me
2861 2498 3109 2547 manens,
3143 2486 3255 2551 ipse
3299 2484 3435 2549 facit
3465 2500 3656 2552 opera.
3698 2482 3780 2537 De

2181 2586 2290 2639 quo
2319 2570 2489 2624 etiam
2519 2570 2778 2624 subditur
2802 2589 2815 2624 :
2849 2572 2956 2638 Qui
2981 2574 3183 2625 creavit
3206 2572 3461 2625 calumet
3482 2588 3545 2625 ea
3567 2588 3688 2639 qua
3715 2574 3780 2625 in

2179 2674 2237 2711 eo
2265 2663 2416 2725 sunt,
2450 2659 2505 2712 id
2534 2664 2637 2721 est,
2672 2659 2846 2713 solem
2875 2664 2932 2712 et
2960 2658 3149 2712 lunam
3177 2663 3235 2711 et
3261 2665 3464 2713 caetera
3492 2659 3776 2714 sidera-Et

2182 2750 2392 2798 terram
2411 2752 2457 2799 et
2479 2762 2541 2800 ea
2568 2762 2685 2813 qua:
2700 2750 2762 2799 in
2792 2762 2853 2799 ea
2878 2746 3093 2812 sunt,id
3114 2751 3218 2807 est,
3241 2746 3522 2809 homines,
3544 2745 3777 2811 bestias,

501 2840 598 2912 qui
618 2838 812 2909 utique
830 2851 944 2890 non
964 2833 1171 2887 debent
1189 2831 1377 2884 divina
1398 2830 1621 2901 eloquia
1639 2830 1972 2900 sigillare,ut
1984 2848 2097 2886 non
2178 2851 2306 2889 aves
2334 2840 2392 2888 et
2420 2840 2624 2889 caetera
2651 2851 2828 2905 usque
2854 2835 2925 2889 ad
2954 2835 3340 2889 vermiculum.
3366 2835 3432 2888 Et
3460 2850 3619 2888 mare
3644 2839 3693 2887 et
3718 2850 3778 2888 ea

500 2929 574 2983 ad
600 2927 840 2982 aliorum
864 2921 1296 2977 manifestentur
1318 2918 1639 2972 utilitatem.
1673 2918 1882 2973 Verum
1912 2920 2098 2974 dicen-
2125 2985 2159 2993 Α
2179 2940 2298 2990 quae
2328 2926 2389 2976 in
2415 2939 2472 2975 eo
2499 2923 2791 2977 sunt.Cete
2812 2923 3088 2977 scilicetet
3104 2922 3283 2993 pisces
3304 2922 3508 2976 diversi
3526 2922 3777 2992 generis.

502 3018 638 3072 dum
668 3020 773 3081 est,
807 3012 940 3085 quia
978 3009 1128 3081 quod
1157 3024 1261 3063 nos
1288 3007 1393 3062 sub
1431 3007 1615 3078 sigillo
1642 3007 1951 3077 signamus,
1984 3025 2097 3063 non
2118 2985 2160 3044 Ο
2180 2985 2302 3074 Quo
2325 3011 2381 3064 in
2401 3010 2521 3064 loco
2542 3011 2935 3066 haereticorum
2956 2985 3194 3081 perﬁdia
3213 2985 3640 3081 damnaturrqui
3664 3027 3776 3064 non

503 3104 763 3159 omnibus
782 3108 978 3156 notum
996 3115 1117 3153 esse
1134 3098 1409 3163 volumus,
1436 3096 1535 3150 sed
1555 3096 1904 3150 solummodo
1932 3096 2095 3150 fami-
2182 3104 2442 3153 verentur
2488 3115 2760 3163 asserere,
2803 3099 3057 3169 quaedam
3096 3116 3130 3153 a
3164 3098 3311 3153 bono
3349 3100 3485 3162 Deo,
3519 3098 3780 3169 quaedam

503 3192 757 3257 liaribus,
790 3196 848 3243 et
876 3186 1079 3258 quibus
1108 3185 1335 3239 credere
1360 3200 1461 3238 nos
1488 3200 1589 3254 pro
1627 3188 1779 3237 certo
1805 3201 1968 3254 posse
1997 3184 2100 3239 sci-
2179 3203 2309 3241 vero
2335 3203 2367 3241 a
2396 3187 2650 3259 principe
2680 3187 2826 3241 facta
2859 3187 3239 3242 tenebrarum.
3271 3187 3380 3241 Sed
3410 3193 3465 3241 et
3493 3203 3625 3241 cum
3653 3187 3780 3241 sub-

503 3297 650 3335 mus.
674 3278 837 3342 Quod
855 3282 1043 3330 autem
1065 3274 1254 3344 palam
1277 3272 1531 3337 dicimus,
1555 3278 1613 3326 et
1633 3288 1745 3325 non
1765 3271 2094 3342 sigillamus,
2174 3277 2380 3348 jungit,
2421 3279 2561 3343 Quia
2593 3282 2801 3345 tempus
2832 3293 2943 3331 non
2973 3280 3078 3330 erit
3107 3279 3372 3344 amplius,
3407 3277 3778 3346 quaestionem

504 3370 577 3424 ad
605 3368 913 3421 multorum
941 3362 1204 3417 notitiam
1232 3360 1508 3414 ducimus.
1543 3360 1761 3414 Dicitur
1786 3362 2006 3428 Joanni,
2043 3368 2097 3416 et

502 3458 565 3513 in
596 3456 693 3511 illo
719 3453 874 3509 omni
901 3450 1084 3506 ordini
1102 3450 1413 3515 doctorum,
1437 3464 1508 3502 ne
1528 3448 1737 3503 scribat
1766 3466 1887 3520 quae
1912 3450 2099 3507 locuta

503 3551 638 3602 sunt
656 3549 871 3616 septem
900 3541 1172 3605 tonitrua,
1196 3538 1330 3610 quia
1346 3554 1458 3593 non
1477 3537 1737 3592 omnibus
1760 3544 1894 3592 sunt
1921 3538 2099 3592 mani-

500 3635 760 3691 festanda
786 3632 975 3687 divina
1001 3628 1240 3699 eloquia.
1276 3628 1385 3682 Pro
1413 3626 1759 3698 temporibus
1789 3627 1939 3681 enim
1969 3626 2098 3681 abs-

501 3723 793 3781 condenda
818 3724 973 3788 sunt,
1010 3735 1081 3772 ne
1120 3718 1219 3771 fiat
1256 3720 1451 3772 contra
1481 3721 1824 3786 praeceptum
1851 3715 2093 3779 Domini,

503 3830 613 3886 quo
629 3812 710 3867 ait
738 3829 750 3863 :
773 3810 951 3866 Nolite
972 3812 1226 3861 sanctum
1248 3807 1381 3859 dare
1410 3805 1639 3858 canibus
1664 3820 1835 3871 neque
1860 3807 2098 3858 mittatis

502 3903 844 3970 margaritas
863 3902 1069 3951 vestras
1092 3901 1221 3949 ante
1240 3908 1428 3962 porcos
1448 3893 1668 3961 (Matt/1..
1688 3892 2098 3963 vn).Simplici-

500 3993 607 4048 bus
620 4003 841 4062 quoque
854 3983 1392 4048 debentdiscrete,et
1407 3980 1716 4035 secundum
1730 3981 2098 4052 capacitatem

503 4079 853 4151 singulorum
883 4071 1164 4136 distribui,
1201 4070 1332 4141 quia
1363 4069 1461 4123 alii
1490 4068 1654 4123 lactis
1692 4073 1889 4139 potum
1919 4071 2099 4125 susci-

502 4170 687 4242 piunt,
716 4164 813 4220 alii
841 4178 969 4218 vero
1006 4160 1247 4215 solidum
1277 4157 1463 4212 cibum
1501 4157 1789 4228 percipere
1827 4164 2090 4229 possunt.

2179 3365 2340 3419 nobis
2367 3364 2518 3430 facit,
2550 3366 2792 3418 maxime
2816 3381 2943 3419 cum
2975 3364 3274 3419 Psalmista
3300 3364 3370 3418 de
3409 3364 3665 3434 reprobis
3691 3364 3780 3417 di-

2180 3459 2270 3506 cat
2302 3472 2314 3506 :
2348 3455 2578 3507 Inimici
2604 3454 2831 3507 Domini
2861 3455 3082 3506 mentiti
3103 3457 3235 3505 sunt
3264 3455 3332 3515 ei,
3355 3457 3404 3506 et
3428 3456 3535 3506 erit
3565 3458 3778 3521 tempus

2180 3557 2371 3594 eorum
2401 3543 2463 3594 in
2494 3544 2691 3594 sacula
2734 3542 2900 3603 (Psal.
2946 3542 3120 3608 Lxxx).
3174 3539 3234 3594 Si
3280 3540 3433 3593 enim
3470 3541 3775 3612 impiorum

2184 3636 2407 3701 tempus
2435 3629 2543 3684 erit
2574 3629 2631 3683 in
2664 3629 2885 3691 saecula,
2920 3629 3199 3700 quomodo
3243 3635 3467 3700 tempus
3506 3631 3629 3699 jam
3666 3644 3776 3683 non

2181 3719 2328 3773 erit?
2357 3718 2441 3772 Ad
2472 3717 2616 3789 quod
2644 3717 2961 3781 dicendum,
2995 3718 3127 3789 quia
3150 3718 3321 3788 justis
3361 3735 3472 3772 non
3503 3719 3615 3773 erit
3640 3726 3777 3773 tem-

2180 3823 2304 3878 pus,
2336 3806 2391 3859 id
2424 3813 2529 3871 est,
2562 3804 2911 3859 mutabilitas
2953 3806 3163 3876 aliqua,
3216 3805 3351 3877 quia
3396 3806 3777 3861 immutabiles

2180 3899 2348 3949 erunt
2374 3893 2433 3947 in
2461 3896 2669 3959 mente,
2699 3898 2756 3946 et
2781 3891 3234 3964 incorruptibiles
3264 3892 3323 3946 in
3353 3894 3777 3964 corpore.Tem-

2179 4000 2284 4054 pus
2309 3982 2514 4054 quippe
2543 3986 2629 4036 est
2656 3981 2986 4035 vicissitudo
3007 3981 3226 4061 dierum
3247 3999 3312 4036 ac
3331 3983 3581 4037 noctium
3627 3983 3779 4038 Ideo-

2182 4088 2289 4143 que
2321 4071 2395 4125 ibi
2419 4072 2540 4142 jam
2566 4078 2786 4142 tempus
2817 4087 2927 4124 non
2950 4070 3077 4135 erit,
3101 4069 3198 4124 ubi
3225 4071 3381 4125 nulla
3402 4072 3646 4126 varietas
3681 4088 3776 4127 cu-

2175 4159 2408 4230 juslibet
2429 4158 2529 4213 rei.
2553 4159 2581 4212 J
2589 4159 2699 4212 usti
2725 4175 2855 4213 vero
2880 4158 3263 4213 immutabiles
3287 4159 3549 4221 existant,
3569 4161 3704 4231 quia
3720 4159 3778 4213 in

502 4258 667 4314 Unde
693 4255 815 4325 ipse
844 4250 1116 4306 Dominus
1154 4246 1442 4316 discipulis
1481 4244 1616 4299 dicit
1643 4264 1655 4299 :
1688 4245 1881 4302 Adhuc
1918 4250 2100 4302 multa
2120 4257 2393 4342 Dmterna
2413 4250 2669 4305 claritate
2697 4255 2755 4304 et
2768 4250 2827 4304 in
2847 4249 3188 4304 indeﬁcienti
3200 4250 3323 4304 luce
3344 4253 3773 4321 permanebunt;

508 4346 674 4399 habeo
708 4342 856 4395 vobis
892 4340 1090 4402 dicere,
1122 4337 1213 4389 sed
1260 4350 1372 4388 non
1410 4336 1634 4401 potestis
1674 4340 1908 4405 portare
1945 4338 2101 4390 modo

509 4435 687 4496 (Joan.
712 4433 845 4495 va).
877 4427 949 4482 Et
973 4425 1181 4479 iterum
1214 4434 1226 4469 ε
1259 4423 1455 4476 Fidelis
1501 4437 1687 4476 servus
1733 4427 1783 4475 et
1828 4424 2095 4491 prudens,

505 4524 605 4593 qui
636 4522 730 4575 dat
760 4516 1030 4572 conservis
1057 4515 1173 4566 suis
1202 4514 1265 4565 in
1306 4515 1540 4579 tempore
1568 4513 1747 4564 tritici
1775 4527 2098 4565 mensuram

503 4613 655 4684 (Luc.
681 4610 799 4675 ΧΠ).
812 4603 1046 4660 Dicatur
1058 4616 1191 4671 ergo
1210 4598 1419 4653 Joanni
1439 4598 1602 4668 signa
1622 4614 1744 4668 quae
1764 4598 1951 4653 locuta
1969 4603 2099 4653 sunt

486 4704 720 4772 septem
748 4694 1019 4758 tonitrua,
1051 4695 1108 4744 et
1133 4689 1250 4743 noli
1276 4704 1342 4742 ea
1369 4685 1631 4753 scribere,
1660 4691 1716 4740 et
1744 4686 1803 4740 in
1829 4687 1926 4741 illo
1947 4687 2102 4741 omni

510 4791 680 4845 choro
700 4786 991 4840 doctorum
1022 4796 1087 4834 ac
1113 4778 1160 4832 si
1184 4777 1397 4831 diceret
1428 4794 1441 4830 :
1470 4775 1838 4849 Eloquiorum
1869 4775 1977 4830 Dei
2006 4791 2098 4829 sa-

509 4880 799 4933 cramenta
826 4872 904 4927 sic
934 4871 1086 4923 intra
1106 4866 1313 4921 mentis
1342 4870 1621 4920 secretum
1653 4870 1799 4933 tege,
1818 4868 2098 4935 quatenus

507 4983 579 5021 ne
608 4969 709 5019 aut
735 4962 795 5017 hi
822 4959 918 5032 qui
953 4974 1067 5012 non
1112 4954 1319 5010 debent
1359 4954 1432 5008 ad
1479 4970 1673 5008 eorum
1717 4953 2097 5023 cognitionem

506 5052 855 5128 perveniant,
883 5052 983 5103 aut
1009 5046 1067 5100 hi
1093 5045 1190 5116 qui
1235 5042 1443 5098 debent
1486 5058 1612 5097 cum
1651 5040 1988 5096 discretione
2038 5046 2095 5095 et

506 5141 893 5201 moderatione
921 5151 1117 5192 eorum
1145 5131 1404 5187 notitiam
1433 5131 1683 5202 capiant.

576 5246 645 5300 Et
666 5244 896 5311 angelus
924 5251 1083 5307 quem
1107 5233 1223 5287 vidi
1240 5236 1475 5286 stantem
1493 5246 1658 5301 super
1679 5246 1833 5284 mare
1853 5235 1901 5284 et
1929 5244 2093 5300 super

506 5330 937 5398 terram,levavit
952 5338 1183 5378 manum
1202 5336 1363 5374 suam
1381 5321 1453 5374 ad
1479 5322 1747 5388 castum,“
1758 5320 1982 5388 juravit
1996 5334 2100 5388 per

503 5428 562 5481 vi
563 5428 773 5479 ventem
788 5422 851 5472 in
860 5416 1055 5469 saecula
1066 5412 1409 5465 seculorum.
1418 5408 1559 5463 Cum
1572 5408 1844 5464 Dominus
1855 5407 1914 5462 in
1926 5408 2099 5462 Evan-

506 5512 655 5585 gelio
676 5512 871 5582 jurare
896 5499 1211 5575 prohibeat,
1234 5497 1424 5553 dicens
1449 5514 1463 5553 :
1496 5498 1677 5553 Nolite
1697 5501 1903 5567 jurare
1927 5511 2100 5565 neque

2182 4340 2332 4394 unde
2361 4338 2658 4394 Psalmista
2692 4357 2705 4391 :
2741 4338 3104 4393 Ordinatione
3159 4342 3256 4391 tua
3305 4344 3610 4406 persererat
3665 4340 3779 4392 dies

2184 4431 2348 4498 (PsaL
2384 4436 2589 4489 cxvm).
2624 4426 2791 4498 Impii
2825 4430 3015 4480 autem
3042 4431 3267 4496 tempus
3308 4424 3614 4490 habebunt,
3649 4427 3780 4498 quia

2181 4533 2404 4588 semper
2431 4533 2531 4589 per
2558 4516 2709 4569 varia
2735 4520 3017 4570 tormenta
3050 4514 3444 4582 mutabuntur,
3477 4521 3533 4569 et
3574 4516 3645 4569 ad
3690 4531 3779 4569 ca-

2182 4606 2356 4660 lorem
2385 4605 2624 4659 nimium
2652 4603 2977 4658 transibunt
3019 4601 3089 4656 ab
3136 4602 3298 4672 aquis
3348 4601 3582 4656 nivium.
3621 4601 3778 4667 Quod

2183 4711 2316 4765 ergo
2346 4694 2617 4749 Dominus
2637 4692 2707 4748 de
2727 4693 2897 4765 justis
2924 4696 3114 4762 negat,
3145 4691 3252 4745 hoc
3274 4691 3344 4745 de
3375 4690 3605 4761 injustis
3622 4691 3777 4745 Psal-

2181 4783 2351 4838 mista
2375 4783 2640 4837 affirmat.

2249 4872 2353 4928 Sed
2381 4873 2643 4926 indiebus
2669 4874 2809 4926 vocis
2830 4872 3049 4940 septimi
3068 4870 3393 4937 angelicum
3422 4870 3775 4938 coeperittuba

2178 4958 2462 5017 canere.Id
2488 4965 2574 5014 est
2592 4976 2719 5014 cum
2748 4958 2980 5031 cmperit
3007 4964 3205 5014 sancta
3231 4956 3486 5012 Ecclesia
3517 4958 3773 5012 ultimam

2178 5067 2335 5105 suam
2348 5048 2800 5120 pmdicationem
2813 5047 3646 5102 dill‘undere.(}onsummabitur
3658 5061 3705 5097 m
3713 5062 3776 5113 y-

2172 5142 2342 5193 steria
2350 5154 2401 5191 m
2409 5139 2520 5192 Dei.
2530 5137 2681 5192 Idest
2692 5136 3013 5209 perficietur
3026 5133 3295 5205 quidquid
3314 5135 3641 5199 modolatet,
3649 5132 3779 5204 quia

2177 5226 2587 5281 consummatio
2609 5225 2698 5279 hic
2713 5241 2824 5279 non
2839 5224 3202 5281 abolitionem
3227 5222 3633 5293 significat,sed
3649 5237 3777 5293 per-

2179 5316 2497 5371 fectionem.
2530 5313 2864 5386 Mysterium
2898 5317 3088 5367 autem
3116 5312 3431 5383 appellatur
3453 5311 3612 5375 illud,
3634 5310 3779 5379 quod

2180 5407 2369 5461 oculus
2382 5420 2493 5458 non
2513 5405 2774 5469 uidit,nec
2797 5404 2958 5456 auris
2974 5402 3212 5466 audivit,
3234 5416 3329 5454 nec
3351 5402 3413 5453 in
3429 5416 3525 5453 cor
3540 5399 3776 5452 hominis

2180 5494 2427 5550 ascendit
2448 5493 2503 5564 (Ι
2521 5492 2641 5549 Cor.
2662 5489 2899 5563 n),quod
2917 5495 3053 5545 tunc
3076 5486 3577 5553 consummabitur,
3608 5486 3664 5540 id
3690 5492 3777 5539 est
