4006 6164
188 248 335 308 1069
1120 250 1499 308 EXPOSITIO
1531 252 1605 306 IN
1636 250 1821 306 APOC

1905 248 2152 304 .YPSIN.
2195 280 2265 289 —
2292 246 2432 304 LIB.
2467 249 2566 306 ΙΙΙ.
3314 252 3457 313 1070

189 383 520 450 computare
553 379 726 433 intus.
759 379 869 432 Per
895 380 1100 433 atrium
1130 385 1316 433 autem
1343 381 1487 450 quod
1521 379 1654 433 foris
1679 384 1781 435 est.
1806 378 1855 436 A
1875 392 1983 449 quo
2013 377 2336 430 submersus
2360 383 2444 429 est
2476 379 2693 432 Pharao
2724 396 2847 433 cum
2880 378 2996 433 suis
3013 381 3365 445 exercitibus.
3400 384 3461 439 id

188 465 597 536 intelliguntur
626 467 893 528 hazrctici,
926 467 1153 537 pagani,
1178 470 1236 520 et
1259 467 1456 530 Judmi,
1494 466 1695 537 quibus
1722 464 1788 518 ad
1874 472 1961 518 est
1989 463 2242 519 diabolus
2294 482 2421 519 cum
2470 458 2730 521 omnibus
2776 469 3016 539 peccatis
3069 463 3454 540 originalibus.

188 561 389 609 sancta
414 562 737 610 sanctorum
766 552 959 610 nullus
987 560 1143 627 patet
1166 556 1471 624 ingressus,
1502 550 1570 607 de
1592 553 1792 625 quibus
1874 550 2029 617 Quod
2062 570 2193 624 ergo
2224 548 2299 607 ibi
2330 570 2429 624 per
2458 552 2833 627 quadraginta
2860 554 3000 612 duas
3048 560 3366 615 mansiones
3402 561 3463 619 in

193 644 406 699 Paulus
436 640 572 699 dicit
595 662 608 697 :
635 644 778 712 Quid
792 646 977 697 autem
1006 642 1149 697 mihi
1169 644 1230 696 de
1264 645 1349 696 his
1369 646 1467 711 qui
1494 643 1634 711 foris
1661 646 1793 695 sunt
1872 640 2055 712 ﬁgura
2081 643 2286 696 factum
2307 643 2605 714 praecessit,
2625 642 2729 699 hoc
2748 645 2838 698 hic
2856 662 2957 717 per
2978 663 3198 702 menses
3225 648 3470 719 ﬁgurata

178 732 448 800 judicare
468 734 518 803 ?(
520 735 549 786 Ι
571 735 692 786 (’or.
716 731 1030 794 v).Dicatur
1050 749 1201 802 ergo,
1218 749 1286 784 ne
1309 726 1559 785 metiaris
1584 724 1791 783 atrium
1878 730 2083 783 locutio
2099 726 2684 801 expressitMensibus
2706 750 2838 803 ergo
2860 734 3234 806 quadraginta
3246 736 3469 793 duobus

194 821 347 891 (μιοό
366 818 500 874 foris
517 822 621 883 est,
644 818 700 874 id
725 820 949 884 est,noli
972 818 1113 874 tales
1134 824 1459 890 computare
1482 820 1537 872 in
1560 830 1796 872 numero
1878 817 2125 870 calcatur
2147 808 2359 882 civitas,
2385 818 2517 889 quia
2546 816 2794 891 quandiu
2827 822 2883 874 in
2913 824 3206 892 praesentis
3234 825 3360 880 vita:
3380 825 3470 881 iti-

192 912 545 970 sanctorum,
571 910 835 977 quoniam
864 906 1060 962 datum
1078 910 1156 961 est
1174 906 1509 975 gentibust
1535 914 1797 967 est,com-
1879 922 2011 959 nere
2036 906 2256 971 transit,
2302 908 2747 977 persecutionem
2776 909 2846 962 ab
2875 910 3063 982 impiis
3090 912 3336 969 sustinet
3362 914 3470 969 Ec-

195 997 360 1049 muni
388 1002 669 1050 tormento
700 988 981 1068 peribunt,
1012 1007 1067 1050 et
1092 996 1240 1049 inter
1265 1012 1358 1049 eos
1389 994 1800 1066 reputabuntur
1879 994 2066 1048 clesia.
2838 1000 2850 1008 ‘

198 1084 301 1155 qui
326 1080 474 1139 idola
505 1085 717 1150 colunt,
761 1083 1023 1154 quoniam
1055 1092 1111 1138 et
1168 1078 1245 1137 illi
1298 1084 1593 1137 simulacra
1619 1085 1798 1137 colere

199 1166 485 1239 videntur,
533 1168 888 1228 mendacium
921 1192 1020 1244 pro
1049 1174 1282 1227 veritate
1313 1180 1585 1227 tenentes.
1621 1166 1795 1226 Judaei

199 1279 265 1316 se
295 1256 492 1317 dicunt
511 1262 737 1317 credere
766 1261 820 1316 in
842 1260 1018 1317 Deum
1044 1258 1290 1325 Patrem,
1308 1258 1403 1315 sed
1435 1258 1799 1322 mentiuntur,

201 1350 344 1420 quia
365 1346 457 1421 qui
481 1368 589 1404 non
612 1344 781 1404 liabet
804 1344 1027 1415 Filium,
1051 1366 1153 1404 nec
1177 1345 1397 1404 Patren".
1422 1344 1611 1415 habet,
1634 1355 1689 1402 et
1708 1346 1804 1420 qui

200 1448 320 1491 non
337 1437 671 1492 honoriﬁcat
691 1436 913 1499 Filium,
954 1456 1065 1492 non
1096 1436 1429 1493 honoriﬁcat
1450 1436 1671 1492 Patrem
1709 1434 1803 1508 qui

202 1526 367 1580 misit
396 1527 575 1580 illum.
604 1522 955 1580 Mendacium
995 1545 1126 1597 ergo
1156 1530 1362 1591 colunt,
1399 1526 1493 1597 qui
1511 1527 1801 1580 veritatem

1954 1079 2015 1136 Et
2047 1078 2183 1137 dabo
2204 1076 2414 1137 duobus
2446 1082 2667 1140 testibus
2694 1091 2846 1151 meis,
2866 1086 2915 1142 et
2950 1090 3377 1158 prophetabunt,
3408 1092 3469 1148 id

1886 1172 1969 1225 est
1991 1166 2135 1225 dabo
2165 1178 2229 1225 ut
2252 1166 2605 1243 prOpbetent,
2639 1177 2827 1230 diebus
2860 1180 3010 1231 mitte
3038 1180 3288 1235 ducentis
3310 1197 3474 1236 seeae

1884 1258 2061 1327 ginta.
2093 1259 2195 1312 Hic
2223 1256 2392 1313 etiam
2421 1268 2477 1314 et
2524 1262 2580 1316 in
2639 1279 2873 1318 numero
2902 1266 3142 1332 dierum,
3171 1268 3269 1339 qui
3293 1269 3480 1339 juncti

1885 1344 2097 1402 faciunt
2126 1365 2304 1402 annos
2318 1343 2828 1416 trvsetdimidium,
2870 1359 2927 1407 et
2952 1354 3010 1408 in
3031 1355 3274 1412 adventu
3303 1357 3477 1415 etiam

1888 1442 1943 1489 et
1975 1438 2267 1509 prophetia
2295 1438 2533 1492 duorum
2563 1440 2796 1494 testium
2842 1443 3134 1498 manifeste
3161 1441 3479 1500 ostenditur

1888 1526 2217 1605 persecutio,
2249 1532 2305 1579 et
2334 1543 2566 1595 regnum
2634 1529 2988 1584 Antichristi.
3032 1532 3110 1585 De
3145 1531 3236 1586 his
3272 1532 3482 1605 quippe

201 1630 321 1668 non
353 1615 611 1668 adorant.
648 1611 904 1669 llzcrctici
935 1630 1156 1686 quoque
1199 1616 1448 1669 diversos
1478 1632 1696 1668 errores
1735 1609 1803 1667 de
1833 1685 1863 1691 _
1886 1604 2103 1667 duobuS
2124 1608 2361 1668 testibus
2383 1606 2655 1670 Dominus
2677 1633 2776 1687 per
2793 1618 3122 1673 Malacliiam
3146 1604 3481 1691 prophetam

202 1697 453 1756 Domino
471 1698 738 1766 fatentur,
766 1703 910 1757 unde
938 1685 1078 1774 quia,
1100 1722 1133 1757 a
1162 1703 1395 1757 veritate
1416 1697 1703 1764 recedunt,
1728 1698 1805 1755 si-
1824 1685 1870 1743 Β
1889 1701 2025 1755 dicit
2047 1721 2058 1755 :
2087 1696 2214 1756 Ecce
2231 1719 2321 1770 ego
2341 1706 2559 1757 mittam
2585 1685 2731 1758 vobis
2752 1704 2935 1759 Enoch
2955 1712 3001 1760 et
3037 1685 3338 1774 Etz'am,-ut
3360 1727 3483 1766 oon-

203 1786 378 1844 miles
400 1786 664 1861 gentibus
685 1786 1149 1855 babentur,verbi
1169 1792 1354 1862 gratia
1379 1812 1389 1845 :
1416 1791 1694 1845 Sabellius
1720 1786 1810 1844 di-

206 1880 291 1933 cit
311 1874 461 1950 quod
482 1878 629 1933 idem
662 1880 735 1933 sit
753 1874 921 1934 Pater
936 1878 1029 1951 qui
1059 1878 1256 1945 Filius,
1291 1885 1347 1933 et
1376 1881 1509 1949 quia
1537 1878 1677 1932 duas
1695 1896 1808 1933 non

203 1967 666 2037 vultintelligere
680 1984 946 2040 personas
962 1968 1019 2021 in
1041 1964 1206 2023 Patre
1227 1974 1284 2022 et
1311 1962 1468 2030 Filio,
1495 1964 1692 2021 similis
1724 1974 1810 2021 est

204 2058 266 2107 et
283 2054 457 2108 etiam
473 2056 719 2109 deterior
740 2056 989 2127 paganis.
1018 2050 1291 2110 Photinus
1315 2073 1537 2127 quoque
1567 2052 1811 2110 affirmat

206 2160 342 2196 eum
378 2154 579 2213 purum
613 2144 922 2212 hominem,
951 2162 1052 2198 nec
1082 2144 1249 2198 fuisse
1301 2151 1429 2198 ante
1458 2139 1714 2205 Mariam,
1756 2151 1813 2198 et

206 2232 321 2285 iste
347 2225 550 2286 similis
579 2240 662 2286 est
688 2230 969 2303 gentibus,
1005 2233 1098 2304 qui
1161 2228 1521 2287 simulacrum
1565 2226 1812 2286 hominis

207 2321 425 2374 mortui
438 2338 497 2373 se
510 2321 743 2375 adorare
757 2314 1163 2386 iatentur,dum
1176 2318 1813 2376 solummodoChristum

207 2404 504 2464 hominem
533 2407 705 2464 fuisse
734 2404 886 2471 dicit,
921 2418 977 2464 et
1005 2406 1180 2464 Deum
1214 2416 1399 2480 negat.
1432 2400 1501 2464 Et
1557 2408 1681 2464 ideo
1720 2410 1815 2464 isti

209 2496 364 2550 tales
394 2504 563 2568 atque
588 2516 778 2552 eorum
809 2498 1041 2564 similes,
1074 2496 1245 2552 velint
1272 2492 1469 2559 nolint,
1503 2498 1559 2551 in
1585 2492 1813 2552 illorum

210 2592 521 2640 transeunt
546 2598 863 2642 numeram.
896 2584 993 2658 qui
1020 2582 1294 2658 imagines
1311 2594 1658 2641 morti‘Jorum
1686 2587 1816 2640 ado-

212 2681 357 2729 rant
384 2674 699 2739 hominum,
754 2675 1061 2748 praesertim
1120 2693 1243 2730 cum
1293 2676 1530 2746 singulis
1564 2674 1815 2746 partibus

213 2756 577 2818 mendacium
636 2765 711 2818 sit
748 2763 895 2834 quod
949 2769 1162 2822 tenent.
1203 2758 1477 2818 Similiter
1515 2763 1608 2834 qui
1648 2762 1815 2816 ﬁdem

214 2869 392 2922 quam
417 2844 628 2906 habent
647 2851 910 2923 operibus
930 2852 1248 2917 destruunt,
1269 2846 1326 2905 in
1350 2868 1585 2905 numero
1616 2849 1816 2904 inﬁde-

1888 1796 2106 1843 vertant
2153 1792 2317 1844 corda
2358 1798 2590 1860 patrum
2622 1795 2697 1846 ad
2720 1795 2885 1860 ﬁlios,
2917 1800 2966 1848 et
3018 1812 3111 1849 cor
3134 1799 3483 1863 ﬁliorum“

1882 1884 2068 1946 patres
2102 1894 2290 1932 eorum
2331 1881 2550 1948 (Matth.
2594 1881 2688 1951 Iv).
2715 1874 2784 1935 Et
2810 1882 2869 1936 in
2892 1883 3179 1953 cvangelio
3207 1885 3328 1955 ipse
3365 1886 3480 1941 De-

1890 1965 2108 2019 minus:
2140 1964 2292 2021 Etias
2316 1971 2536 2022 reniens
2560 1971 2809 2025 restituet
2849 1973 2993 2024 vobis
3045 1978 3241 2027 omnia
3261 1974 3473 2039 (Matth.

1890 2053 2040 2124 xvii).
2066 2055 2161 2108 lsti
2188 2072 2319 2125 ergo
2348 2056 2636 2110 venientes
2671 2050 3106 2130 prophetabunt,
3137 2060 3193 2114 id
3223 2066 3309 2117 est
3336 2077 3483 2132 prav-

1893 2136 2176 2205 dicabunt,
2201 2144 2351 2213 quia,
2376 2149 2440 2198 ut
2463 2162 2635 2216 supra
2654 2146 2863 2201 dictum
2884 2154 2987 2213 est,
3011 2149 3348 2219 prophetare
3376 2150 3486 2206 ali-

1896 2222 2118 2302 quando
2143 2232 2367 2298 ponitur
2387 2250 2486 2303 pro
2509 2234 2830 2305 praedicare.
2853 2236 3061 2291 Diebus
3091 2237 3244 2291 mille
3272 2238 3483 2294 ducem

1896 2320 1970 2372 tis
1998 2320 2309 2389 sexaginta.
2342 2320 2397 2374 id
2429 2327 2515 2375 est
2538 2321 2719 2376 tribus
2775 2323 2939 2378 annis
2992 2329 3050 2379 et
3093 2325 3344 2389 dimidio,
3386 2328 3485 2397 qui

1895 2406 2305 2461 interficientur
2317 2408 2387 2461 ab
2409 2409 2739 2464 antichristo
2780 2413 2988 2466 Amicti
3004 2415 3193 2477 saccis,
3215 2413 3348 2484 quia
3376 2425 3490 2486 pm-
3590 2404 3598 2414 \

1896 2489 2191 2549 nitentium
2206 2513 2373 2565 quam
2386 2498 2768 2568 praedicabunt
2779 2501 3070 2564 ore,etiam
3092 2501 3289 2557 habitu
3305 2508 3489 2558 octen-

1897 2584 2050 2652 dent,
2092 2584 2236 2637 sicut
2261 2585 2393 2638 fecit
2421 2584 2619 2640 beatus
2644 2586 2910 2647 Joannes,
2936 2589 3034 2659 qui
3084 2595 3211 2644 erat
3255 2590 3487 2647 indutus

1896 2666 2026 2742 pilis
2051 2673 2411 2727 camelorum.
2449 2674 2557 2727 Sed
2581 2674 2637 2727 in
2667 2675 2754 2728 his
2793 2675 3010 2730 duobus
3034 2677 3271 2733 testibus
3300 2679 3485 2735 omnis

1900 2760 2145 2814 Ecclesia
2188 2760 2684 2830 comprehenditur
2735 2762 2795 2816 in
2846 2763 2968 2817 suis
3005 2765 3484 2835 prmd-icatoribus,

1901 2863 2021 2916 quae
2037 2864 2138 2918 per
2162 2863 2328 2903 omne
2348 2855 2572 2919 tempus
2591 2850 2754 2905 istius
2781 2851 2907 2906 vita)
2928 2853 3230 2923 prophetat
3256 2859 3315 2908 et.
3338 2872 3484 2926 prim

213 2939 362 2994 lium
379 2934 803 3010 reputantur.Et
823 2943 1097 2993 civitatem
1116 2946 1364 2994 sanctam
1381 2940 1821 3009 calcabunt,ipsa
1841 2954 1884 3012 ο
1901 2936 2052 2990 dicat
2082 2937 2345 3006 mysteria
2364 2936 2491 2991 Filii
2540 2938 2657 2995 Dei.
2685 2939 2800 3013 sive
2824 2956 2975 2995 nunc
3003 2941 3234 3006 scilicet,
3276 2943 3392 2998 sive
3428 2944 3490 3000 in

216 3026 440 3082 scilicet
465 3028 612 3081 atria
662 3022 935 3082 Mensibus
966 3028 1341 3096 quadraginta
1362 3024 1587 3081 duobus.
1614 3021 1821 3081 Civitas

216 3122 422 3170 sancta
458 3116 588 3169 olim
633 3110 1022 3186 appellabatur
1062 3108 1434 3179 Hierusalem,
1470 3117 1633 3186 juxta
1678 3108 1821 3168 illud

215 3200 513 3273 Evangelii
529 3202 723 3257 :Mutta
747 3219 973 3270 corpora
996 3210 1313 3257 sanctorum
1330 3206 1429 3270 qui
1447 3196 1814 3267 dormierunt,

215 3292 654 3346 surremeruntet
680 3297 1064 3361 apparuerunt
1090 3294 1279 3345 multis
1300 3294 1363 3343 in
1390 3297 1580 3344 sancta
1605 3295 1822 3344 civitate

213 3376 451 3451 (Matth.
476 3386 663 3447 xxvii).
686 3381 1088 3435 Verumtamen
1119 3382 1203 3434 hic
1233 3397 1344 3434 non
1374 3381 1442 3434 de
1470 3381 1567 3433 illa
1596 3381 1836 3443 dicitur,.

219 3470 323 3523 sed
352 3468 541 3540 potius
562 3468 629 3523 de
664 3464 927 3533 Ecclesia,
955 3467 1023 3523 de
1045 3486 1156 3539 qua
1185 3470 1454 3538 scriptum
1478 3475 1564 3524 est
1587 3488 1597 3521 :
1618 3470 1824 3525 Glorio-

220 3575 287 3611 sa
315 3560 467 3612 dicta
496 3556 627 3611 sunt
646 3560 709 3611 de
752 3564 822 3623 te,
853 3561 1045 3611 civitas
1080 3552 1173 3611 Dei
1200 3561 1368 3625 (I’sat.
1404 3564 1632 3617 LXxxvn.
1666 3550 1825 3612 llanc

221 3648 515 3701 civitatem
550 3640 784 3713 calcant,
818 3646 874 3699 id
912 3652 999 3700 est
1046 3646 1427 3716 comprimunt
1449 3648 1614 3702 atria.
1655 3647 1710 3700 id
1741 3652 1826 3700 est

226 3734 503 3797 haeretici,
532 3734 751 3805 pagani,
779 3730 976 3794 Judaei,
1000 3740 1056 3788 et
1094 3728 1216 3787 falsi
1239 3735 1461 3798 fratres,
1491 3741 1546 3789 et
1575 3734 1740 3787 verbo
1770 3740 1828 3787 et

219 3826 517 3877 tormento
541 3841 553 3875 :
578 3822 671 3876 sed
690 3821 834 3876 sicut
851 3821 986 3875 silex
1009 3822 1221 3883 calcata
1240 3814 1475 3895 pedibus
1504 3820 1815 3882 heminum,

221 3910 456 3966 elimari
477 3916 676 3981 potest,
701 3904 1006 3964 comminui
1031 3924 1143 3965 non
1171 3916 1373 3981 potest,
1391 3916 1448 3964 et
1468 3916 1623 3964 tanto
1647 3909 1823 3979 magis

223 4001 734 4070 elimatur,quanto
767 3999 944 4070 magis
959 4000 1207 4053 calcatur
1229 4018 1242 4053 :
1272 3999 1352 4052 ita
1370 4004 1561 4053 sancta
1579 3990 1827 4051 Ecclesia

221 4106 299 4144 ex
331 4089 721 4160 persecutione
754 4089 1094 4160 perﬁdorum
1143 4084 1426 4141 robustior
1476 4087 1732 4141 redditur
1771 4090 1829 4140 et

222 4177 594 4242 luculentior,
612 4174 1070 4248 undeApostolus
1098 4195 1109 4230 :
1144 4176 1377 4239 Quando
1400 4178 1682 4243 inﬁrmor,
1698 4180 1830 4229 tunc

228 4264 439 4318 fortior
465 4281 589 4317 sum
615 4271 673 4318 et
692 4270 875 4333 patens
897 4256 1101 4323 (IICor.
1124 4270 1245 4334 xu).
1275 4256 1659 4335 Quadraginta
1689 4264 1886 4357 duosD

224 4366 461 4407 menses
510 4368 808 4423 possumus
859 4350 1178 4423 specialiter
1210 4353 1417 4406 referre
1466 4352 1537 4405 ad
1583 4351 1828 4422 spatium

225 4442 411 4497 trium
442 4457 716 4494 annorum
749 4446 806 4494 et
834 4432 1071 4505 dimidii,
1104 4440 1327 4511 quando
1358 4439 1460 4494 sub
1485 4439 1828 4494 Antichristo

228 4522 495 4583 acerbius
516 4524 837 4586 calcabitur,
862 4534 918 4581 et
945 4529 1346 4599 comprimetur
1370 4527 1611 4582 Ecclesia
1632 4526 1701 4580 ab
1721 4527 1830 4580 im-

227 4617 363 4689 piis.
389 4608 532 4670 Nam
556 4616 614 4669 in
629 4610 809 4670 tribus
820 4616 983 4669 annis
1009 4622 1066 4669 et
1084 4616 1317 4669 dimidio
1329 4616 1700 4685 quadraginta
1721 4615 1831 4668 duo

228 4722 464 4761 menses
492 4704 875 4771 continentur,
905 4722 1014 4776 quo
1044 4716 1279 4758 numero
1310 4704 1479 4758 etiam
1510 4721 1676 4758 omne
1698 4721 1835 4774 pia:-

230 4812 368 4851 sens
392 4802 619 4866 tempus
646 4787 998 4864 intelligitur.
1019 4801 1247 4865 prOpter
1278 4810 1372 4847 sex
1404 4794 1596 4846 mundi
1616 4800 1831 4858 aetates,

231 4891 294 4938 et
313 4893 532 4955 septem
556 4882 696 4949 dies,
721 4883 921 4954 quibus
944 4900 1109 4937 omne
1130 4899 1376 4954 praesens
1419 4890 1640 4953 tempus
1660 4882 1832 4936 volvi-

228 4979 351 5028 tur.
386 4964 577 5026 Sexies
606 4972 756 5027 enim
787 4977 1003 5042 septem
1031 4971 1409 5042 quadraginta
1435 4972 1548 5025 duo
1597 4971 1831 5024 faciunt.

230 5061 451 5115 Aliter:
474 5050 741 5130 Legimus
756 5060 814 5113 in
830 5060 1019 5114 Veteri
1038 5060 1572 5130 Testamento,quod
1592 5059 1833 5129 populus

232 5148 417 5204 Israel
442 5148 874 5219 quadragesima
899 5153 957 5202 et
974 5149 1221 5203 secunda
1242 5148 1529 5202 mansione
1549 5148 1834 5217 ingressus

233 5244 323 5292 est
351 5244 562 5291 terram
589 5236 1058 5308 repromissionis,
1088 5244 1145 5292 et
1177 5237 1310 5307 quia
1338 5237 1394 5290 in
1438 5238 1619 5305 ﬁgura
1649 5236 1835 5289 omnia

231 5325 645 5398 contingebant
664 5326 793 5392 illis,
818 5326 1010 5396 utique
1030 5332 1088 5380 et
1107 5327 1210 5380 hoc
1225 5327 1336 5379 iter
1355 5325 1425 5379 ad
1444 5342 1542 5378 nos
1568 5323 1829 5393 pertinet,

234 5414 333 5487 qui
360 5415 421 5468 in
440 5415 646 5469 itinere
667 5408 877 5470 deserti
897 5421 1269 5477 meramur,et
1292 5414 1364 5467 ad
1389 5412 1631 5484 patriam
1647 5428 1837 5482 repro-

233 5503 527 5559 missionis
549 5504 832 5559 tendimus
857 5509 987 5576 post
1006 5502 1182 5559 Rubri
1201 5502 1377 5557 maris
1397 5501 1757 5573 baptismum,
1779 5500 1836 5554 in

1903 3023 2165 3077 extremis
2186 3031 2298 3078 tem
2307 3020 2709 3095 poribus.Bene
2729 3032 2920 3081 autem
2942 3029 3186 3085 Ecclesia
3197 3030 3258 3084 in
3271 3031 3490 3088 duobus

1902 3110 2139 3166 testibus
2154 3113 2684 3185 figuratur,propter
2703 3115 2815 3169 duo
2835 3117 3199 3175 Testamenta
3208 3120 3490 3187 videlicet,

1903 3200 2106 3273 quibus
2128 3200 2461 3269 roboratur;
2486 3203 2570 3256 vel
2591 3203 2723 3272 quia
2751 3220 2815 3258 ex
2843 3204 3061 3260 duobus
3085 3208 3307 3277 populis
3324 3186 3494 3262 cons?-

1904 3294 2036 3352 stat,
2067 3296 2124 3344 et
2146 3290 2364 3345 duobus
2393 3292 2687 3361 praeceptis
2710 3292 2998 3348 charitatis
3021 3295 3352 3364 viviﬁcatur;
3381 3296 3497 3352 sive

1905 3378 2075 3432 etiam
2102 3384 2332 3449 propter
2361 3380 2471 3432 duo
2503 3380 2761 3451 martyrii
2788 3398 3016 3452 genera.
3041 3383 3104 3438 In
3153 3385 3329 3439 saccis
3367 3396 3496 3440 vero

1905 3467 2194 3520 humilitas
2221 3473 2544 3522 sanctorum
2573 3470 2924 3539 exprimitur,
2947 3472 3064 3541 qui,
3088 3472 3222 3527 licet
3244 3473 3360 3528 sint
3376 3484 3496 3527 mas

1903 3554 2086 3625 gistri,
2115 3561 2435 3626 peccatores
2464 3574 2524 3611 se
2553 3574 2673 3611 esse
2722 3558 3006 3624 fatentur;
3070 3571 3207 3613 nam
3249 3560 3497 3614 cilicium

1906 3642 2223 3695 criminosis
2252 3643 2526 3696 convenit.
2556 3644 2657 3696 Vel
2684 3650 2854 3705 certe.
2884 3644 3016 3714 quia
3038 3646 3497 3702 sanctorum‘vitn

1906 3729 2162 3801 reprobis
2192 3730 2465 3784 videbitur
2483 3731 2765 3800 despecta,
2800 3731 2925 3785 ideo
2953 3733 3129 3788 saccis
3160 3734 3342 3789 induti
3362 3745 3495 3804 per-

1905 3818 2186 3872 bibentur.
2214 3818 2283 3871 Et
2304 3818 2410 3873 hoc
2439 3824 2522 3873 est
2553 3819 2701 3889 quod
2728 3819 2789 3874 in
2816 3818 2921 3873 hac
2935 3820 3129 3876 eadem
3161 3821 3497 3894 Apocalypsi

1906 3906 2129 3963 dicitur.
2158 3906 2251 3961 Sat
2279 3908 2459 3974 factus
2489 3912 2566 3962 est
2588 3910 2747 3974 niger
2788 3914 3064 3977 tanquam
3106 3920 3301 3966 «saccus
3323 3913 3497 3966 attici-

1909 4011 2014 4050 nus
2038 3994 2219 4064 (Apoc.
2244 3998 2337 4064 τι).

1980 4085 2051 4138 Hi
2071 4088 2200 4136 sunt
2229 4084 2350 4137 dua
2373 4086 2526 4138 oliva:
2553 4089 2603 4138 et
2621 4084 2736 4139 duo
2761 4086 3097 4140 candelabra
3125 4088 3189 4141 ut
3212 4094 3498 4156 conspectu

1909 4173 2138 4227 Domini
2167 4176 2324 4226 terra;
2351 4177 2571 4226 stantes.
2632 4171 2748 4243 Ipsi
2790 4173 3111 4243 specialiter
3142 4175 3278 4242 duo,
3308 4176 3500 4231 Enoeh
3583 4191 3594 4201 ·

1910 4261 2123 4314 scilicet
2153 4265 2210 4314 et
2256 4260 2423 4325 Elius,
2482 4260 2608 4315 dum
2658 4261 2821 4315 olivae
2874 4263 3235 4333 appellantur
3267 4271 3502 4337 propter

1910 4349 2229 4404 unctionem
2261 4348 2501 4420 Spiritus
2528 4349 2726 4413 sancti,
2772 4363 2884 4421 qua
2930 4356 3071 4406 sunt
3115 4352 3369 4408 delibuti.
3402 4353 3502 4409 Di-

1913 4444 2116 4493 cuntur
2139 4438 2313 4492 etiam
2344 4446 2402 4492 et
2428 4438 2782 4500 candelabra,
2806 4439 2939 4510 quia
2956 4440 3243 4506 lucebunt,
3265 4443 3504 4514 aliisque

1912 4527 2105 4580 lumen
2126 4525 2376 4580 veritatis
2386 4527 2757 4582 ostendentet
2776 4528 2941 4584 verbo
2957 4535 3014 4584 et
3039 4546 3227 4601 opere.
3254 4532 3505 4585 Generu-

1915 4615 2046 4669 liter
2072 4632 2269 4671 omnes
2299 4616 2478 4670 sancti
2511 4616 2767 4671 Ecclesia:
2798 4616 2856 4670 in
2878 4618 2966 4670 his
3012 4618 3233 4672 duobus
3252 4634 3508 4689 comprw

1915 4703 2258 4765 henduntur,
2286 4704 2388 4774 qui
2432 4710 2683 4777 tempore
2738 4704 3091 4774 baptismatis
3139 4706 3200 4758 in
3229 4720 3500 4762 manuum

1917 4792 2272 4863 impositione
2299 4793 2686 4865 episcoporum
2715 4799 3049 4864 acceperunt
3070 4793 3346 4863 Spiritum
3365 4809 3505 4849 san-

1918 4883 2374 4936 ctum.Dicuntur
2391 4890 2580 4936 autem
2604 4881 2726 4936 duae
2748 4882 2928 4946 olivae,
2960 4897 3089 4935 cum
3106 4881 3308 4935 unasit
3334 4882 3502 4948 oliva,

1916 4972 1971 5025 id
1997 4977 2098 5034 est,
2129 4971 2460 5025 universalis
2496 4969 2760 5034 Ecclesia,
2795 4970 2955 5039 juxta
2976 4970 3150 5024 illud:
3180 4970 3291 5037 Ego
3313 4977 3508 5027 autem

1916 5061 2057 5112 sicut
2076 5061 2222 5112 oliva
2240 5059 2539 5126 fructi/“em
2562 5060 2623 5110 in
2634 5058 2792 5111 domo
2802 5058 3111 5128 DeKPstci),
3132 5065 3367 5130 propter
3390 5060 3507 5116 duo

1914 5146 2293 5212 Testamenta,
2316 5146 2402 5199 vel
2418 5145 2773 5200 dilectionem
2797 5144 2899 5200 Dei
2916 5150 2975 5199 et
2997 5146 3260 5218 proximi,
3279 5149 3366 5203 vel
3396 5149 3508 5204 duo

1915 5250 2125 5303 genera
2156 5233 2429 5304 martyrii.
2460 5233 2733 5291 Similiter
2759 5240 2816 5287 et
2857 5235 3053 5289 eadem
3100 5236 3348 5292 Ecclesia
3380 5252 3507 5292 cum

1916 5322 1991 5375 sit
2022 5338 2195 5375 unum
2219 5320 2617 5375 candelabrum
2676 5329 2902 5393 propter
2924 5324 3200 5378 unitatem
3226 5326 3379 5391 fidei,
3421 5326 3510 5378 di-

1917 5416 2120 5465 cuntur
2139 5410 2249 5464 duo
2289 5409 2624 5464 candelabra
2646 5419 2874 5482 propter
2899 5412 3170 5483 praedicta
3211 5412 3501 5483 mysteria.

1920 5501 2069 5556 Bene
2115 5503 2306 5555 autem
2324 5499 2383 5555 in
2420 5505 2725 5575 conspectu
2769 5500 2995 5570 Domini
3038 5506 3365 5557 temaester
3394 5509 3518 5571 per.
