4048 6172
519 247 652 306 1071

908 251 1287 305 HAYMONIS
1327 252 1812 308 HALBERSTAT.
1853 251 2083 306 EPlSC.
2124 252 2282 306 OPP.
2322 252 2506 306 PARS
2544 252 2587 304 1.
2632 282 2695 291 -
2736 250 3106 306 COMMENT.
3146 250 3329 307 BIBL.

3638 243 3777 303 107'2

515 372 801 439 bibentur,
861 375 993 445 quia
1035 375 1209 428 sancti
1267 374 1465 428 intima
1518 376 1990 445 contemplatione
2016 375 2100 428 sui
2121 378 2169 434 Α
2193 376 2399 428 tineret
2418 374 2683 445 pluviam.
2707 375 2927 444 Moyses
2948 389 3168 443 quoque
3188 380 3395 426 terram
3410 370 3635 442 [Egypti
3656 386 3781 440 per-

517 462 836 516 Conditoris
864 463 919 516 in
951 464 1066 516 suis
1098 464 1416 533 praecordiis
1462 464 1735 517 inhaerere
1776 464 2101 532 probantur,

516 555 575 604 et
599 551 813 620 jugiter
845 551 1184 604 voluntatem
1209 552 1328 619 ejus
1347 552 1783 615 considerantes,
1810 570 1875 605 ea
1896 553 2108 606 faciunt

515 638 575 692 in
593 638 793 708 quibus
814 640 1136 694 Creatorem
1154 656 1317 692 suum
1332 656 1442 692 non
1465 640 1937 694 otf<-ndunt.Unrle
1958 641 2105 693 Elias

515 725 653 780 dicit
676 745 687 779 :
725 729 858 780 Vicit
881 728 1145 780 Dominus
1172 731 1230 781 in
1248 732 1407 795 cujus
1445 735 1725 795 conspectu
1743 733 1821 782 sto
1856 732 1953 797 (ΙΙΙ
1979 733 2098 797 Reg.

516 817 669 881 XVII).
699 813 773 867 Et
789 813 1024 868 Paulus:
1053 815 1211 869 Sicut
1229 831 1293 868 ex
1320 816 1447 879 Deo,
1480 832 1666 869 coram
1692 819 1791 871 Deo
1822 820 2105 885 loquimur

515 902 579 954 in
604 900 817 955 Christo
841 903 920 970 (ΙΙ
936 901 1055 957 Cor.
1089 908 1207 969 xu).
1239 902 1431 955 Potest
1460 904 1627 955 etiam
1664 911 1722 956 et
1748 905 1817 957 de
1845 904 1933 957 his
1961 905 2103 958 duo-

513 985 618 1041 bus
645 988 883 1042 testibus
912 988 1171 1059 intelligi,
1204 989 1370 1043 aliter
1392 990 1565 1060 quiin
1598 997 1897 1061 conspectu
1919 992 2106 1045 Domi-

512 1075 571 1129 ni
592 1080 756 1130 terrze
776 1082 946 1141 stant,
981 1077 1130 1148 quod
1159 1077 1415 1131 videlicet
1436 1079 1493 1131 in
1522 1079 1903 1148 paradiso,ubi
1925 1096 2105 1150 quon-

512 1162 644 1216 dam
677 1164 785 1218 fuit
802 1165 1003 1229 Adam,
1032 1171 1334 1235 antequam
1367 1174 1639 1236 peccaret,
1660 1169 1918 1222 translati
1948 1174 2098 1235 sunt,

512 1256 624 1305 eta
653 1254 862 1307 nostris
910 1254 1301 1324 conspectibus
1348 1254 1538 1319 ablati,
1566 1257 1820 1311 claritate
1876 1257 2101 1310 visionis

396 1338 411 1351 ⁸
507 1339 611 1393 Dei
638 1342 1025 1411 perfruuntur.

581 1428 710 1481 Etsi
733 1431 857 1497 quis
875 1446 957 1482 eos
980 1432 1215 1482 coluerit
1258 1445 1461 1495 nocere,
1487 1433 1636 1496 ignis
1662 1433 1799 1483 exiet
1816 1433 1879 1485 de
1907 1448 1998 1484 ore
2026 1435 2097 1484 il-

512 1514 716 1579 lorum,
748 1521 795 1568 et
825 1518 1099 1571 devorabit
1128 1521 1383 1571 inimicos
1412 1534 1622 1571 eorum.
1668 1520 1781 1572 lloc
1819 1536 1881 1572 ex
1939 1524 2097 1589 parte

502 1601 622 1670 jam
644 1601 935 1672 impletum
952 1605 1457 1674 est,quando,sicut
1477 1606 1532 1657 in
1549 1605 1692 1658 libro
1712 1608 2097 1675 Regum,legi-

2187 464 2361 517 cussit
2409 463 2560 516 omni
2612 464 2794 533 plaga,
2837 462 3277 532 quotiescunque
3330 461 3523 518 voluit,
3574 460 3630 512 id
3671 464 3774 515 est.

2186 569 2479 621 quousque
2500 551 2765 603 liberaret
2785 551 2930 603 ﬁlios
2952 550 3123 603 Israel
3145 550 3213 602 de
3245 549 3638 619 [Egyptiorum
3667 563 3782 599 ser-

2186 640 2380 693 vitute.
2411 639 2789 709 Spiritualiter
2818 638 2921 708 ipsi
2953 638 3131 692 sancti
3157 638 3515 707 appellantur
3533 637 3736 689 cadum
3760 651 3776 699 ;

2186 729 2542 798 appellantur
2564 734 2751 780 autem
2766 733 2823 779 et
2843 726 3038 787 nubes,
3063 727 3131 779 de
3153 726 3353 795 quibus
3372 726 3646 795 seiiptum
3671 729 3775 776 est:

2186 816 2251 870 Et
2284 817 2520 869 nubibus
2551 816 2824 867 mandabo
2852 831 2917 867 ne
2936 818 3140 881 pluant
3168 830 3332 882 super
3385 830 3505 867 cam
3546 814 3783 865 imbrem

2190 904 2313 972 (Isa.
2343 907 2417 971 v).
2452 903 2737 957 Claudunt
2759 902 2949 971 itaque
2981 902 3203 965 cmlum,
3233 902 3338 954 hoc
3387 907 3475 954 est
3511 916 3575 953 se
3610 899 3782 969 ipsos,

2186 1008 2299 1045 non
2332 1008 2443 1061 quo
2475 990 2812 1045 omnimodis
2840 990 2966 1043 cceli
2992 989 3200 1042 imbres
3221 1005 3330 1041 non
3363 988 3652 1049 emittant,
3681 986 3782 1039 sed

2187 1080 2332 1151 quod
2348 1096 2518 1149 super
2528 1087 2758 1141 terram,
2775 1095 2897 1149 quae
2914 1078 3105 1148 spinas
3133 1085 3190 1131 et
3216 1078 3453 1130 tribulos
3471 1074 3777 1147 germinat,

2185 1184 2296 1222 non
2327 1168 2545 1238 pluant.
2599 1168 2810 1220 Pluunt
2863 1167 3054 1236 itaque
3099 1165 3379 1235 perfectis,
3424 1162 3784 1219 abscondunt

2184 1272 2313 1309 vero
2333 1273 2490 1309 suam
2508 1256 2749 1326 pluviam
2786 1254 2994 1325 impiis,
3028 1255 3292 1324 quoniam
3322 1253 3483 1307 bonis
3514 1259 3573 1306 et
3600 1251 3781 1305 susci-

2185 1361 2318 1415 pere
2363 1343 2678 1397 volentibus
2716 1360 2873 1396 suam
2906 1342 3356 1413 prmdicationem
3386 1341 3776 1407 manifestant,

2182 1432 2662 1503 contemptoribus
2686 1448 2816 1484 vero
2831 1436 2887 1484 et
2900 1431 3220 1484 irrisoribus
3239 1428 3781 1484 abscondunt.Unde

2182 1527 2267 1575 est
2306 1540 2317 1574 :
2371 1522 2446 1575 Ne
2484 1523 2748 1574 miseritis
2787 1522 3125 1586 margaritas
3180 1524 3385 1573 vestras
3424 1524 3554 1572 ante
3589 1534 3780 1586 porcos

2184 1610 2394 1670 (Matth.
2426 1618 2541 1670 vn).
2568 1608 2981 1677 Etpotestatem
3015 1606 3223 1660 habent
3243 1624 3412 1677 super
3431 1623 3614 1676 aquas
3639 1622 3781 1659 con-

506 1704 633 1742 mus
653 1692 707 1757 (Ι
722 1692 756 1743 V
770 1692 894 1758 Reg.
922 1695 984 1757 ι),
1025 1693 1094 1745 ad
1125 1709 1312 1746 vocem
1347 1693 1476 1747 Elia:
1507 1693 1794 1747 descendit
1845 1695 1990 1764 ignis
2029 1696 2098 1748 de
2120 1677 2431 1750 Bvertendi
2456 1713 2549 1748 eas
2575 1696 2629 1748 in
2661 1696 2991 1764 sanguinem
3036 1697 3197 1765 Aqua
3229 1695 3579 1765 Scripturam
3610 1695 3783 1764 signi-

505 1777 729 1840 ccelo,ct
749 1780 1094 1849 consumpsit
1118 1780 1629 1850 quinquagenarios
1649 1799 1773 1834 cum
1806 1783 1921 1835 suis
1941 1782 2098 1852 quin-

504 1865 793 1934 quaginta.
828 1868 932 1920 Sed
966 1868 1282 1937 sperialiter
1314 1870 1425 1921 haec
1455 1868 1617 1922 verba
1647 1871 1791 1923 sicut
1813 1870 2099 1940 pertinent

502 1953 574 2006 ad
603 1953 727 2007 illos
756 1955 914 2019 duos,
948 1956 1022 2009 ita
1048 1958 1393 2025 generaliter
1420 1964 1476 2010 et
1506 1958 1573 2010 ad
1625 1974 1818 2012 omnes
1848 1967 2090 2014 sanctos.

500 2040 610 2093 Per
637 2041 823 2108 ignem
851 2046 1040 2096 autem
1075 2044 1397 2113 praedicatio
1418 2051 1610 2097 sancta
1642 2047 1935 2115 ﬁguratur,
1961 2049 2094 2117 quia

499 2129 669 2181 corda
696 2130 1015 2183 auditorum
1048 2131 1119 2183 ad
1144 2148 1391 2184 amorem
1423 2133 1522 2185 Dei
1554 2134 1823 2186 ascendit.
1869 2134 1950 2187 Ex
1984 2136 2092 2190 isto

498 2214 690 2286 itaque
720 2218 852 2286 igne
882 2219 1009 2271 boni
1034 2219 1351 2287 perﬁciunt,
1390 2220 1521 2271 mali
1544 2237 1671 2291 vero
1701 2221 2093 2280 deﬁciunt.un-

499 2303 569 2356 de
596 2304 837 2357 Paulus:
876 2306 1084 2359 Christi
1111 2308 1281 2358 bonus
1306 2309 1439 2359 odor
1460 2324 1654 2360 smnus
1683 2311 1815 2375 Deo;
1832 2316 1889 2362 et
1911 2329 1921 2362 :
1948 2314 2089 2366 Aliis

498 2388 633 2440 odor
660 2392 781 2442 vitae
800 2393 861 2443 in
888 2392 1083 2452 vitam,
1114 2394 1246 2443 aliis
1266 2393 1399 2444 odor
1439 2397 1634 2446 mortis
1664 2397 1723 2447 in
1754 2401 1984 2449 mortem
2017 2400 2092 2461 (ΙΙ

498 2474 620 2529 Cor.
644 2481 725 2541 Il).
770 2478 914 2531 Dum
942 2478 1089 2532 enim
1116 2480 1295 2533 sancti
1326 2479 1473 2533 bona
1501 2498 1686 2535 coram
1736 2484 1873 2553 ipsis
1904 2485 2087 2554 profe-

494 2569 646 2627 runt,
678 2564 848 2618 etiam
898 2567 1152 2620 nolentes
1201 2574 1422 2626 nocent.
1465 2570 1595 2638 quia
1649 2571 1754 2640 ipsi
1785 2571 1929 2625 bona
1967 2590 2089 2643 qua:

493 2652 751 2716 audiunt,
773 2653 831 2706 in
847 2654 936 2707 sui
965 2655 1384 2709 damnationem
1412 2663 1637 2711 vertunt
1660 2676 1671 2721 ;
1696 2659 1942 2729 dumque
1964 2678 2089 2715 san-

492 2744 611 2793 ctos
645 2749 1076 2812 persequuntur,
1117 2742 1211 2813 qui
1243 2743 1346 2796 sibi
1384 2744 1554 2797 vitam
1585 2746 1944 2811 annuntiant,
1985 2747 2090 2801 hoc

489 2825 639 2895 igne,
667 2827 724 2881 id
755 2835 841 2882 est
868 2829 1124 2883 doctrina
1154 2846 1275 2900 quae
1308 2831 1555 2900 procedit
1598 2832 1667 2884 de
1717 2849 1813 2886 ore
1837 2833 2081 2899 illorum,

490 2914 991 2987 devorantur,quia
1018 2933 1117 2988 pro
1138 2926 1464 2988 contemptu
1486 2925 1542 2972 et
1566 2922 2087 2989 persccutionesan-

2180 1786 2328 1838 ﬁcat.
2360 1784 2518 1838 Unde
2547 1789 2627 1837 est
2656 1802 2667 1836 :
2698 1787 2854 1852 Aqua
2877 1786 3163 1852 profunda
3212 1800 3391 1847 sermo
3430 1800 3495 1836 ea:
3533 1799 3627 1836 ore
3667 1785 3781 1835 viri

2181 1876 2357 1940 (Prov.
2382 1876 2559 1941 xvm).
2596 1871 2709 1942 Ipsi
2739 1873 2928 1942 itaque
2949 1888 3151 1942 aquam
3182 1872 3239 1925 in
3289 1872 3624 1941 sanguinem
3652 1888 3781 1924 ver-

2176 1967 2327 2024 tunt,
2357 1977 2483 2013 cum
2513 1961 2859 2013 occasionem
2889 1960 2999 2013 illis
3052 1960 3146 2029 qui
3198 1959 3336 2013 bene
3375 1961 3599 2030 prolata
3631 1961 3780 2013 male

2175 2049 2516 2118 intelligunt,
2543 2048 3021 2111 administrant,et
3049 2048 3361 2103 doctrinam
3393 2066 3565 2118 quam
3590 2064 3781 2118 perce-

2174 2144 2397 2206 perunt,
2428 2137 2485 2190 in
2516 2136 2603 2189 sui
2650 2136 2952 2206 perniciem
2992 2142 3339 2189 convertunt.
3373 2137 3537 2199 Quod
3566 2136 3777 2190 idcirco

2173 2225 2354 2277 facere
2385 2225 2563 2277 sancti
2592 2225 2877 2286 dicuntur,
2909 2217 3039 2294 quia
3087 2225 3193 2294 ipsi
3239 2225 3321 2278 eis
3382 2224 3572 2278 divina
3602 2224 3773 2278 verba

2174 2312 2530 2376 annuntiant,
2565 2312 2659 2381 qui
2691 2317 3074 2377 contemnunt,
3097 2312 3383 2381 cupientes
3411 2328 3506 2364 eos
3527 2313 3775 2367 instrue-

2172 2416 2253 2463 re,
2271 2405 2329 2452 et
2352 2401 2421 2452 ad
2448 2400 2549 2453 Dei
2581 2400 2923 2453 voluntatem
2973 2416 3253 2453 revocare.
3292 2399 3515 2453 Habent
3542 2418 3773 2471 quoque

2171 2493 2503 2557 potestatem
2525 2494 2815 2556 percutere
2826 2491 3034 2540 terram
3057 2487 3209 2540 omni
3227 2488 3396 2557 plaga
3414 2488 3778 2557 quotiescun-

2173 2591 2279 2645 que
2320 2576 2618 2637 voluerint,
2678 2575 2811 2645 quia
2854 2575 2913 2627 in
2962 2579 3238 2644 potestate
3291 2575 3514 2628 illorum
3563 2584 3674 2640 est,
3710 2584 3776 2629 ut

2172 2664 2393 2734 quando
2420 2663 2591 2716 velint
2621 2663 2942 2733 loquantur,
2976 2670 3031 2716 et
3083 2654 3291 2716 iterum
3341 2663 3569 2733 quando
3595 2664 3775 2717 velint

2170 2757 2412 2815 taceant,
2443 2757 2506 2805 ut
2535 2751 2745 2804 scilicet
2785 2750 3041 2803 ﬁdelibus
3089 2752 3410 2821 loquantur,
3445 2752 3774 2805 inﬁdelibus

2171 2847 2360 2893 autem
2381 2845 2624 2892 taceant.
2659 2839 2728 2892 Et
2784 2838 2908 2892 ideo
2959 2839 3400 2909 quotiescunque
3442 2839 3773 2893 infidelibus

2168 2928 2355 2981 divina
2380 2927 2649 2998 mysteria
2704 2927 2992 2992 claudunt,
3046 2928 3212 2981 toties
3260 2928 3562 2981 insanabili
3602 2930 3775 2999 plaga

489 3004 899 3075 ctorum,digni
920 3006 1210 3076 suppliciis
1230 3007 1455 3060 aeternis
1495 3016 1759 3075 aguntur.
1796 3010 1859 3063 Et
1878 3014 1928 3062 si
1958 3014 2082 3078 quis
2103 3022 2143 3079 Ο
2169 3015 2506 3087 percutiunt.
2532 3015 2985 3085 Quotiescunque
3015 3033 3144 3069 vero
3168 3016 3424 3069 ﬁdelibus
3445 3016 3546 3069 Dei
3573 3033 3767 3070 sacra-

490 3106 572 3144 eos
593 3094 827 3146 voluerit
851 3096 1057 3158 ledere,
1085 3100 1163 3146 ita
1185 3100 1389 3161 oportet
1420 3112 1544 3148 eum
1574 3098 1764 3160 occidi,
1805 3098 2085 3151 sententia

488 3178 700 3231 scilicet
727 3180 877 3232 verbi
924 3180 1045 3233 Dei.
1098 3182 1201 3234 Vel
1231 3188 1382 3235 certe
1434 3182 1502 3236 de
1551 3200 1646 3237 ore
1680 3185 1908 3238 testium
1939 3186 2086 3255 ignis

488 3266 782 3333 egrediens
812 3266 1070 3321 inimicos
1100 3285 1293 3321 eorum
1322 3270 1604 3334 interﬁcit,
1641 3272 1770 3341 quia
1798 3272 2079 3343 nimirum

487 3353 768 3406 contraria
783 3354 1006 3409 Christo
1027 3356 1349 3422 sentientes,
1380 3366 1547 3428 atque
1570 3361 1625 3412 in
1656 3360 1802 3412 malo
1832 3378 2082 3430 perseve-

487 3446 698 3505 rantes,
720 3442 1098 3496 anathematis
1135 3444 1368 3498 fulmine
1392 3453 1585 3499 sancta
1599 3446 1850 3501 Ecclesia
1879 3466 2079 3518 percu-

484 3528 572 3581 tit.
599 3529 757 3593 Quod
779 3530 825 3583 si
852 3537 910 3584 et
938 3531 1040 3585 hoc
1064 3532 1119 3586 in
1150 3532 1356 3586 bonum
1380 3535 1630 3605 accipere
1657 3536 1929 3601 volumus,
1955 3554 2077 3590 san-

483 3622 573 3671 cta
604 3617 847 3672 Ecclesia
868 3618 928 3672 in
958 3619 1075 3673 suis
1102 3620 1423 3675 doctoribus
1453 3622 1581 3691 igne
1612 3623 1726 3676 oris
1780 3624 1867 3676 sui
1897 3624 2080 3678 inimi-

481 3721 576 3760 cos
603 3705 853 3770 devorat,
884 3724 1011 3761 cum
1043 3709 1207 3762 verbo
1261 3710 1667 3763 exhortationis
1712 3718 1768 3764 et
1796 3712 2076 3767 adminis-

480 3794 727 3847 tratione
752 3795 1023 3849 claritatis
1053 3813 1148 3849 eos
1178 3797 1249 3850 ad
1284 3798 1372 3850 sui
1392 3814 1644 3851 amorem
1688 3807 1968 3868 provocat,
2012 3807 2075 3855 ut

483 3882 796 3936 moriantur
818 3883 1131 3947 inimicitia,
1181 3890 1239 3938 et
1283 3886 1466 3939 vivant
1512 3887 1825 3941 dilectionis
1862 3889 2068 3958 gratia,

480 3971 819 4025 coacervatis
848 3972 1161 4026 dilectionis
1191 3971 1525 4027 carbonibus
1554 3991 1724 4044 super
1774 3982 1946 4046 caput
1973 3994 2069 4031 eo-

479 4072 626 4122 rum,
647 4058 811 4127 juxta
840 4058 1156 4113 Salomonis
1184 4061 1543 4115 sententiam.

548 4146 622 4198 Ili
641 4147 841 4199 habent
853 4152 1170 4215 potestatem
1192 4150 1489 4202 claudendi
1513 4152 1704 4203 caelum
1732 4154 1967 4205 nubibus
2006 4169 2073 4206 ne

2167 3110 2355 3158 menta
2376 3104 2653 3174 pandunt.
2677 3104 2843 3157 toties
2865 3104 3003 3156 alios
3032 3105 3100 3156 ad
3132 3114 3390 3165 mortem,
3424 3105 3567 3158 alios
3588 3105 3662 3157 ad
3694 3105 3770 3158 vi-

2167 3198 2281 3246 tam
2308 3193 2557 3246 trahunt.
2581 3193 2645 3245 Et
2669 3193 2814 3261 quod
2838 3192 2963 3244 aliis
2979 3192 3196 3262 proﬁcit
3237 3193 3308 3245 ad
3338 3193 3603 3255 salutem,
3636 3193 3768 3246 aliis

2167 3282 2423 3352 provenit
2451 3280 2519 3333 ad
2554 3288 2790 3333 mortem
2819 3300 2830 3347 ;
2862 3281 3108 3350 dumque
3133 3281 3300 3333 verba
3329 3298 3519 3335 coram
3567 3282 3764 3351 impiis

2161 3370 2425 3431 formant,
2461 3368 2790 3437 sanguinem
2813 3368 3052 3421 carnalis
3084 3369 3468 3437 intelligentiae
3493 3385 3606 3439 quo
3636 3385 3761 3422 mo-

2162 3457 2383 3510 riantur
2404 3456 2718 3528 porrigunt.
2743 3457 2810 3509 Et
2838 3456 3146 3509 notandum
3180 3457 3327 3526 quod
3354 3474 3467 3509 non
3497 3457 3763 3519 dicit,ha—

2159 3544 2372 3597 bebunt
2399 3549 2754 3614 potestatem,
2782 3544 2879 3596 sed
2911 3544 3137 3607 habent,
3170 3551 3234 3597 ut
3261 3545 3366 3597 hoc
3389 3561 3500 3597 non
3521 3545 3593 3598 de
3622 3546 3764 3599 duo-

2160 3633 2265 3686 bus
2296 3639 2536 3687 tantum.
2572 3632 2758 3685 Enoch
2810 3638 2864 3685 et
2901 3632 3035 3695 lilia,
3080 3632 3177 3702 qui
3200 3633 3417 3685 venturi
3457 3640 3612 3697 sunt,
3655 3634 3757 3686 sed

2160 3722 2329 3775 etiam
2363 3722 2431 3775 de
2460 3721 2750 3790 praesentis
2775 3737 2924 3773 nunc
2952 3720 3220 3791 temporis
3260 3721 3517 3775 Ecclesia:
3547 3723 3761 3793 praedi-

2154 3809 2434 3864 catoribus
2459 3809 2670 3862 dictum
2693 3809 3092 3878 intelligamus.

2225 3899 2289 3951 Et
2322 3914 2447 3951 cum
2476 3900 2729 3963 ﬁnierint
2779 3900 3155 3950 testimonium
3206 3914 3391 3963 suum,
3425 3899 3595 3951 bestia
3633 3916 3759 3967 quae

2152 3988 2394 4038 ascendit
2422 3987 2483 4037 de
2511 3987 2723 4053 abysso,
2756 3987 2919 4051 faciet
2948 3986 3209 4038 adversus
3257 3988 3380 4039 illos
3431 3988 3658 4052 bellum,
3699 3994 3753 4040 et

2154 4077 2327 4127 vincet
2350 4076 2474 4127 illos
2500 4078 2547 4125 et
2577 4073 2775 4126 occidet
2806 4072 3078 4126 illos.Hoc
3113 4072 3499 4127 testimonium
3530 4091 3645 4129 non
3673 4076 3752 4129 ad

2154 4159 2338 4230 ipsum
2367 4176 2600 4229 regnum
2630 4158 2962 4213 Antichristi
2988 4167 3075 4213 est
3117 4160 3491 4227 referendum,
3536 4162 3635 4216 sed
3674 4163 3754 4217 ad

470 4234 833 4301 plualdiebus
847 4236 1148 4302 prophetiae
1178 4239 1447 4303 ipsorum,
1472 4242 1518 4289 et
1534 4242 1853 4304 potestatem
1873 4241 2072 4293 habent
2088 4311 2126 4319 _
2152 4248 2469 4317 praecedens
2491 4255 2713 4317 tempus
2743 4264 2851 4317 quo
2881 4247 2987 4318 ipsi
3015 4248 3414 4318 praedicabunt.
3439 4256 3753 4319 antequam

474 4335 639 4387 super
657 4336 830 4387 aquas
850 4324 1202 4376 convertendi
1223 4339 1312 4377 eas
1328 4326 1390 4376 in
1408 4311 2246 4394 sanguinem,ctpercute-Dilln
2274 4335 2507 4406 incipiat
2561 4350 2815 4405 regnare.
2848 4333 2917 4388 In
2963 4335 3301 4389 revelatione
3353 4336 3501 4389 enim
3551 4336 3754 4392 bestia;

476 4422 535 4459 re
552 4412 760 4460 terram
779 4411 935 4461 omni
940 4411 1107 4476 plaga
1127 4414 1937 4480 quotiescunquevoluerint.Et
1965 4416 2069 4470 hoc
2150 4422 2475 4485 ﬁniendum,
2505 4422 2561 4476 id
2586 4428 2672 4475 est
2700 4421 3099 4492 perﬁciendum
3137 4426 3194 4474 et
3230 4423 3625 4492 complendum
3657 4432 3752 4478 est

467 4495 630 4564 juxta
656 4493 900 4548 litteram
932 4496 1229 4567 impletum
1289 4500 1648 4569 cognovimus
1698 4501 1755 4555 in
1784 4503 1974 4574 Moyse
2012 4509 2069 4557 et
2150 4511 2535 4564 testimonium
2567 4510 2815 4574 illorum,
2847 4510 2943 4579 qui
2994 4509 3196 4563 docent
3243 4509 3425 4579 ipsum
3463 4527 3577 4564 non
3618 4528 3749 4566 esse

469 4581 889 4654 Elia,quoniam
904 4601 1049 4639 unus
1073 4602 1248 4657 aquas
1271 4587 1381 4640 Nili
1414 4588 1660 4643 ﬂuminis
1700 4592 1975 4644 convertit
2000 4592 2060 4645 in

2175 4599 2553 4663 :hristum,sed
2575 4597 3314 4668 diabolum,pronuntiantes
3332 4599 3538 4653 Iudaeis
3566 4608 3745 4671 atque

466 4672 823 4742 sanguinem,
844 4688 910 4727 eo
931 4673 1080 4743 quod
1095 4674 1417 4728 induratum
1441 4681 1589 4730 esset
1605 4693 1702 4730 cor
1726 4678 2055 4732 Pharaonis.
2138 4687 2401 4757 gentibus
2422 4687 2552 4740 olim
2575 4688 2692 4756 jam
2725 4687 2941 4741 venisse
2960 4687 3333 4753 Christum,et
3351 4704 3455 4741 sua
3473 4687 3745 4758 passione

462 4762 622 4815 Alter
648 4777 777 4816 vero
808 4763 1012 4816 clausit
1037 4764 1240 4817 coelum
1269 4780 1339 4817 ne
1363 4765 1584 4835 plueret
1613 4766 1777 4820 annis
1803 4767 1983 4821 tribus
2004 4774 2059 4822 et
2142 4774 2450 4828 redemisse
2479 4789 2658 4844 genus
2688 4773 3017 4834 humanum.
3050 4774 3198 4827 unde
3228 4785 3281 4827 et
3312 4776 3383 4828 ab
3402 4791 3467 4827 eo
3490 4775 3637 4828 tenti
3658 4773 3745 4827 in-

460 4849 711 4904 dimidio.
746 4851 891 4904 Dum
913 4850 1065 4905 enim
1093 4860 1355 4921 regnaret
1383 4853 1575 4907 Achab
1604 4854 2057 4926 reximpius,qui
2140 4863 2507 4916 terﬁcientur.
2542 4863 2609 4915 Et
2638 4863 2741 4915 hoc
2767 4869 2849 4914 est
2877 4862 3028 4932 quod
3083 4862 3359 4932 sequitur,
3394 4862 3527 4931 quia
3553 4860 3743 4915 bestia

456 4943 679 4992 sanctos
697 4938 799 4992 Dei
825 4939 1125 5004 interiecit,
1159 4947 1218 4993 et
1243 4940 1472 5011 insuper
1517 4942 1670 4995 idola
1691 4942 1898 5013 coluit;
1940 4960 2055 4997 om-
2140 4964 2262 5018 quin
2287 4947 2541 5001 ascendit
2563 4948 2632 5001 de
2644 4947 2872 5019 abysso,
2894 4947 3063 5001 faciet
3081 4949 3349 5003 adversus
3371 4965 3466 5002 eos
3498 4947 3735 5001 bellum.

454 5022 654 5093 nisque
667 5027 904 5097 papulus
924 5027 1100 5082 Israel
1119 5027 1442 5097 relinquens
1483 5030 1659 5083 Deum
1679 5036 1902 5100 patrum
1926 5048 2052 5085 suo-
2135 5035 2341 5090 Bestia:
2371 5046 2559 5090 autem
2605 5035 2874 5089 vocabulo
2917 5052 3031 5091 non
3072 5036 3255 5091 solum
3303 5036 3610 5090 damnatus
3639 5035 3739 5089 ille

451 5126 599 5177 rum,
624 5113 886 5167 adoraret
906 5114 1057 5177 Baal,
1082 5122 1140 5169 et
1158 5132 1256 5169 eos
1281 5116 1429 5170 Elias
1459 5133 1717 5173 revocare
1733 5119 1804 5172 ad
1834 5120 2045 5173 cultum
2132 5125 2319 5187 homo,
2356 5141 2547 5178 verum
2575 5124 2744 5177 etiam
2787 5124 3071 5178 habitator
3114 5124 3266 5179 illius
3314 5123 3591 5187 diabolus,
3635 5125 3736 5195 qui

447 5198 554 5254 Dei
580 5215 694 5253 non
722 5201 1222 5275 potuissettiratus
1268 5204 1410 5258 dixit
1440 5223 1451 5257 :
1500 5206 1633 5259 Vivit
1663 5209 1949 5272 Dominus,
1989 5212 2039 5262 si
2120 5229 2220 5285 per
2240 5211 2400 5265 illum
2426 5211 2781 5278 exaltabitur,
2803 5219 2859 5267 et
2872 5213 3175 5267 extolletur
3195 5229 3369 5284 supra
3386 5228 3556 5266 omne
3575 5211 3736 5283 quod

444 5289 552 5342 erit
580 5288 726 5342 vobis
747 5304 835 5342 ros
849 5294 951 5342 aut
973 5292 1191 5356 pluvia,
1218 5294 1331 5345 nisi
1347 5297 1517 5362 juxta
1538 5297 1651 5349 oris
1681 5299 1789 5349 mei
1818 5299 2044 5351 verbum
2130 5299 2337 5354 dicitur
2357 5300 2516 5361 deus,
2534 5307 2635 5354 aut
2663 5301 2812 5371 quod
2837 5302 3058 5368 colitur,
3092 5302 3191 5356 sed
3220 5308 3277 5355 et
3326 5316 3491 5355 omne
3521 5316 3736 5372 corpus

444 5377 551 5446 (ΙΙΙ
568 5377 689 5444 Reg.
712 5389 869 5444 xvn).
893 5377 1052 5440 Quod
1081 5377 1161 5431 ita
1209 5378 1418 5434 factum
1448 5387 1553 5442 est,
1596 5383 1773 5437 donec
1802 5385 2041 5455 populus
2122 5386 2274 5440 illius
2294 5388 2591 5458 ﬁguratur.
2625 5388 2805 5442 Homo
2831 5388 3023 5458 itaque
3052 5388 3153 5442 ille
3182 5388 3435 5460 perditus
3456 5388 3733 5443 ascendet

440 5472 637 5538 ageret
664 5464 1081 5542 paenitentiam,
1103 5470 1161 5521 et
1179 5467 1386 5523 iterum
1404 5469 1501 5524 ille
1529 5486 1629 5526 sua
1642 5472 1914 5543 petitione
1933 5473 2035 5530 ob-
2118 5473 2188 5530 de
2214 5473 2439 5545 abysso,
2464 5475 2571 5531 hoc
2585 5481 2671 5531 est
2697 5476 2767 5532 de
2818 5475 3183 5532 multitudine
3226 5476 3553 5543 Judaorum
3589 5491 3730 5553 per:
