4048 6172
620 306 761 365 1075

1087 310 1464 367 HAYMONIS
1496 308 1982 368 HALBERSTAT.
2016 309 2240 369 EPISC.
2276 310 2439 369 OPP.
2477 310 2661 368 PARS
2692 309 2737 367 Ι.
2773 340 2836 365 —-
2868 309 3236 369 COMMENT.
3266 310 3443 368 BIBL.

3696 317 3801 374 1076

619 442 876 511 spectent
895 438 1257 494 novissimum
1270 439 1446 495 .Unde
1467 446 1522 493 et
1543 456 1644 510 per
1665 440 1964 513 quemdam
1986 441 2209 514 sapien-
2226 442 2280 502 A
2295 442 2723 503 tum.daemones
2743 457 2843 516 per
2864 440 3011 497 hunc
3029 454 3164 495 aera
3183 436 3802 503 discurrentes,Dominum

621 532 737 581 tem
768 527 971 582 dicitur
1002 542 1013 575 :
1039 530 1284 599 Corpora
1314 544 1506 582 eorum
1538 528 1595 582 in
1633 545 1769 599 pace
1800 530 2018 601 sepulta
2046 535 2201 587 sunt.

621 614 782 671 Tunc
796 615 988 687 itaque
1006 631 1117 672 non
1139 616 1327 671 sinent
1346 632 1439 671 eos
1451 617 1581 687 poni
1603 618 1659 671 in
1686 617 2084 682 monumentis,
2109 618 2212 675 hoc

623 710 728 772 est,
756 721 867 760 non
896 707 1227 778 permittent
1252 723 1348 760 eos
1378 705 1681 781 quiescere,
1716 707 1884 763 veluti
1919 707 2214 780 quiescunt

623 810 860 866 corpora
886 803 1259 859 mortuorum,
1292 795 1391 848 sed
1420 795 1586 851 variis
1630 800 1686 849 et
1713 795 2062 868 inexquisitis
2118 813 2212 851 eos

622 881 952 939 cruciabunt
995 883 1313 938 tormentis.
1347 883 1776 943 Monumentum
1807 882 1978 942 etiam
2009 886 2214 942 dicitur

622 976 688 1026 eo
717 972 867 1045 quod
894 977 1120 1027 moneat
1144 977 1410 1039 mentem,
1439 974 1572 1043 quia
1594 980 1651 1032 et
1672 990 1774 1029 nos
1795 975 1926 1030 dum
1958 976 2213 1031 conside-

623 1076 818 1115 ramus
844 1067 1166 1115 sanctorum
1199 1067 1582 1124 monumenta,
1606 1064 1700 1134 qui
1731 1079 1832 1117 sua
1853 1079 2088 1136 corpora
2115 1081 2214 1139 pro

624 1148 848 1205 Christo
870 1147 1549 1206 tradideruntmonemur
1562 1149 1974 1204 venerationem
1997 1150 2221 1208 illisim-

622 1238 887 1310 pendere.
911 1238 1035 1292 Non
1060 1240 1245 1307 itaque
1266 1238 1453 1291 sinent
1479 1254 1573 1291 eos
1589 1238 1721 1310 poni
1751 1238 1807 1292 in
1832 1245 2215 1306 monumento,

624 1328 732 1381 hoc
760 1331 846 1380 est
875 1343 987 1380 non
1013 1328 1342 1397 permittent
1374 1343 1468 1379 eos
1496 1327 1767 1384 venerari.
1799 1327 1894 1380 sed
1919 1328 2068 1380 velut
2096 1328 2217 1381 irri-

625 1415 783 1469 sione
820 1415 1038 1483 dignos,
1071 1417 1401 1485 permittent
1429 1431 1524 1472 eos
1552 1414 1609 1469 in
1649 1415 1848 1488 plateis
1882 1417 2089 1489 jacere,
2122 1416 2217 1471 ubi

625 1505 993 1557 comedantur
1022 1519 1055 1556 a
1081 1503 1289 1557 bestiis.

699 1592 765 1647 Et
795 1593 1169 1645 inhabitantes
1200 1597 1409 1646 terram
1456 1593 1775 1663 gaudebunt
1806 1610 1969 1662 super
1996 1596 2137 1655 illos,
2173 1600 2221 1648 et

2296 531 2610 587 venientem
2640 530 2709 585 ad
2736 529 3012 603 judicium
3033 543 3162 584 cum
3187 527 3526 587 multitudine
3540 529 3801 601 angelorum

2294 618 2602 679 timebunt.
2643 619 2749 677 Sed
2788 623 2854 677 ut
2881 617 3157 677 Dominus
3183 616 3339 682 dicit,
3367 619 3583 673 virtutes
3604 620 3804 674 culorum

2295 710 2659 765 movebuntur
2684 708 3291 782 (Mattli.xx1v),quanto
3307 702 3479 779 magis
3498 704 3799 762 hominesDe

2296 796 2501 871 quibus
2526 797 2713 853 adhuc
2737 794 2996 853 subditur
3027 813 3038 847 :

2366 886 2431 943 Et
2450 885 2757 941 audierunt
2778 900 2953 941 vocem
2965 899 3230 955 magnam
3242 884 3498 941 dicentem
3523 881 3806 939 illicitum-

2294 976 2405 1031 dite
2425 975 2553 1029 huc.
2575 973 2693 1029 Vox
2721 973 2833 1029 ista
2850 988 2975 1049 qua:
2994 987 3090 1029 eos
3109 976 3265 1026 vocat
3290 975 3357 1027 ut
3374 969 3530 1026 caelos
3550 967 3805 1025 ascendant,

2300 1066 2424 1140 ipsa
2461 1069 2547 1121 est
2572 1065 2644 1121 de
2663 1080 2775 1135 qua
2806 1062 3111 1133 Apostolus
3137 1060 3272 1117 dicit
3301 1077 3313 1115 :
3360 1063 3465 1131 Ipse
3506 1060 3731 1117 Dominus
3765 1059 3808 1113 in

2290 1158 2456 1225 jussu
2473 1159 2521 1208 et
2542 1157 2600 1209 in
2616 1169 2730 1207 race
2753 1152 3101 1221 archangeli,
3119 1156 3165 1205 et
3184 1153 3245 1207 in
3269 1150 3396 1204 tuba
3413 1150 3504 1204 Dei
3522 1147 3749 1202 descendet
3767 1148 3810 1201 de

2302 1246 2426 1298 cato
2451 1244 2498 1310 (Ι
2518 1244 2770 1305 Thcssz)
2803 1240 3101 1297 Ascendite
3127 1238 3352 1310 (inquit)
3370 1238 3494 1298 huc,
3514 1237 3564 1290 id
3581 1241 3813 1297 est,ascen-

2298 1332 2414 1388 dite
2437 1332 2508 1387 ad
2531 1331 2732 1392 Deum,
2753 1335 2811 1385 et
2828 1330 2898 1383 ad
2920 1335 3087 1400 caput
3107 1334 3348 1382 vestrum
3378 1325 3470 1396 qui
3483 1322 3699 1380 membra
3716 1322 3812 1377 estis

2298 1420 2470 1481 illius,
2500 1419 2592 1492 qui
2621 1418 2785 1475 modo
2815 1417 3054 1489 singulis
3090 1416 3410 1470 redditurus
3435 1420 3515 1469 est
3531 1415 3669 1481 juxta
3686 1427 3811 1485 opem

2300 1526 2421 1564 sua.
2438 1509 2683 1581 Ideoque
2713 1506 2885 1560 nolite
2910 1504 3118 1563 morari
3148 1504 3204 1559 in
3238 1509 3410 1563 terra.
3440 1517 3507 1559 ne
3530 1498 3817 1556 involvamini

2306 1604 2361 1657 in
2388 1598 2567 1673 poenis
2588 1597 2938 1653 miserorum.
2969 1595 3033 1651 Ει
3062 1594 3431 1649 ascenderunt
3462 1594 3519 1643 in
3547 1590 3667 1644 nube
3690 1592 3735 1640 in
3751 1603 3817 1641 ca-

614 1680 1053 1749 judicabuntur,
1081 1686 1129 1733 et
1162 1697 1394 1733 munera
1422 1685 1640 1735 mittent
1672 1684 1921 1735 invicem.
1942 1682 2110 1737 Recte
2143 1683 2224 1737 in-
2243 1716 2292 1775 Β
2312 1691 2503 1751 tum,“
2521 1688 2781 1741 viderunt
2800 1677 3681 1750 illos-inimicirorum.Legimusin
3695 1676 3819 1728 Etan-

625 1768 945 1823 habitantes
997 1776 1207 1823 terram
1260 1776 1547 1833 vocantur,
1579 1771 1671 1845 qui
1704 1771 1771 1823 de
1808 1771 2039 1825 interitu
2068 1780 2125 1825 et
2152 1773 2221 1827 de
2243 1762 2627 1849 "gelio,quod
2662 1772 2930 1829 Dominus
2954 1771 3014 1824 in
3061 1769 3209 1828 nube
3237 1775 3501 1825 venturus
3527 1767 3595 1822 sit
3630 1765 3687 1819 ad
3706 1762 3818 1832 judi-

626 1874 763 1912 nece
784 1863 1101 1912 sanctorum
1122 1859 1452 1930 gaudentes,
1478 1867 1722 1914 mentem
1745 1860 1814 1913 ad
1838 1861 2067 1932 praemia
2094 1877 2223 1918 con-

625 1946 837 2004 tuenda
866 1948 1191 2016 electorum,
1216 1950 1300 2004 vel
1317 1949 1387 2001 ad
1409 1965 1509 2003 sua
1529 1948 1936 2004 consideranda
1949 1949 2224 2023 supplicia

625 2039 841 2109 erigere
869 2054 980 2092 non
1011 2043 1304 2091 noverunt.
1341 2037 1503 2091 Tales
1546 2037 1744 2092 ultimo
1789 2044 2040 2110 tempore
2093 2055 2219 2096 cum

628 2126 875 2181 Ecclesia
904 2127 1113 2180 tradita
1141 2125 1311 2181 fuerit
1346 2127 1404 2180 in
1435 2143 1635 2181 manus
1664 2132 2108 2198 persecutorum,
2140 2126 2221 2180 vi-

630 2215 829 2269 dentes
867 2214 1055 2268 Enoch
1109 2219 1166 2268 et
1216 2215 1366 2281 Eliae,
1416 2220 1860 2288 caeterorumque
1909 2224 2223 2288 martyrum

633 2317 869 2372 corpora
892 2301 1171 2373 insepulta
1194 2304 1403 2374 jacere,
1443 2302 1771 2373 gaudebunt
1794 2320 1859 2355 ex
1885 2320 2078 2358 eorum
2118 2304 2225 2359 hu-

633 2390 947 2444 miliatione
967 2394 1025 2449 et
1051 2390 1560 2463 interfectione,qui
1591 2407 1686 2445 eos
1720 2392 1865 2447 male
1888 2393 2135 2447 viventes
2172 2399 2229 2448 et

635 2484 929 2554 peccantes
956 2478 1321 2552 increpabant
1368 2478 1439 2535 Et
1468 2480 1694 2533 mittent
1713 2480 1818 2535 sibi
1839 2479 2074 2536 invicem
2104 2498 2229 2538 mu-

636 2583 794 2631 nera,
827 2568 1047 2640 eulogia
1077 2569 1287 2622 scilicet
1319 2573 1376 2623 et
1404 2566 1598 2622 datum
1632 2570 1963 2641 temporale,
1995 2571 2081 2624 vel
2109 2587 2232 2627 ser-

636 2673 868 2712 monum
886 2657 1723 2730 congratulationem,tanquam
1747 2657 1895 2712 diem
1927 2658 2131 2714 festum
2147 2676 2233 2715 ce-

636 2744 1217 2815 lebrantes.0uoniam
1240 2747 1301 2800 hi
1319 2748 1427 2800 duo
1442 2748 1715 2814 propheta
1735 2750 2124 2803 crucz‘arerunt
2154 2766 2237 2804 eos

640 2838 743 2907 qui
763 2836 1015 2889 habitant
1030 2852 1195 2906 super
1214 2839 1443 2888 terram.
1470 2834 1628 2889 Sicut
1642 2835 2026 2907 supradictum
2048 2851 2152 2902 est,
2175 2837 2233 2893 in

643 2924 1004 2979 devoratione
1035 2925 1246 2979 scilicet
1273 2923 1416 2993 ignis
1432 2923 1762 2995 spiritualis.
1786 2923 1842 2977 in
1870 2925 2235 2999 suspensione

641 3014 844 3089 pluviae
893 3013 1178 3079 salutaris,
1211 3013 1269 3067 in
1315 3013 1675 3067 conversione
1713 3030 1987 3086 aquarum
2016 3013 2075 3069 in
2103 3031 2236 3072 san-

2302 1866 2452 1922 cium
2477 1885 2489 1934 ;
2522 1865 2603 1920 sic
2628 1864 2778 1918 enim
2808 1862 3069 1918 dixerunt
3114 1859 3302 1933 angeli
3333 1862 3500 1915 testes
3524 1856 3655 1913 illius
3676 1868 3819 1910 ascen-

2302 1955 2478 2010 sionis
2497 1956 2625 2012 :llic
2643 1955 2795 2007 Jesus
2812 1954 2910 2024 qui
2928 1953 3245 2019 assumptus
3263 1953 3341 2003 est
3361 1962 3397 2003 α
3424 1947 3557 2001 vobis
3588 1948 3640 1999 in
3660 1944 3815 1999 artum,

2303 2048 2381 2100 sic
2404 2046 2581 2098 veniet
2607 2039 3069 2113 quemadmodum
3088 2038 3304 2091 vidistis
3330 2051 3453 2089 eum
3481 2030 3816 2088 ascendentem.

2304 2133 2360 2191 id
2391 2139 2494 2195 est,
2528 2130 2724 2187 eadem
2755 2144 2925 2185 carne
2974 2132 3034 2180 et
3077 2124 3226 2181 nube
3269 2126 3404 2183 tAct.
3450 2124 3512 2191 ι).
3558 2121 3689 2177 Sicut
3724 2132 3821 2185 ergo

2307 2222 2565 2279 Christus
2619 2223 2890 2274 venturus
2944 2221 3029 2270 est
3081 2213 3140 2271 in
3202 2212 3371 2278 nube,
3436 2212 3513 2268 ita
3576 2222 3626 2265 et
3676 2221 3821 2261 omnes

2306 2309 2506 2367 sancti.
2534 2307 2699 2366 Unde
2727 2305 2850 2377 ipse
2872 2303 3008 2357 dicit
3038 2316 3053 2352 :
3090 2303 3238 2359 Tunc
3266 2301 3519 2355 videbunt
3547 2298 3718 2352 Filium
3753 2294 3822 2347 hu-

2310 2400 2483 2455 mim‘s
2497 2399 2803 2453 venientem
2832 2396 2897 2446 in
2914 2391 3150 2445 nubibus
3170 2407 3293 2443 cuni
3327 2392 3590 2463 potestate
3615 2386 3822 2452 magnae:

2312 2490 2593 2557 majestate
2643 2483 2860 2555 (Matth.
2899 2490 3060 2545 κων).
3099 2478 3259 2537 Unde
3313 2485 3371 2532 et
3397 2474 3670 2547 Apostolus
3692 2470 3821 2527 dicit:

2313 2577 2418 2633 Nos
2448 2579 2633 2631 autem
2663 2574 2763 2644 qui
2788 2572 3027 2623 vivimus
3056 2571 3351 2639 rapientur
3378 2582 3499 2623 cum
3523 2566 3625 2619 illis
3662 2564 3710 2615 in
3747 2574 3825 2615 nu-

2325 2665 2479 2719 bibus
2531 2663 2747 2717 obviam
2778 2660 3001 2715 Christo
3030 2659 3095 2710 in
3123 2672 3279 2722 aera,
3330 2660 3377 2709 ct
3415 2658 3490 2711 sic
3523 2665 3702 2719 semper
3738 2662 3827 2701 cum

2319 2754 2552 2809 Domino
2582 2752 2790 2803 erimus
2822 2748 2878 2813 (Ι
2918 2747 3092 2802 Thess.
3141 2761 3237 2810 ιγ),
3287 2760 3402 2801 non
3441 2743 3497 2799 in
3541 2735 3830 2803 aere,sedin

2318 2840 2471 2896 caelo.
2501 2838 2660 2903 Quod
2686 2837 2734 2893 si
2765 2836 2909 2908 quis,
2942 2835 3087 2892 hanc
3117 2832 3276 2889 Pauli
3303 2830 3621 2889 sententiam
3648 2828 3830 2884 intuens.

2318 2928 2553 3001 inquirit
2583 2926 2822 2997 qualiter
2841 2923 3122 2993 generalis
3142 2922 3327 2993 primo
3357 2920 3559 2976 homini
3578 2918 3709 2975 illata
3730 2927 3835 2967 com—

2320 3013 2854 3089 pleatursententia.
2877 3029 2987 3085 qua
3017 3012 3100 3067 illi
3128 3011 3267 3065 dixit
3293 3012 3479 3068 Deus:
3510 3010 3657 3065 Terra
3674 3021 3715 3061 es
3738 3008 3773 3055 et
3793 3002 3833 3089 in

644 3087 895 3176 guinem.
929 3103 1083 3158 Licet
1111 3119 1247 3174 ergo
1276 3107 1394 3157 toto
1442 3120 1592 3159 nunc
1645 3113 1899 3173 tempore
1953 3087 2532 3184 gaudeantcterram
2576 3105 2701 3170 ibis,
2752 3102 2895 3159 seire
2939 3100 3104 3158 debet
3134 3116 3325 3156 veram
3370 3100 3468 3155 Dei
3494 3112 3622 3161 esse,
3653 3099 3700 3184 et
3721 3087 3836 3146 Pauli

648 3192 809 3264 impii
861 3192 931 3244 de
968 3191 1331 3245 tribulatione
1387 3196 1443 3245 et
1498 3190 1887 3246 humiliatione
1937 3192 2241 3265 justorum,

650 3278 907 3332 laetantes
951 3295 1076 3332 cum
1121 3279 1522 3339 malefecerint.
1543 3287 1599 3334 et
1623 3281 1966 3349 exsultantes
1992 3280 2050 3338 in
2081 3281 2247 3337 rebus

653 3366 935 3439 pessimis,
951 3372 1140 3420 tamen
1154 3367 1272 3439 jam
1294 3372 1426 3420 tunc
1452 3367 1621 3438 longa
1648 3368 1753 3423 erit
1777 3375 1833 3423 et
1853 3371 2035 3438 major
2050 3369 2247 3425 talium

655 3455 954 3512 exsultatio
970 3456 1038 3510 de
1073 3456 1375 3510 afﬂictione
1404 3457 1484 3509 vel
1526 3464 1703 3512 morte
1729 3458 2029 3527 justorum,
2060 3475 2124 3514 ac
2149 3475 2250 3514 sua

656 3545 1006 3600 crudelitate.
1031 3545 1137 3600 Sed
1162 3562 1285 3600 cum
1308 3546 1552 3601 dixerint
1579 3563 1691 3615 pax
1719 3552 1765 3600 et
1800 3551 2086 3608 securitas,
2116 3553 2251 3605 tunc

657 3635 984 3705 repentinus
1001 3637 1082 3689 eis
1096 3634 1452 3706 superveniet
1465 3635 1913 3691 interitus.Unde
1930 3635 2018 3689 hic
2030 3652 2252 3710 quoque

657 3730 787 3796 apte
818 3723 1163 3779 subinfertur
1199 3742 1211 3777 :

2327 3193 2687 3256 sententiam,
2719 3191 2852 3263 quia
2906 3196 2964 3247 et
3018 3190 3123 3247 vivi
3168 3190 3520 3259 reperientur
3547 3182 3837 3241 homines,ex

2331 3299 2569 3354 quorum
2603 3296 2840 3352 persona
2870 3280 2973 3337 hoc
3004 3278 3308 3348 Apostolus
3338 3276 3604 3347 loquitur;
3629 3278 3676 3326 et
3701 3276 3839 3323 tamen

2332 3372 2474 3428 scire
2502 3368 2668 3425 debet
2689 3374 2752 3423 ut
2778 3367 2977 3423 beatus
2990 3365 3343 3437 Augustinus
3362 3365 3511 3431 dicit,
3535 3363 3586 3418 in
3604 3361 3703 3430 ipso
3721 3358 3838 3425 raptu

2332 3460 2588 3521 nubium,
2634 3457 2738 3512 etsi
2795 3461 3269 3517 momentaneam,
3302 3460 3535 3510 mortem
3563 3461 3720 3505 tamen
3759 3456 3835 3515 gu-

2333 3547 2580 3605 stabunt.
2616 3548 2679 3602 In
2708 3553 2918 3601 terram
2949 3561 3082 3614 ergo
3131 3549 3507 3607 revertentur,
3536 3538 3650 3609 quia
3682 3534 3762 3589 hoc
3781 3534 3841 3583 est

2332 3653 2535 3707 corpus
2591 3635 2645 3688 in
2676 3640 2885 3688 terram
2938 3634 3160 3696 reverti,
3192 3632 3345 3701 quod
3376 3637 3459 3684 est
3486 3631 3691 3686 exeunte
3706 3620 3843 3711 euiluit

2340 3741 2633 3783 remanere
2642 3722 3020 3794 corpus,quod
3039 3722 3234 3792 utique
3257 3728 3414 3776 terra
3428 3718 3698 3788 estneque
3715 3718 3843 3794 suum

736 3814 800 3869 Et
821 3818 939 3882 post
968 3818 1075 3866 tres
1102 3814 1216 3867 dies
1244 3818 1293 3867 et
1332 3814 1658 3869 dimidium.
1713 3814 1777 3871 Id
1832 3820 1917 3871 est
1965 3814 2257 3871 interitum
2339 3814 2735 3887 dicimus,quia
2763 3813 2819 3868 in
2851 3816 3134 3868 momento
3156 3816 3215 3864 et
3240 3809 3299 3863 in
3350 3809 3465 3864 ictu
3509 3803 3657 3865 oculi,
3682 3800 3726 3853 in
3749 3796 3845 3867 ipsis

662 3900 1021 3974 repentinum
1046 3918 1216 3974 super
1242 3918 1337 3957 eos
1362 3902 1572 3965 venire,
1615 3902 1712 3973 qui
1734 3903 1928 3959 dicunt
1953 3920 2059 3976 pax
2089 3909 2147 3959 et
2175 3919 2259 3959 se-
2344 3903 2604 3961 nubibus.
2634 3902 2906 3973 Spiritum
2928 3900 3053 3955 vitae
3072 3897 3349 3971 accipient
3383 3897 3459 3958 hi,
3484 3894 3571 3971 qui
3596 3893 3644 3948 in
3668 3887 3843 3976 πάππῳ

664 3987 896 4057 caritas,
922 3996 981 4044 et
1005 3995 1139 4044 tunc
1165 3991 1438 4057 dolorem,
1470 4007 1596 4046 cum
1627 3991 1821 4047 dicunt
1845 3974 2115 4062 gaudium
2139 3997 2264 4069 post
2344 3992 2568 4052 Domini
2600 3991 2704 4049 vivi
2726 3988 3097 4061 reperientur,
3116 3987 3175 4041 in
3195 3987 3420 4057 quibus,
3449 3983 3699 4069 utdictuui
3715 3978 3791 4031 est.
3807 3974 3845 4023 et

667 4078 1039 4151 quadraginta
1084 4078 1293 4134 scilicet
1317 4079 1563 4151 quinque
1587 4080 1727 4143 dies,
1778 4080 1875 4153 qui
1919 4081 1977 4135 in
2016 4066 2263 4137 Danielis
2345 4086 2797 4137 momentaneam
2820 4075 3402 4146 mortemgustabunt.
3436 4071 3590 4143 Impii
3616 4066 3847 4153 quipltcl‘e'

667 4147 813 4222 libro
839 4147 904 4221 et
925 4167 1081 4223 Isaiae
1110 4147 1642 4223 commemorantur.
1678 4147 1927 4237 Spiritus
1953 4172 2075 4224 vita:
2102 4186 2137 4225 a
2158 4171 2262 4225 Deo
2314 4194 2317 4197 η
2348 4169 2656 4226 manebunt
2679 4168 2735 4224 in
2767 4174 2919 4220 terra
2958 4165 3084 4227 hac,
3115 4164 3278 4218 electi
3307 4161 3655 4221 elevabuntur
3685 4151 3740 4206 ad
3759 4147 3846 4221 810·

674 4257 911 4310 intrabit
957 4260 1021 4311 in
1048 4273 1148 4310 eos.
1194 4257 1321 4311 Non
1360 4263 1550 4311 tamen
1580 4258 1798 4313 alienus
1826 4257 2056 4329 spiritus
2084 4259 2266 4329 ingre-
2349 4259 2514 4317 riam,
2562 4258 2621 4313 in
2676 4272 2789 4327 qua
2827 4262 2885 4309 et
2914 4254 3149 4310 inimici
3175 4253 3404 4309 illorum
3436 4266 3528 4306 eos
3561 4244 3791 4301 videbunt.
3813 4238 3851 4285 εὶ

676 4342 863 4397 dietur
890 4343 946 4399 in
978 4361 1092 4406 eos.
1111 4345 1209 4399 sed
1238 4346 1622 4417 unusquisque
1643 4347 1809 4401 homo
1833 4363 1993 4402 suam
2022 4347 2268 4402 animam
2288 4403 2331 4417 “
2351 4347 2599 4403 sentient
2622 4346 2840 4417 judices
2861 4344 3032 4415 juste,
3057 4357 3198 4413 quos
3216 4339 3603 4412 iudicaverunt
3619 4339 3668 4390 et
3682 4330 3852 4385 damn?

675 4432 931 4502 recipiet.
956 4433 1019 4487 Et
1040 4403 1325 4488 steterunt.
1347 4403 1452 4488 Pro
1473 4403 1549 4488 eo.
1569 4435 1717 4507 quod
1744 4440 1829 4490 est
1856 4435 2105 4501 stabunt,
2139 4436 2271 4506 quia
2288 4403 2336 4460 θ
2355 4442 2553 4491 verunt
2579 4403 2807 4505 irijuste.

678 4522 1026 4593 prmteritum
1047 4525 1269 4593 tempus
1288 4527 1375 4576 est
1393 4502 1638 4593 positum
1660 4524 1751 4578 hic
1764 4540 1864 4595 pro
1884 4502 2275 4593 futuro.Super
2427 4526 2493 4583 Et
2511 4527 2570 4577 in
2587 4502 2690 4579 illa
2713 4524 2849 4579 hora
2869 4522 3049 4592 factus
3067 4524 3141 4575 est
3160 4522 3503 4575 terminatus
3518 4521 3735 4581 magnus.
3759 4502 3855 4555 Cum

671 4612 832 4682 pedes
869 4626 1011 4665 suos.
1060 4610 1346 4675 Quantum
1375 4620 1563 4667 autem
1596 4612 1669 4667 sit
1699 4613 1802 4667 hoc
1847 4612 2117 4675 futurum,
2154 4619 2278 4686 post
2356 4616 2682 4687 loqueretur
2709 4611 2777 4665 de
2805 4610 2925 4682 ipso
2946 4608 3177 4680 judicio,
3212 4614 3446 4678 repente
3474 4602 3616 4661 venit
3630 4597 3687 4655 ad

682 4679 810 4757 illos
840 4701 1213 4777 quadraginta
1244 4701 1493 4773 quinque
1548 4701 1665 4754 dies
1720 4701 1873 4755 solus
1911 4701 2058 4757 Deus
2101 4679 2271 4757 novit.
2359 4679 2490 4761 ante
2516 4702 2709 4758 futura
2728 4679 2892 4767 sunt;
2924 4679 2981 4752 id
3005 4704 3091 4753 est
3110 4696 3180 4751 ad
3197 4697 3632 4769 persecutionem
3650 4679 3857 4742 Autichﬂ‘

683 4790 835 4845 Bene
862 4776 993 4844 vero
1015 4794 1167 4844 stare
1184 4790 1447 4845 dicuntur
1468 4789 1665 4853 sancti,
1683 4790 1813 4862 quia
1831 4790 2045 4845 scilicet
2058 4791 2173 4859 jam
2198 4791 2278 4846 in-
2359 4792 2450 4851 sti,
2470 4791 2539 4846 de
2570 4806 2681 4861 quo
2712 4788 2876 4859 paulo
2906 4792 3037 4844 ante
3062 4786 3271 4841 fecerat
3304 4776 3857 4869 sermonemﬁpsfmflfi

684 4877 1112 4947 commutabiles
1132 4885 1299 4934 erunt
1326 4880 1384 4934 in
1422 4884 1629 4942 mente,
1662 4853 1720 4934 et
1743 4853 2194 4950 incorruptibiles
2220 4878 2279 4933 in
2362 4885 2517 4934 vocat
2533 4853 2729 4933 horam
2762 4892 2929 4948 quam
2960 4882 3089 4930 ante
3111 4874 3166 4930 in
3202 4872 3383 4930 tribus
3411 4870 3598 4929 diebus
3623 4872 3671 4920 et
3693 4853 3859 4950 dili0

685 4982 935 5038 corpore.
961 4946 1028 5022 Et
1055 4972 1221 5024 timor
1238 4985 1475 5036 magnus
1509 4970 1718 5028 cecidit.
1745 4967 1799 5022 id
1830 4973 1916 5023 est
1936 4946 2096 5022 cadet
2115 4985 2279 5038 super
2360 4970 2729 5037 expresserat.
2744 4946 2888 5028 Quid
2909 4967 3099 5017 autem
3115 4960 3339 5022 mirum,
3356 4958 3403 5017 si
3420 4957 3603 5017 eadem
3631 4946 3861 5025 Ρθτεθουίιθ

688 5070 772 5111 eos
795 5059 894 5126 qui
920 5058 1180 5112 viderunt
1216 5073 1320 5111 eos.
1354 5058 1462 5112 Pro
1492 5074 1557 5112 eo
1589 5059 1731 5131 quod
1766 5063 1851 5113 est
1886 5057 2174 5123 videbunt,
2222 5057 2279 5114 id
2360 5071 2476 5111 una
2526 5055 2664 5110 hora
2694 5058 2939 5119 vocetur,
2972 5066 3099 5107 cum
3130 5064 3294 5105 omne
3320 5062 3564 5123 praesens
3590 5039 3863 5132 ίέωρίξξξηξθ

2365 5146 2505 5200 hora
2520 5142 2850 5216 appelletur,
2875 5116 3039 5212 juxta
3068 5137 3213 5213 quod
3246 5116 3489 5195 Joannes
3528 5130 3650 5190 dicit
3675 5145 3686 5181 :
3716 5116 3861 5216 filioli,

2368 5212 2664 5288 novissima
2705 5233 2841 5285 hora
2870 5234 2943 5285 est
2968 5230 3024 5299 (Ι
3043 5212 3205 5284 Joan.
3236 5238 3314 5288 ιιι.
3358 5224 3703 5281 Terraemotus
3731 5212 3864 5299 ἰαιφξε

2366 5321 2647 5393 signiﬁcat
2686 5320 2841 5375 illam
2883 5288 3328 5390 persecutionem
3361 5288 3864 5393 i'alidissimlmi_‘fl‘d°

2368 5385 2511 5466 bene
2541 5385 2902 5465 terrmmotus
2946 5420 3060 5459 non
3088 5402 3420 5477 simpliciter
3446 5400 3539 5459 sed
3568 5411 3681 5450 cum
3713 5385 3866 5477 addite-

2370 5506 2559 5555 mento
2613 5513 2850 5569 magnus
2878 5500 3128 5557 vocatur,
3166 5474 3299 5566 quia
3326 5500 3458 5549 tunc
3507 5482 3759 5571 tribulatie
3780 5474 3863 5571 cf“:

2370 5594 2434 5643 ut
2458 5562 2738 5644 Dominus
2749 5587 2849 5654 ait,
2877 5582 3058 5656 qualis
3080 5562 3201 5637 non
3222 5582 3346 5644 fuit,
3378 5593 3553 5650 neque
3583 5574 3683 5628 ﬁet.
3709 5565 3814 5622 Hinc
3833 5562 3869 5606 ει

691 5148 778 5199 est
832 5161 1002 5217 super
1046 5162 1240 5201 omnes
1286 5146 1552 5218 reprobos
1585 5148 1679 5219 qui
1722 5147 2125 5203 interfecerunt
2151 5163 2272 5203 eos.

690 5232 778 5289 Ibi
802 5234 1010 5307 quippe
1039 5240 1437 5305 recognoscent
1456 5236 1620 5291 eosin
1637 5236 1983 5309 gloria,quos
2009 5235 2285 5306 persecuti

694 5326 829 5378 sunt
855 5322 914 5377 in
941 5323 1203 5393 praesenti
1232 5322 1365 5377 vita.
1390 5328 1445 5377 et
1473 5323 1755 5379 timebunt
1773 5324 1908 5379 dum
1938 5323 2176 5378 viderint
2191 5339 2286 5379 eos

692 5410 1054 5484 gloriﬁcatos,
1070 5416 1451 5482 exspectantes
1462 5413 1797 5467 sententiam
1815 5411 2016 5469 divinae
2035 5411 2283 5469 ultionis.

695 5499 800 5554 Vel
824 5500 997 5556 etiam
1028 5500 1135 5571 ipsi
1161 5499 1341 5556 sancti
1362 5517 1489 5556 cum
1521 5501 1761 5556 viderint
1779 5518 1838 5557 se
1855 5501 2087 5557 invicem
2117 5501 2284 5571 glori-

697 5590 911 5657 ﬁcatos,
943 5593 1001 5644 et
1026 5588 1264 5643 viderint
1317 5590 1517 5660 caelum
1549 5590 1766 5654 ardere,
1799 5589 2082 5646 infernum
2129 5604 2291 5662 aper-
