4048 6172
437 164 576 227 1075)
884 106 1261 218 HhYbeNIS
1304 160 1791 237 HALBERSTAT.
1827 157 2050 214 EPISC.
2090 157 2246 211 OPP.
2273 155 2457 213 PARS
2485 155 2531 212 I.
2565 186 2628 196 —
2661 150 3037 209 COMMENT.
3073 145 3264 207 BIBL.
3558 140 3699 200 ιοθο

440 303 588 353 mus,
616 293 675 342 et
716 286 843 342 ideo
878 303 1004 342 cum
1035 286 1307 341 Dominus
1335 285 1645 339 mercedem
1676 285 1880 347 reddit,
1922 284 2089 341 suaA
2112 288 2247 336 rant
2264 285 2501 349 gloriam
2526 283 2638 335 Dei.
2660 280 2726 333 Et
2754 282 2872 332 visa
2891 282 2967 332 est
2994 292 3127 331 arca
3149 276 3460 329 testamenti
3484 277 3548 328 in
3572 279 3700 327 tem-

441 374 563 445 ipse
587 376 732 430 dona
752 376 809 429 in
830 376 1021 429 electis
1042 379 1383 429 remunerat.
1409 373 1523 427 Sub
1542 375 1647 427 hac
1666 372 2033 443 intelligentia
2106 373 2201 437 plo
2229 375 2363 438 ejus.
2388 369 2548 434 Quod
2577 368 2925 437 signiﬁcatur
2952 382 3052 436 per
3074 366 3367 434 templum,
3395 363 3503 416 hoc
3522 368 3581 415 et
3604 377 3704 432 per

443 462 693 535 quotidie
722 463 997 517 dicimus:
1031 466 1235 517 Panem
1263 468 1511 515 nostrum
1541 463 1931 529 quotidianum
1960 462 2031 513 da
2113 474 2321 523 arcam,
2352 459 2409 512 id
2430 464 2514 512 est
2532 463 2852 511 sanctorum
2886 455 3147 522 Ecclesia,
3183 469 3361 523 genus
3397 458 3487 506 est
3530 452 3586 505 in
3606 468 3705 522 ge-

444 552 600 605 nobis
627 550 781 603 hodie
810 551 1028 617 (Matth.
1055 554 1130 615 vi;
1163 550 1210 603 si
1239 555 1493 614 nostrum
1524 555 1627 609 est,
1650 566 1751 603 cur
1778 555 1843 602 ut
1868 548 2036 602 detur
2115 564 2269 609 nere,
2292 548 2434 601 sicut
2454 553 2579 601 octo
2607 546 2809 599 anima:
2835 545 2892 598 in
2924 560 3070 597 arca.
3095 544 3230 607 Quae
3266 547 3566 611 propterea
3580 557 3708 594 arca

444 638 727 709 petimus?
751 638 856 693 Sed
880 639 941 691 fit
970 644 1223 692 nostrum
1253 638 1574 707 accipiendo
1601 637 1746 707 quod
1774 653 1884 690 non
1915 642 2038 689 erat

2114 634 2439 688 testamenti
2477 639 2723 697 vocatur,
2765 632 2894 702 quia
2925 632 3165 684 duorum
3216 630 3709 683 Testamentorum
3794 672 3810 687 ,

442 725 720 779 habendo.
744 725 1030 789 Qumritur
1049 731 1259 781 autem.
1282 741 1400 788 cur,
1424 724 1730 778 nominatis
1750 723 2037 794 prOphetis

447 819 506 867 et
527 813 744 868 caeteris
771 813 999 877 sanctis,
1033 812 1269 883 apostoli
1301 818 1434 865 sunt
1460 812 1683 865 relicti?
1713 812 1823 866 Sed
1854 811 2035 864 scien-

446 901 601 961 dum,
626 902 759 971 quia
776 902 836 955 in
862 902 1146 971 prophetis
1172 900 1247 953 ibi
1273 905 1405 954 sunt
1426 900 1811 971 comprehensi
1834 905 1891 953 et
1908 915 2038 969 apo-

446 987 603 1049 stoli,‘
626 987 723 1057 qui
752 993 1036 1057 propheta;
1067 994 1216 1049 sunt,
1250 986 1383 1057 quia
1411 992 1644 1040 ventura
1672 986 2036 1054 reproborum

446 1075 738 1145 supplicia,
780 1080 839 1128 et
882 1080 1201 1129 sanctorum
1252 1074 1481 1144 praemia
1514 1074 1913 1145 praenuntiant.
1957 1074 2036 1128 De

448 1161 651 1231 quibus
689 1162 813 1232 ipse
847 1162 1119 1215 Dominus
1157 1162 1238 1214 ait
1278 1180 1288 1213 :
1339 1162 1468 1215 Ecce
1513 1175 1605 1227 ego
1641 1164 1803 1214 mitto
1839 1162 1912 1213 ad
1947 1177 2036 1214 vos

445 1250 755 1317 prophetas.
780 1249 849 1303 Et
873 1248 979 1318 ipsi
998 1249 1198 1302 Joanni
1217 1248 1426 1302 dictum
1450 1254 1568 1301 est:
1598 1248 1809 1316 Oportet
1842 1253 1887 1300 te
1913 1265 2040 1316 pro-

448 1338 677 1407 phetare
693 1342 740 1389 et
756 1339 1057 1404 pradicare
1069 1340 1337 1403 gentibus.
1349 1338 1416 1390 Et
1430 1336 1560 1406 quia
1571 1353 1681 1390 non
1698 1353 1893 1391 omnes
1908 1343 2042 1391 sunt

2116 722 2287 776 habet
2312 721 2707 791 cognitionem,
2759 737 2870 773 non
2908 719 2966 773 in
2995 718 3200 772 tabulis
3236 717 3491 787 lapideis,
3525 716 3622 769 sed
3655 716 3711 769 in

2116 809 2325 864 tabulis
2350 810 2534 863 cordis
2564 808 2907 872 carnalibus;
2939 806 3017 860 ibi
3047 810 3133 860 est
3155 821 3296 859 urna
3320 805 3537 858 habens
3559 820 3717 857 man-

2118 914 2209 960 na,
2232 898 2286 951 id
2318 901 2401 951 est
2425 913 2626 967 corpus
2653 896 2880 958 Christi,
2905 895 2959 949 in
2991 911 3102 964 quo
3130 910 3293 947 verus
3317 900 3401 947 est
3432 892 3598 963 panis
3619 892 3715 961 qui

2120 985 2188 1038 de
2215 986 2354 1039 cmlo
2385 984 2700 1042 descendit:
2743 984 2820 1037 ibi
2856 989 2942 1037 est
2976 983 3133 1052 virga
3161 986 3367 1044 Aaron,
3409 998 3513 1051 per
3541 996 3714 1050 quam

2118 1074 2489 1127 sacerdotium
2524 1073 2870 1142 designatur,
2904 1070 3037 1142 quia
3069 1076 3127 1124 et
3168 1070 3306 1123 illud
3332 1068 3714 1123 sacerdotium

2118 1161 2175 1214 in
2196 1163 2379 1231 figura
2406 1161 2709 1231 praecessit.
2744 1158 3106 1229 Significabat
3133 1158 3283 1210 enim
3314 1157 3504 1225 regale
3531 1170 3717 1207 sacer-

2120 1249 2357 1311 dotium,
2404 1248 2551 1319 quod
2605 1248 2793 1318 agitur
2829 1263 2977 1300 nunc
3013 1246 3071 1299 in
3110 1244 3371 1298 Ecclesia.
3412 1243 3544 1297 Haec
3582 1256 3715 1293 arca

2122 1342 2364 1404 quatuor
2388 1336 2715 1405 portabatur
2735 1334 2975 1392 circulis,
2999 1332 3130 1403 quia
3150 1336 3391 1401 quatuor
3413 1331 3719 1383 instruitur

452 1425 737 1493 prophetae
750 1425 845 1494 qui
863 1430 995 1478 sunt
1008 1424 1723 1488 sancti,remunerabuntur
1735 1426 2037 1495 praphetm,
2124 1424 2458 1494 Evangeliis.
2493 1424 2700 1493 Aperto
2733 1438 2865 1491 ergo
2890 1421 3121 1492 templo,
3146 1421 3264 1473 visa
3288 1424 3376 1473 est
3401 1434 3553 1480 arca,
3587 1418 3721 1487 quia

450 1510 967 1564 remunerabuntur
992 1517 1050 1564 et
1073 1510 1186 1565 isti.
1209 1512 1273 1564 Et
1306 1514 1623 1565 timentibus
1649 1528 1847 1565 nomen
1882 1518 2037 1565 tuum
2124 1529 2190 1565 eo
2247 1513 2520 1566 moriente
2574 1511 2708 1565 dum
2760 1511 2909 1564 latus
2967 1511 3090 1579 ejus
3141 1498 3338 1562 lancea
3376 1510 3717 1578 perforatur,

445 1600 672 1665 pusillis
692 1604 741 1651 et
760 1602 979 1665 magnis
1020 1599 1303 1652 Timentes
1323 1614 1544 1668 quoque
1566 1615 1767 1652 nomen
1789 1599 1958 1659 illius,
1986 1599 2040 1653 id
2058 1585 2104 1642 Β
2124 1601 2392 1671 mysterio
2421 1599 2710 1670 sanguinis
2750 1605 2808 1652 et
2844 1614 2991 1669 aqua
3024 1597 3265 1651 Ecclesia
3299 1595 3714 1651 aedificabatur.

454 1690 540 1738 est
568 1686 935 1739 reverentiam
964 1686 1231 1739 habentes
1260 1686 1505 1739 nominis
1529 1688 1666 1755 ejus,
1693 1693 1751 1740 et
1775 1687 1900 1740 ideo
1920 1704 2042 1758 pec-
2124 1688 2188 1743 In
2238 1691 2398 1758 cujus
2426 1690 2507 1741 rei
2548 1690 2746 1758 figura,
2781 1688 2838 1741 in
2884 1686 3154 1756 principio
3195 1684 3398 1737 mulier
3432 1684 3504 1737 de
3543 1683 3725 1736 latere

452 1787 579 1826 care
595 1772 878 1835 timentes,
893 1789 1017 1826 cum
1040 1773 1257 1843 pusillis
1273 1781 1329 1826 et
1346 1773 1565 1842 magnis
1581 1775 1891 1828 mercedem
1909 1776 2043 1828 rcci-
2123 1778 2226 1830 viri
2253 1777 2583 1830 dormientis
2621 1776 2890 1830 fabricata
2920 1791 3040 1828 esse
3068 1773 3423 1832 describitur.
3454 1773 3525 1827 Et
3570 1772 3725 1838 facta

450 1860 626 1929 piem.
663 1860 847 1930 Magni
880 1861 1086 1931 quippe
1115 1868 1264 1926 sunt,
1294 1861 1391 1930 qui
1426 1863 1627 1915 bonum
1658 1863 1805 1932 quod
1836 1863 2043 1917 intelli-

450 1955 611 2018 gunt,
631 1950 863 2018 juvante
885 1966 946 2002 se
965 1949 1151 2002 divina
1170 1950 1353 2017 gratia
1373 1950 1553 2003 facere
1573 1957 1824 2021 possunt.
1850 1952 2044 2005 Pusilli

450 2043 661 2103 autem,
691 2038 785 2108 qui
815 2054 927 2091 non
949 2054 1015 2091 ea
1043 2045 1275 2108 possunt
1296 2039 1527 2108 implere
1549 2056 1671 2109 quae
1701 2040 2041 2108 intelligunt,

451 2125 586 2196 quia
613 2141 713 2179 nec
738 2126 918 2179 locum
944 2126 1167 2179 habent.
1186 2127 1341 2180 Sicut
1365 2128 1601 2197 quilibet
1627 2129 1685 2181 in
1709 2129 2045 2201 monasterio

450 2214 806 2276 constitutus,
825 2214 1263 2268 misericordiam
1281 2216 1398 2269 vult
1414 2217 1739 2287 impendere
1761 2218 2042 2284 fratribus,

450 2303 572 2356 vult
596 2302 767 2355 etiam
790 2302 914 2355 aliis
934 2319 1248 2357 sermonem
1279 2305 1686 2373 praedicationis
1708 2311 1763 2359 et
1782 2306 2047 2360 doctrina:

450 2389 797 2461 impendere,
830 2390 929 2444 sed
960 2391 1093 2461 quia
1122 2391 1188 2444 ad
1218 2392 1322 2444 hoc
1346 2408 1459 2445 non
1489 2399 1734 2456 vocatur,
1764 2410 1874 2447 non
1908 2394 2046 2447 illud

452 2478 601 2548 quod
623 2478 905 2548 intelligit.
925 2485 982 2531 et
1001 2480 1135 2536 vult.
1153 2496 1320 2549 opere
1342 2483 1608 2550 perlicere
1625 2482 1786 2535 valet.
1802 2481 2048 2551 Ideoque

453 2567 595 2621 tales
614 2566 668 2620 in
688 2583 921 2620 numero
938 2566 1307 2637 perfectorum
1322 2568 1618 2622 habentur.
1639 2569 1801 2639 ldeoq
1813 2586 1878 2623 ue
1895 2570 2049 2623 nulla

453 2654 729 2726 subripiet
755 2656 825 2710 de
844 2656 1265 2725 imperfectione
1285 2657 1620 2727 desperatio.
1650 2658 1779 2711 licet
1799 2675 1909 2711 non
1934 2659 2050 2712 fue-

451 2742 529 2796 rit
577 2742 838 2797 omnibus
890 2744 1163 2797 attributa
1201 2745 1486 2814 perfectio.
1530 2746 1674 2799 Hinc
1711 2747 1955 2800 Ecclesia
1990 2747 2047 2800 in

453 2921 688 2986 effusum
720 2936 918 2973 nomen
950 2926 1130 2983 tuum,
1157 2921 1270 2973 ideo
1299 2922 1708 2975 adulescentula:
1735 2926 2048 2977 dilexerunt

456 3012 506 3060 te
532 3010 705 3061 nimis
728 3008 907 3076 (Cant.
924 3012 982 3075 ι).
1008 3008 1077 3061 Et
1100 3006 1230 3077 quia
1255 3008 1451 3061 talium
1472 3008 1885 3064 innumerosior
1904 3027 2054 3064 sum-

456 3111 550 3148 ma
579 3095 881 3165 invenitur,
901 3096 1027 3149 ideo
1056 3096 1111 3149 in
1138 3094 1605 3167 subsequentibus
1632 3100 1896 3153 Salomon
1926 3100 2006 3153 ait
2035 3118 2053 3151 :-

455 3183 1003 3235 Adolescentularum
1032 3190 1217 3235 autem
1246 3200 1492 3251 quarum
1532 3202 1642 3239 non
1672 3192 1745 3239 est
1786 3203 2052 3240 numerus

460 3271 642 3337 (Cant.
675 3277 769 3334 iv).
791 3270 855 3323 Et
884 3269 1300 3323 exteriitinandi
1325 3288 1407 3323 eos
1431 3275 1531 3338 qui
1557 3278 1926 3341 corruperunt
1950 3280 2053 3327 ter-

458 3372 608 3421 ram,
648 3355 915 3410 subaudis
960 3362 1183 3426 tempus
1228 3357 1471 3411 advenit.
1515 3360 1621 3422 Qui
1669 3361 1817 3414 enim
1857 3378 2052 3415 corru-

459 3452 666 3515 perunt
705 3450 936 3510 terram,
965 3445 1019 3498 id
1059 3453 1144 3499 est
1175 3463 1400 3501 carnem
1432 3465 1590 3501 suam
1634 3451 2055 3505 maculaverunt

458 3532 694 3586 diversis
721 3532 870 3586 vitiis
899 3539 957 3587 et
983 3534 1242 3604 peccatis,
1287 3535 1370 3589 vel
1418 3536 1511 3605 qui
1560 3536 1699 3590 alios
1739 3539 2053 3591 maculave-

459 3628 595 3676 runt
621 3622 876 3692 exemplo
906 3627 964 3676 et
998 3622 1255 3676 doctrina
1284 3640 1474 3693 prava,
1509 3626 2051 3693 extet-minabantur,

458 3709 518 3764 id
547 3715 634 3763 est
661 3727 695 3764 a
722 3716 876 3764 terra
906 3710 1205 3765 viventium
1236 3712 1668 3782 separabuntur,
1697 3720 1751 3767 et
1777 3714 1847 3767 ab
1876 3716 2053 3768 haere-

460 3798 635 3853 ditate
665 3804 1007 3864 sanctorum,
1033 3799 1226 3852 exsilio
1244 3807 1466 3854 aeterna.-
1494 3800 1872 3855 damnationis
1900 3803 2055 3857 dam-

460 3887 601 3943 nati.

530 3976 598 4029 Et
635 3981 889 4044 apertum
926 3980 1001 4029 est
1051 3978 1317 4044 templum
1368 3977 1467 4030 Dei
1521 3980 1586 4030 in
1630 3981 1779 4034 calo.
1840 3980 2053 4033 Caelum

461 4071 547 4120 est
603 4066 864 4131 Ecclesia,
926 4083 1049 4137 quas
1114 4075 1198 4120 est
1251 4067 1411 4121 sedes
1463 4068 1583 4121 Dei.
1641 4070 1935 4139 Templum
1998 4070 2054 4124 in

461 4156 601 4210 caelo
623 4172 825 4226 corpus
853 4156 1188 4225 intelligitur
1212 4156 1439 4221 Christi,
1466 4156 1535 4209 de
1565 4173 1675 4226 quo
1704 4158 1822 4227 ipse
1848 4159 2057 4212 .iudzeis

461 4243 634 4297 dicit:
665 4244 866 4298 Solvite
896 4247 1159 4311 temptant
1188 4244 1302 4301 hoc,
1330 4250 1377 4296 ct
1409 4248 1472 4297 in
1505 4247 1681 4298 tribus
1709 4248 1896 4300 diebus
1921 4251 2060 4301 erci-

464 4333 585 4385 tabo
616 4333 793 4397 illud;
818 4331 966 4384 unde
1003 4332 1355 4401 Evangelista
1380 4348 1663 4401 exponens
1691 4334 1878 4388 subdit
1904 4351 1915 4385 :
1953 4337 2058 4389 Iloc

462 4425 651 4475 autem
668 4421 881 4473 dicebat
902 4420 965 4473 de
991 4424 1190 4488 templo
1212 4424 1453 4488 corporis
1473 4426 1566 4475 sui
1588 4426 1767 4485 (Joan.
1793 4427 1870 4489 v).
1896 4424 2055 4487 Quod

460 4507 735 4579 templum
764 4512 1022 4579 apertum
1063 4513 1148 4562 est
1183 4509 1480 4574 nascendo,
1524 4512 1833 4575 moriendo,
1866 4529 2057 4566 resur-

459 4598 663 4668 gendo,
685 4603 855 4668 atque
873 4596 941 4651 ad
963 4598 1131 4651 caelos
1149 4598 1519 4652 ascendendo.
1538 4600 1831 4671 Templum
1850 4601 2055 4654 etenim

461 4686 562 4741 Dei
592 4690 678 4739 est
705 4686 888 4757 ipsum
918 4701 1139 4756 corpus,
1164 4685 1295 4755 quia
1323 4686 1382 4739 in
1412 4704 1477 4740 eo
1503 4687 1723 4741 habitat
1741 4691 1924 4741 omnis
1946 4690 2058 4759 ple-

459 4774 661 4829 nitudo
675 4774 983 4829 divinitatis
999 4775 1381 4845 corporaliter.
1398 4776 1460 4829 In
1482 4776 1619 4829 cmlo
1638 4775 1741 4828 hoc
1760 4778 2057 4848 templum,

460 4862 591 4932 quia
619 4862 679 4915 in
711 4862 954 4917 Ecclesia
983 4863 1099 4916 haec
1127 4864 1397 4934 mysteria
1447 4863 1821 4934 praedicantur
1848 4877 1905 4919 et
1932 4866 2061 4919 reti-

460 4955 685 5003 nentur.
716 4949 819 5003 νει
849 4961 1103 5020 apertum
1136 4958 1223 5004 est
1250 4952 1356 5005 hoc
1380 4952 1676 5022 templum,
1712 4953 1936 5023 quando
1970 4953 2062 5017 (si-

462 5043 558 5091 cut
582 5036 639 5091 in
670 5037 971 5109 Evangelio
1014 5039 1273 5111 legimus)
1308 5040 1501 5094 lancea
1529 5041 1678 5094 latus
1715 5042 1838 5110 ejus
1866 5042 2057 5111 perfo-

460 5130 648 5179 ratum
687 5130 791 5178 est.
823 5124 890 5179 In
927 5127 1067 5180 ccelo
1097 5135 1286 5183 autem
1314 5129 1620 5183 secundum
1653 5129 1803 5183 hunc
1830 5146 2056 5184 sensum

459 5212 712 5268 Joannes
729 5219 989 5283 apertum
1019 5215 1209 5271 dicens
1228 5218 1524 5287 templum,
1551 5218 1606 5270 in
1636 5225 1936 5288 conspectu
1956 5210 2057 5273 suo

460 5302 703 5374 intelligi
733 5302 927 5370 voluit,
958 5320 1299 5375 cognoscens
1328 5322 1388 5360 se
1429 5323 1550 5361 esse
1590 5306 1658 5361 de
1695 5308 1920 5362 illorum
1952 5324 2057 5362 nu-

461 5407 637 5459 mero,
668 5390 740 5447 de
770 5389 971 5475 quibus
1009 5394 1345 5453 meminerat
1371 5395 1641 5476 scriptum
1674 5414 1686 5455 :
1732 5397 1861 5451 Gali
1892 5412 2060 5453 enar-p

2086 4210 2135 4268 D

2124 1873 2253 1917 sunt
2295 1867 2528 1931 fulgura
2567 1870 2615 1917 et
2662 1879 2805 1916 rores
2844 1869 2892 1915 et
2932 1866 3181 1917 tonitrua
3210 1866 3259 1914 et
3291 1864 3636 1914 terramotus
3677 1864 3725 1910 et

2125 1954 2337 2021 grando
2364 1968 2587 2019 magna.
2619 1952 2728 2005 Per
2753 1952 2977 2020 fulgura
3006 1950 3275 2003 miracula
3304 1948 3724 2017 intelliguntur,

2128 2040 2329 2112 quibus
2357 2040 2772 2094 incredulorum
2808 2045 3021 2094 mentes
3059 2054 3335 2109 percussa:
3374 2036 3565 2090 fractis
3596 2051 3728 2088 mox

2128 2128 2400 2199 superbia
2437 2128 2662 2189 viribus,
2705 2127 3009 2181 humilitati
3047 2143 3106 2180 se
3144 2125 3536 2179 subdiderunt.
3580 2124 3728 2177 Hinc

2130 2217 2424 2270 Psalmista
2440 2234 2451 2269 :
2465 2216 2711 2285 Fulgura
2727 2214 3141 2286 multiplicabis,
3156 2226 3212 2268 et
3226 2212 3588 2268 conturbabis
3604 2227 3723 2264 eos.

2127 2304 2235 2357 Per
2253 2321 2412 2358 voces
2434 2321 2581 2365 vero,
2596 2305 3017 2374 praedicationes
3038 2310 3094 2357 et
3111 2302 3558 2357 exhortationes.
3576 2300 3729 2353 Bene

2128 2399 2314 2446 autem
2348 2393 2503 2462 prius
2529 2393 2673 2445 fiunt
2700 2392 2942 2461 fulgura,
2971 2408 3035 2445 ac
3075 2391 3276 2444 deinde
3303 2389 3731 2459 subsequuntur

2129 2496 2306 2543 voces,
2337 2481 2470 2551 quia
2500 2482 2679 2535 sancti
2718 2480 3112 2551 praedicatores
3143 2480 3297 2550 prius
3340 2477 3613 2532 miracula
3642 2476 3731 2529 fa-

2131 2569 2369 2631 ciebant,
2403 2574 2461 2622 et
2487 2570 2567 2622 sic
2597 2570 2665 2622 ad
2696 2585 2839 2623 nova
2865 2569 3144 2623 credenda
3172 2568 3452 2638 loquendo
3474 2583 3607 2620 suos
3632 2582 3732 2618 au-

2131 2657 2339 2710 ditores
2369 2656 2709 2719 invitabant;
2742 2658 2891 2709 unde
2912 2657 3112 2709 Petrus
3131 2656 3287 2726 prius
3307 2655 3378 2707 ad
3405 2654 3728 2724 Speciosam

2131 2753 2349 2816 portam
2383 2745 2602 2798 sanavit
2640 2744 3030 2815 paralyticum,
3063 2750 3121 2796 et
3160 2743 3364 2796 deinde
3402 2742 3729 2796 Judteorum

340 2848 351 2855 ·
453 2830 699 2886 Canticis
730 2833 1073 2886 canticorum
1104 2832 1238 2886 dicit
1275 2849 1479 2903 sponso
1510 2850 1611 2888 suo
1643 2848 1653 2881 :
1700 2835 2045 2902 Unguentum
2070 2840 2349 2908 Cmentes
2386 2832 2454 2885 ad
2510 2832 2673 2885 fidem
2722 2832 2889 2885 verbo
2928 2831 3328 2885 exhortationis
3370 2830 3723 2884 informavit.

2131 2921 2402 2974 Tonitrua
2444 2936 2665 2990 quoque
2706 2920 3022 2989 signiﬁcant
3072 2918 3568 2972 comminationem
3611 2924 3731 2970 ter-

2132 3010 2276 3062 roris
2304 3009 2475 3062 divini
2506 3008 2702 3077 judicii
2754 3009 2888 3062 Post
2915 3025 3073 3062 voces
3103 3008 3355 3061 tonitrua
3380 3008 3544 3071 fiunt,
3579 3013 3645 3059 ut
3673 3005 3730 3058 hi

2134 3099 2228 3168 qui
2266 3098 2410 3151 forte
2453 3097 2723 3150 miracula
2763 3102 3147 3160 contemnunt,
3183 3096 3350 3149 verba
3388 3095 3729 3165 despiciunt,

2133 3192 2349 3240 terrore
2372 3185 2570 3254 judicii
2601 3185 2945 3255 quatiantur.
2976 3186 3354 3238 Terraamotus
3379 3201 3510 3237 vero
3536 3199 3731 3254 perse-

2133 3274 2415 3328 cutionem
2440 3273 2738 3343 signiﬁcat,
2758 3290 2881 3343 quas
2905 3273 3139 3327 excitata
3161 3279 3248 3326 est
3266 3278 3462 3326 contra
3484 3278 3727 3325 sanctos.

2132 3362 2293 3416 Unde
2331 3368 2388 3415 et
2438 3361 2580 3415 bene
2617 3368 2744 3431 post
2778 3366 3160 3415 terrtemotum
3197 3361 3413 3431 grando
3451 3360 3730 3430 sequitur,

2134 3467 2263 3504 nam
2289 3450 2506 3520 grando
2534 3467 2629 3503 eos
2649 3449 2744 3519 qui
2776 3450 3217 3519 persecutionem
3248 3454 3622 3511 commovent,
3655 3447 3733 3500 si-

2133 3539 2625 3607 gniﬁcat.Grando
2656 3539 2860 3608 quippe
2885 3544 2942 3591 et
2968 3538 3157 3608 fruges
3185 3543 3350 3591 terra:
3373 3536 3728 3599 comminuit,

2136 3632 2193 3680 et
2222 3628 2342 3697 ipsa
2370 3626 2799 3693 comminuitur;
2833 3628 3007 3696 tltque
3033 3632 3097 3679 ut
3118 3627 3333 3697 grando
3352 3626 3610 3680 funditus
3633 3625 3731 3678 de-

2137 3715 2305 3782 ficiat,
2334 3722 2391 3769 et
2418 3715 2603 3769 denuo
2631 3721 2783 3769 terra
2812 3716 3125 3769 fructificet.
3154 3716 3244 3770 Sic
3270 3714 3539 3768 nimirum
3574 3714 3733 3784 prin-

2138 3804 2287 3873 cipes
2316 3805 2485 3873 hujus
2515 3804 2703 3858 saeculi
2732 3804 2866 3857 dum
2895 3804 3377 3874 persequebantur
3406 3810 3635 3857 sanctos
3677 3808 3734 3856 et

2138 3892 2480 3961 atﬂigebant,
2520 3898 2578 3946 et
2613 3891 2721 3962 ipsi
2760 3893 2971 3962 pariter
3005 3892 3523 3962 confringebantur,
3567 3898 3626 3945 et
3661 3890 3731 3944 ad

2138 3981 2374 4033 nihilum
2407 3980 2824 4050 redigebantur,
2848 3987 2949 4034 aut
2974 3981 3186 4035 viribus
3212 3981 3441 4041 scilicet,
3466 3987 3567 4034 aut
3587 3995 3734 4033 com-

2139 4069 2451 4122 mutatione
2480 4069 2538 4121 in
2571 4069 2790 4122 melius.
2815 4070 3010 4123 Plures
3040 4070 3249 4122 etenim
3277 4069 3347 4123 de
3376 4069 3483 4130 his,
3517 4068 3614 4139 qui
3642 4068 3736 4121 Ec-

2139 4156 2362 4209 clesiam
2381 4157 2478 4210 Dei
2493 4158 2770 4226 persecuti
2793 4167 2943 4223 sunt,
2956 4158 3026 4210 ad
3048 4158 3216 4211 tinem
3229 4157 3436 4211 Christi
3457 4156 3732 4217 conversi,

2141 4251 2430 4316 coeperunt
2470 4246 2606 4315 pati,
2650 4245 2745 4315 qui
2802 4246 2957 4315 prius
3008 4246 3133 4299 aliis
3180 4245 3513 4299 inferebant.
3562 4246 3733 4298 Porro

2141 4334 2303 4388 malis
2328 4335 2708 4404 pereuntibus,
2740 4341 2839 4388 aut
2867 4334 3035 4388 etiam
3067 4334 3159 4404 qui
3189 4335 3412 4388 fuerant
3442 4333 3734 4405 praedesti-

2140 4424 2257 4477 nati
2286 4424 2535 4476 conversi
2566 4424 2636 4477 ad
2662 4424 2850 4488 ﬁdem,
2886 4425 3127 4478 Ecclesia
3151 4424 3487 4477 fructificare
3511 4423 3570 4476 in
3590 4421 3734 4475 bono

2139 4528 2325 4583 opere,
2357 4517 2416 4565 et
2440 4527 2689 4566 crescere
2717 4513 2885 4583 C(Ppit
2911 4512 2965 4566 in
2998 4513 3129 4567 ﬁde.

2741 4601 2973 4656 CAPUT
3009 4600 3134 4655 XII.

2210 4689 2275 4743 Et
2295 4691 2517 4755 signum
2538 4704 2807 4755 magnum
2826 4692 3090 4757 apparuit
3112 4691 3172 4741 in
3188 4691 3347 4743 calo:
3369 4691 3577 4743 Mulier
3593 4690 3737 4743 ami-

2144 4783 2230 4831 cta
2259 4781 2385 4844 sole,
2417 4783 2466 4831 et
2497 4781 2636 4831 luna
2661 4780 2761 4831 sub
2786 4780 3014 4845 pedibus
3043 4782 3177 4845 ejus.
3211 4778 3365 4832 Istud
3396 4785 3483 4832 est
3509 4781 3735 4850 signum

2141 4866 2210 4920 de
2231 4882 2340 4935 quo
2359 4865 2679 4920 admonitus
2698 4872 2785 4919 est
2802 4867 3006 4932 Acliaz,
3027 4874 3092 4919 ut
3110 4871 3325 4937 peteret
3342 4871 3566 4935 signum
3583 4886 3616 4923 a
3632 4871 3736 4923 Deo

2142 4958 2205 5007 in
2228 4955 2575 5023 profundum
2609 4957 2841 5021 inferni,
2870 4957 2979 5008 sive
3008 4958 3071 5007 in
3099 4958 3367 5008 excelsum
3398 4972 3592 5023 supra.
3626 4957 3732 5011 Sed

2141 5060 2266 5097 cum
2296 5042 2391 5097 ille
2422 5042 2651 5107 diceret,
2685 5043 2805 5097 Non
2830 5048 3035 5110 petam,
3066 5047 3115 5096 ct
3146 5059 3258 5096 non
3288 5046 3503 5097 tentabo
3544 5046 3734 5099 Domi-

2142 5148 2300 5193 num,
2330 5147 2632 5184 conversus
2660 5130 2928 5202 propheta
2959 5130 3030 5183 ad
3062 5131 3288 5184 domum
3321 5132 3513 5193 David,
3545 5134 3687 5187 dixit
3716 5153 3730 5187 :

2141 5220 2378 5292 Propter
2396 5221 2501 5273 hoc
2522 5220 2657 5273 dicit
2680 5220 2949 5274 Dominus
2971 5235 2983 5269 :
3006 5220 3134 5273 Ecce
3155 5221 3291 5273 dabo
3307 5222 3454 5273 vobis
3470 5224 3693 5289 signum
3712 5241 3730 5275 :

2140 5308 2269 5361 Ecce
2293 5311 2447 5374 virgo
2467 5310 2728 5376 concipiet
2753 5314 2802 5361 et
2822 5311 3004 5377 pariet
3020 5310 3223 5373 ﬁlium.
3240 5308 3505 5377 Magnum
3527 5311 3734 5381 quippe

2142 5396 2249 5452 fuit
2278 5395 2520 5467 signum,
2562 5395 2785 5469 quando
2825 5396 2979 5466 virgo
3017 5395 3269 5468 concepit
3305 5402 3362 5451 et
3398 5399 3634 5472 peperit,
3676 5406 3735 5455 et
