4048 6172
306 196 429 263 1081

1219 221 1598 281 EXPOSITIO
1627 227 1704 281 IN
1734 228 2254 285 APOCALYPSIN.
2274 259 2342 270 -—
2371 231 2504 284 LIB.
2538 229 2641 285 III.

3428 228 3559 291 108?

293 339 426 404 post
440 341 663 426 partum
677 340 832 411 virgo
852 345 1180 412 permansit.
1204 347 1272 400 Et
1292 347 1348 400 in
1369 349 1508 402 coelo
1533 350 1637 404 hoc
1669 351 1878 406 factum
1901 354 1951 413 A
1974 354 2141 423 cepit,
2172 355 2251 408 ita
2275 355 2394 408 sine
2414 355 2604 409 dolore
2628 355 2863 426 peperit,
2894 340 3223 424 nullumque
3249 334 3559 409 cruciatum

295 429 403 488 est,
437 424 489 477 id
515 434 599 480 est
626 428 682 481 in
706 429 968 495 Ecclesia,
993 435 1153 503 cujus
1182 442 1239 488 et
1268 442 1447 490 mater
1478 439 1689 492 Domini
1722 457 1893 495 mem-

293 508 459 565 brum
492 520 631 568 erat.
664 517 867 571 Mulier
886 523 1092 574 amicta
1114 526 1239 578 sole.
1258 523 1314 576 id
1338 530 1422 578 est
1443 525 1788 581 circumdata
1812 528 1893 581 di—

294 598 529 654 vinitate
546 603 840 670 Altissimi,
860 608 1008 661 unde
1019 610 1251 679 angelus
1267 612 1346 665 ait
1369 626 1381 659 :
1403 613 1650 680 Spiritus
1665 622 1889 670 sanctus

291 694 635 754 superveniet
664 696 727 745 in
754 699 819 753 te,
856 700 905 748 et
930 699 1392 752 rirtusAltissimi
1415 702 1760 756 obumbrabit
1786 707 1887 759 tibi

295 776 450 841 (Luc.
486 782 541 841 ι).
580 779 684 832 Illa
728 781 940 836 scilicet
982 785 1051 838 de
1091 802 1202 855 qua
1233 787 1441 842 Paulus
1470 790 1568 850 ait.
1600 791 1885 847 Christum

290 861 396 916 Dei
427 865 691 920 virtutem
724 874 781 922 et
808 870 909 923 Dei
941 872 1294 942 sapientiam.
1328 876 1455 946 Ipsa
1501 884 1689 933 autem
1723 880 1886 936 beata

288 949 393 1004 Dei
422 954 665 1022 genitrix
691 957 749 1010 in
797 958 899 1012 hoc
938 960 1058 1014 loco
1089 978 1385 1031 personam
1414 967 1561 1035 gerit
1592 969 1875 1029 Ecclesiae.

289 1038 491 1110 Neque
514 1043 662 1097 enim
692 1046 879 1100 omnia
918 1065 1041 1119 quae
1064 1050 1155 1103 hic
1181 1060 1504 1118 narrantur,
1537 1057 1695 1125 juxta
1746 1058 1889 1113 littep

290 1143 415 1182 ram
446 1129 621 1185 beatae
651 1133 869 1204 Virgini
920 1138 1235 1207 specialiter
1274 1158 1583 1211 congruere
1624 1152 1878 1214 possunt,

288 1216 388 1269 sed
417 1218 721 1275 electorum
747 1222 1016 1287 Ecclesiae,
1035 1228 1338 1282 secundum
1356 1232 1650 1301 mysticam
1684 1250 1881 1288 narra-

286 1304 501 1358 tionem
522 1310 862 1376 generaliter
890 1315 1245 1377 conveniunt,
1280 1317 1337 1370 in
1373 1335 1484 1389 qua
1531 1322 1778 1390 quotidie
1820 1324 1882 1377 ﬁt

286 1390 397 1444 hoc
418 1393 665 1463 signum,
691 1397 821 1467 quia
847 1401 1096 1469 quotidie
1116 1404 1425 1474 concipitur
1448 1407 1507 1461 in
1536 1424 1603 1462 ea
1624 1410 1881 1465 Christus

286 1485 348 1532 et
373 1482 640 1537 nascitur.
674 1485 801 1554 Ipsa
831 1491 916 1540 est
936 1488 1086 1542 enim
1118 1497 1314 1556 mater,
1342 1493 1463 1563 ipsa
1490 1501 1575 1550 est
1605 1503 1661 1550 et
1688 1498 1839 1553 ﬁlius
1864 1519 1876 1567 ;

1974 442 2181 495 habere
2202 443 2259 496 in
2282 449 2444 513 partu
2466 443 2667 513 potuit,
2688 460 2809 513 quae
2831 443 3045 496 nullum
3070 449 3356 513 peccatum
3379 443 3563 497 libidi-

1971 530 2058 583 nis
2086 530 2141 583 in
2173 536 2438 602 conceptu
2470 531 2763 584 contraxit.
2797 531 2905 583 Sed
2938 532 3100 600 juxta
3147 530 3443 601 mysticum
3474 531 3562 585 in-

1967 618 2254 671 tellectum
2283 618 2385 671 hoc
2404 619 2470 671 ad
2496 618 2795 672 Ecnlesiam
2819 617 3076 679 refertur,
3098 633 3221 687 quae
3244 617 3448 671 mulier
3466 634 3562 671 vo-

1973 712 2151 768 catur,
2186 722 2297 759 non
2326 712 2554 777 propter
2583 708 2964 760 effeminatum
2996 706 3268 765 animum,
3303 706 3397 759 sed
3428 705 3562 776 quia

1968 795 2367 865 praedicatione
2401 801 2455 847 et
2504 795 2724 849 lavacro
2768 796 3089 866 spirituales
3138 795 3282 848 ﬁlios
3329 794 3561 865 gignere

1969 884 2217 954 quotidie
2243 900 2353 937 non
2384 883 2623 937 desistit.
2648 883 2806 938 Unde
2836 890 2893 938 et
2921 884 3039 954 ipse
3062 883 3197 936 dicit
3223 883 3280 935 in
3308 883 3559 954 Evange-

1968 973 2043 1026 lio
2072 991 2085 1026 :
2117 972 2180 1025 Si
2207 975 2331 1040 quis
2354 974 2543 1040 fecerit
2574 976 2910 1025 roluntatem.
2936 975 3139 1036 Patris,
3165 978 3221 1024 et
3248 977 3451 1026 caetera
3470 988 3562 1026 us-

1971 1077 2098 1130 que,
2123 1066 2171 1113 et
2206 1067 2382 1113 mater
2408 1064 2508 1116 est.
2546 1061 2676 1128 Ipsa
2706 1059 2853 1113 enim
2887 1060 3128 1114 Ecclesia
3160 1067 3457 1131 reputatur
3498 1060 3557 1114 in

1965 1155 2225 1211 matrem,
2244 1155 2540 1219 reputatur
2564 1150 2620 1202 in
2642 1151 2817 1204 ﬁlium
2840 1168 2850 1203 :
2877 1151 3007 1221 quia
3033 1150 3164 1204 dum
3187 1150 3467 1222 quoslibet
3485 1150 3556 1204 ad

1965 1238 2129 1291 ﬁdem
2161 1237 2404 1299 adducit,
2440 1244 2619 1290 mater
2648 1243 2750 1302 est,
2784 1248 2882 1292 aut
2904 1239 3058 1292 fonte
3082 1238 3437 1307 baptismatis
3462 1255 3558 1292 re-

1962 1332 2213 1395 generat.
2258 1327 2320 1379 In
2363 1325 2475 1379 illis
2517 1332 2727 1392 autem,
2767 1329 2860 1395 qui
2907 1326 3219 1379 accendunt
3257 1327 3324 1379 ad
3373 1326 3555 1397 bapti-

1962 1430 2165 1475 smum,
2201 1419 2258 1467 et
2284 1415 2624 1468 conﬁtentur
2651 1432 2710 1468 se
2739 1415 2794 1468 in
2829 1415 3113 1468 Christum
3142 1415 3389 1479 credere,
3411 1416 3557 1469 ﬁlius

1962 1508 2065 1555 est.
2103 1503 2246 1558 Hinc
2269 1503 2478 1556 Paulus
2507 1518 2516 1550 :
2550 1504 2656 1556 Per
2686 1504 3047 1574 Evangelium
3078 1519 3181 1573 ego
3214 1519 3310 1556 vos
3349 1503 3548 1573 genui.

286 1568 439 1622 unde
461 1570 731 1626 Dominus
753 1573 978 1631 dicit:Si
997 1582 1120 1644 quis
1139 1582 1327 1645 fecerit
1346 1585 1681 1639 voluntatem
1696 1590 1937 1660 Patris“
1965 1591 2045 1644 De
2075 1592 2179 1644 hac
2209 1591 2445 1645 muliere
2474 1592 2745 1646 Dominus
2774 1568 2909 1646 dicit
2944 1610 2955 1645 :
2988 1568 3190 1648 Mulier
3226 1568 3550 1660 cumvparit,

285 1659 399 1750 mei
422 1662 527 1750 qui
556 1663 613 1712 in
637 1664 779 1714 ralis
799 1669 892 1728 est,
916 1667 1028 1731 ipse
1051 1682 1200 1719 meus
1217 1670 1415 1735 frater,
1437 1688 1609 1739 soror,
1635 1680 1683 1727 et
1702 1648 1941 1729 materB
1966 1679 2023 1732 id
2055 1687 2138 1733 est
2164 1697 2287 1734 cum
2322 1696 2517 1750 parere
2544 1680 2680 1742 vult,
2714 1684 3007 1734 tristitiam
3035 1681 3210 1738 habet.
3240 1683 3373 1748 quia
3405 1684 3555 1733 venit

283 1749 361 1796 est
402 1746 735 1840 (siit-arcum).
771 1750 914 1840 Dum
946 1752 1094 1807 enim
1144 1756 1392 1825 quotidie
1438 1775 1607 1814 novos
1645 1764 1879 1832 populos
1963 1759 2261 1836 hora'ejus.
2294 1746 2451 1822 Sicut
2480 1769 2627 1822 enim
2660 1770 2864 1822 mulier
2892 1769 3023 1822 dum
3052 1746 3312 1840 parturit,
3345 1768 3553 1839 afﬂigi-

282 1833 528 1898 creat,in
552 1834 661 1889 illis
682 1839 1215 1896 nasciturChristus.
1241 1846 1365 1915 Ipsa
1383 1860 1468 1900 est
1486 1850 1873 1904 amictaetiam
1959 1862 2054 1909 tur
2075 1863 2130 1910 et
2146 1833 2410 1915 vexatur.
2438 1857 2517 1911 ita
2557 1866 2613 1911 et
2654 1863 2845 1912 sancta
2894 1833 3132 1912 Ecclesia
3163 1859 3295 1911 dum
3342 1858 3399 1911 in
3448 1857 3552 1911 hoc

283 1919 421 2016 sole,
446 1922 602 2016 idest
615 1925 961 1982 circumdata
973 1930 1214 1995 Christo,
1241 1933 1309 1987 de
1330 1951 1441 2004 quo
1461 1936 1730 2007 scriptum
1754 1945 1839 1993 est
1861 1958 1873 1993 :
1960 1946 2161 1999 saeculo
2190 1950 2291 2005 est,
2327 1952 2383 2000 et
2411 1946 2561 1999 videt
2588 1963 2717 2001 suos
2738 1947 2928 2016 aﬂligi,
2963 1953 3021 2000 et
3047 1947 3218 2000 variis
3248 1946 3427 2000 modis
3454 1946 3553 2000 tri-

292 2008 443 2105 l’pbis
472 2014 792 2067 timentibus
824 2032 1020 2070 nonzen
1052 2035 1253 2081 meum,
1284 2025 1498 2076 orietur
1532 2028 1611 2078 sol
1641 2030 1879 2094 justitia'
1958 2033 2161 2096 bulari,
2189 2034 2466 2097 tristatnr,
2485 2036 2774 2105 affligitur.
2802 2043 2857 2090 et
2873 2042 3103 2090 vexatur
3133 2055 3145 2090 :
3178 2043 3233 2089 et
3255 2035 3461 2089 clamat
3480 2034 3546 2088 ad

280 2097 545 2193 (.liaglacli.
578 2106 674 2167 Iv).
726 2103 868 2157 Hinc
913 2106 1120 2160 Paulus
1168 2108 1303 2162 dicit
1335 2128 1347 2162 :
1384 2112 1578 2166 Omnes
1615 2120 1874 2184 quotquot
1955 2124 2155 2187 Deum,
2190 2123 2479 2193 postulans
2510 2097 2754 2186 libevrari,
2788 2141 2857 2177 ne
2902 2125 3042 2178 victa
3091 2123 3548 2178 tribulationibus

280 2185 718 2283 baptisatirs-tis,
757 2193 1037 2283 Christum
1071 2199 1335 2251 induistis
1366 2200 1509 2269 (Gal.
1537 2209 1639 2264 ιιι).
1661 2204 1739 2257 De
1772 2204 1874 2258 hoc
1955 2185 2309 2266 succumbat.
2348 2210 2456 2265 Sed
2485 2228 2611 2265 cum
2634 2212 2704 2265 ad
2724 2217 2947 2283 tempus
2969 2212 3053 2264 vel
3075 2212 3268 2265 horam
3284 2228 3547 2283 pervene-

275 2274 405 2371 sole-
423 2276 579 2347 impii
609 2279 813 2371 dicturi
841 2288 971 2335 sunt
1000 2283 1055 2336 in
1082 2284 1299 2339 inferno
1332 2306 1343 2340 :
1378 2288 1470 2343 Sol
1489 2293 1728 2357 justitia:
1758 2310 1871 2347 non
1952 2300 2045 2364 rit,
2071 2316 2180 2370 qua
2212 2300 2411 2354 ultima
2438 2301 2687 2371 corporis
2708 2301 2959 2354 membra
2977 2301 3046 2354 ad
3074 2301 3251 2354 lucem
3278 2305 3546 2354 aeternam

279 2364 428 2417 luxit
454 2369 604 2420 nobis
624 2368 1201 2437 {Sap.v).Perlunam
1223 2382 1409 2431 autem
1437 2396 1558 2449 quae
1586 2381 1873 2435 mutabilis
1954 2389 2233 2442 nascendo
2285 2389 2630 2458 perveniant,
2680 2394 2816 2443 tunc
2870 2388 3112 2444 cessabit
3163 2386 3444 2443 crueiatus
3483 2403 3548 2440 30

275 2458 381 2516 est,
409 2460 473 2548 ut
496 2463 629 2548 pote
644 2475 766 2528 quae
786 2477 818 2513 a
833 2462 1103 2534 principio
1133 2482 1308 2535 usque
1328 2467 1396 2519 ad
1423 2468 1647 2537 plenum
1680 2471 1869 2525 orbem
1951 2477 2344 2548 parturitionis
2371 2478 2601 2532 clamor.

274 2543 497 2604 crescit,
533 2550 590 2598 et
617 2545 745 2601 inde
768 2549 958 2603 deﬁcit
979 2569 1155 2622 usque
1176 2555 1245 2608 ad
1266 2555 1608 2611 tricesimum
1623 2564 1866 2627 aetatem,

273 2631 467 2685 omnia
487 2632 650 2688 istius
675 2638 858 2692 saeculi
900 2642 1192 2695 mutabilia.
1219 2643 1603 2713 designantur,
1635 2647 1870 2719 ideoque

272 2724 392 2772 tam
419 2719 578 2776 beata
600 2723 697 2777 Dei
717 2727 978 2795 genitrix,
1003 2747 1169 2799 quam
1194 2732 1363 2785 etiam
1393 2735 1575 2788 omnis
1604 2736 1865 2803 Ecclesia,

273 2804 467 2861 lunam
489 2809 593 2863 sub
615 2812 846 2882 pedibus
866 2815 1051 2878 habet,
1072 2817 1201 2887 quia
1218 2826 1419 2874 cuncta
1437 2824 1872 2893 temporaliade—

271 2896 454 2965 spirit,
484 2901 673 2954 omnia
696 2903 988 2958 mutabilia
1019 2923 1119 2976 pro
1156 2908 1331 2962 nihilo
1362 2910 1589 2978 ducens,
1624 2915 1870 2968 caelestia

270 2985 481 3040 mentis
510 2992 662 3043 tenet
692 2990 921 3058 intuitu,
954 2994 1143 3049 dicens
1171 3013 1298 3050 cum
1328 2999 1595 3068 Apostolo
1626 3020 1637 3054 :
1668 3004 1871 3057 Nostra

269 3080 609 3131 conversatio
629 3082 691 3132 in
713 3084 857 3134 catis
885 3089 961 3135 est
989 3085 1151 3149 (Phil.
1175 3087 1476 3147 1n).Aliter
1510 3105 1522 3143 :
1552 3091 1613 3144 In
1628 3091 1730 3144 hac
1742 3108 1871 3145 mu-

268 3163 411 3217 liere
442 3182 739 3235 possumus
768 3170 1082 3241 intelligere
1120 3175 1482 3244 perfectiores
1513 3178 1570 3232 in
1604 3181 1864 3248 Ecclesia,

268 3253 366 3322 qui
385 3254 545 3322 juxta
569 3256 788 3311 Domini
810 3261 1237 3321 consilium,sua
1253 3265 1443 3318 omnia
1464 3267 1866 3339 relinquentes,

267 3342 447 3394 secuti
484 3355 617 3397 sunt
645 3346 950 3402 Christum.
986 3350 1092 3403 Per
1127 3351 1318 3405 lunam
1353 3359 1538 3408 autem
1565 3356 1865 3428 simplices,

268 3429 367 3499 qui
401 3431 658 3488 laborant
684 3436 755 3489 ad
785 3437 1023 3492 aliorum
1049 3457 1205 3505 usus,
1251 3442 1306 3495 in
1338 3444 1663 3512 plantando,
1691 3449 1867 3502 aediﬁ-

269 3519 451 3572 cando
480 3528 537 3574 et
566 3523 942 3592 agricolando.
987 3529 1101 3582 Hos
1148 3529 1339 3601 itaque
1381 3532 1589 3588 habent
1627 3536 1728 3599 illi,
1771 3542 1867 3608 qui

269 3616 407 3660 sunt
441 3612 691 3678 perfecti,
726 3615 888 3683 quasi
933 3616 1037 3670 sub
1088 3618 1343 3688 pedibus,
1393 3623 1526 3692 quia
1581 3624 1743 3695 longe
1796 3626 1867 3679 ab

266 3710 465 3750 eorum
486 3701 685 3755 merito
705 3703 933 3771 distant,
958 3722 1069 3760 non
1095 3712 1283 3761 tamen
1319 3709 1402 3761 illi
1428 3712 1682 3765 mercede
1709 3730 1863 3768 carc-

2022 2567 2087 2619 Et
2117 2570 2298 2619 risum
2328 2571 2401 2618 est
2432 2567 2592 2619 aliud
2615 2570 2837 2633 signum
2872 2570 2935 2619 in
2969 2568 3093 2620 calo
3126 2584 3141 2618 :
3173 2570 3221 2618 et
3241 2581 3350 2618 ecce
3378 2566 3544 2618 draco

1953 2672 2211 2723 magnus,
2249 2657 2430 2722 rufus,
2460 2656 2660 2708 habens
2698 2658 2879 2723 capita
2910 2659 3108 2722 septem
3132 2660 3179 2707 et
3211 2670 3422 2707 cornua
3452 2656 3545 2707 de-

1954 2759 2083 2796 cem.
2119 2744 2227 2797 Per
2255 2744 2577 2809 draconem,
2607 2748 2670 2797 ut
2697 2760 2865 2813 supra
2891 2744 3004 2812 jam
3034 2758 3257 2813 quoque
3278 2742 3540 2809 diximus,

1953 2832 2291 2902 intelligitur
2313 2831 2585 2897 diabolus,
2621 2832 2714 2903 qui
2741 2840 2932 2903 aperte
2964 2847 3325 2902 quoscunque
3363 2836 3547 2902 potest

1953 2921 2231 2991 deglutire
2251 2937 2362 2975 non
2394 2926 2590 2981 cessat.
2624 2926 2681 2975 et
2709 2921 2842 2991 quia
2870 2920 2965 2973 diu
2996 2927 3081 2973 est
3115 2937 3178 2973 ex
3209 2937 3319 2991 quo
3359 2914 3543 2973 homil

1953 3027 2053 3063 nes
2081 3016 2264 3068 nocet.
2296 3017 2524 3080 propter
2553 3010 3025 3080 multiplicitatem
3058 3010 3390 3063 insidiarum
3420 3025 3544 3062 ma-

1950 3114 2096 3168 gnus
2121 3104 2381 3152 vocatur:
2403 3098 2579 3152 Rufus
2598 3099 3381 3169 vero,propterhomicidium,
3411 3098 3543 3170 quia

1950 3186 2045 3240 ille
2074 3187 2357 3241 homicida
2385 3193 2508 3240 erat
2532 3186 2601 3240 ab
2628 3187 2809 3251 initio,
2834 3205 2897 3241 ex
2920 3204 3029 3259 quo
3051 3188 3265 3241 scilicet
3296 3187 3539 3259 primum

1951 3275 2235 3329 hominem
2262 3275 2559 3329 interfecit.
2586 3277 2799 3330 Caelum
2823 3284 3010 3330 autem
3035 3276 3156 3347 ipsa
3178 3275 3425 3329 Ecclesia
3450 3275 3541 3328 in-

1950 3364 2242 3434 telligitur,
2267 3381 2389 3434 qua:
2411 3366 2992 3436 superiussigniﬁcata
3009 3381 3090 3419 esr
3110 3381 3207 3436 per
3228 3364 3538 3418 mulierem.

1951 3452 2011 3505 In
2038 3454 2178 3506 coelo
2204 3459 2290 3506 est
2308 3453 2501 3517 draco,
2540 3454 2673 3523 quia
2705 3455 2872 3507 etiam
2900 3455 2957 3508 in
2988 3454 3227 3508 Ecclesia
3262 3452 3537 3517 diabolus,

1951 3540 2152 3611 quibus
2177 3541 2343 3603 valet,
2376 3557 2576 3595 nocere
2621 3559 2733 3596 non
2763 3544 2985 3596 desinit.
3017 3543 3212 3612 Neque
3242 3541 3389 3594 enim
3422 3541 3543 3610 ipse

1949 3629 2149 3682 ccrlum
2178 3628 2442 3699 possidet,
2475 3630 2570 3683 sed
2601 3631 2735 3683 coelo
2787 3632 3139 3685 adversatur.
3180 3630 3287 3682 Per
3323 3635 3540 3699 septem

1948 3723 2135 3770 autem
2181 3717 2439 3771 draconis
2476 3718 2679 3787 capita.
2712 3735 2907 3772 omnes
2950 3718 3343 3787 intelliguntur
3378 3734 3537 3788 reges

266 3782 584 3877 bunt-licet
611 3790 723 3843 illis
748 3809 859 3847 non
885 3811 987 3864 per
1007 3797 1195 3849 omnia
1211 3805 1590 3868 coaequentur,
1623 3800 1668 3854 si
1690 3803 1864 3856 ﬁdeli~
1948 3805 2027 3859 illi
2054 3805 2308 3875 subjecti,
2343 3805 2438 3875 qui
2465 3782 2658 3860 contra
2688 3807 3067 3877 septiformem
3098 3782 3399 3861 Ecclesiam
3429 3782 3537 3877 pu-

266 3876 357 3925 ter
374 3874 742 3931 ministerium
767 3897 930 3934 suum
953 3882 1325 3953 impleverint.
1358 3887 1422 3939 Et
1462 3889 1525 3940 in
1554 3892 1727 3955 capite
1746 3894 1862 3958 ejus
1942 3901 2122 3963 gnant
2162 3895 2270 3948 Per
2297 3895 2487 3947 decem
2517 3911 2649 3948 vero
2668 3912 2877 3949 cornua
2899 3912 3086 3949 omnia
3116 3912 3289 3966 regna
3308 3896 3387 3948 illi
3409 3895 3537 3949 sub~

268 3976 531 4053 coronam
556 3968 847 4053 stellarum
868 3970 1333 4035 duodecim.Quia
1347 3989 1447 4043 per
1466 3975 1757 4029 mulierem
1774 3980 1864 4045 (ut
1938 3984 2105 4051 jecta.
2142 3984 2283 4036 Nam
2316 3982 2461 4052 quod
2497 3983 2554 4035 in
2602 3983 2865 4037 cornibus
2915 4001 3089 4053 regna
3127 3983 3530 4053 signiﬁcentur,

267 4048 538 4143 diximus)
566 4052 815 4109 Ecclesia
844 4056 1195 4128 intelligitur,
1229 4067 1397 4131 caput
1419 4062 1571 4116 illius
1594 4065 1861 4119 Dominus
1940 4048 2237 4125 Eacharias
2261 4048 2583 4125 manifestat
2602 4079 2657 4125 et
2680 4072 2894 4137 Daniel,
2928 4048 3435 4143 quorum'uterque
3455 4072 3537 4125 di-

265 4138 438 4232 {esus
450 4139 707 4232 Christus
735 4144 1090 4216 intelligitur.
1116 4149 1195 4201 De
1226 4165 1338 4219 qua
1366 4150 1575 4205 Paulus
1607 4153 1759 4217 dicit,
1793 4155 1861 4207 de
1943 4160 2020 4214 cit
2057 4176 2116 4213 se
2162 4160 2364 4214 vidisse
2411 4166 2655 4231 quatuor
2690 4178 2916 4224 cornua,
2958 4178 3080 4232 quae
3128 4167 3261 4215 sunt
3294 4168 3537 4232 quatuor

265 4226 571 4330 Deo‘Patre
590 4230 851 4302 loquens:
870 4233 1061 4305 Ipsum
1086 4244 1255 4330 caput
1275 4239 1435 4330 dedit
1446 4257 1617 4330 supra
1637 4258 1857 4296 omnem
1880 4272 1926 4330 ι)
1944 4264 2117 4317 regna
2141 4226 2491 4319 principalia.
2529 4249 2666 4302 Cum
2700 4249 2787 4302 his
2816 4226 3267 4314 enim-cornibus,
3294 4226 3398 4304 hoc
3424 4255 3532 4314 cst,

266 4314 603 4410 Ecclesiam,
634 4337 756 4390 qua:
785 4328 871 4399 est
901 4341 1101 4394 corpus
1132 4327 1275 4395 ejus.
1314 4328 1378 4381 In
1408 4328 1702 4383 duodecim
1732 4348 1861 4386 vero
1884 4314 2068 4389 "cum
2095 4338 2203 4390 ista
2224 4337 2410 4390 saeculi
2433 4338 2773 4407 potentia,ct
2788 4339 2979 4407 regnis
2995 4338 3098 4392 sibi
3118 4339 3403 4409 subjectis,
3426 4356 3533 4410 pu-

264 4405 443 4459 stellis
464 4407 852 4475 signiﬁcantur
870 4412 1160 4468 duodecim
1184 4417 1445 4485 apostoli,
1473 4419 1567 4488 qui
1598 4436 1703 4473 sua
1725 4437 1859 4490 prae-

263 4494 543 4549 dicatione
571 4497 834 4552 tenebras
862 4501 1207 4557 inﬁdelitatis
1232 4504 1446 4574 fugant,
1474 4507 1753 4562 etlumine
1775 4526 1860 4563 ve-

262 4582 451 4636 ritatis
485 4602 616 4638 suos
659 4588 941 4643 auditores
970 4592 1306 4646 illuminant.
1322 4594 1480 4648 Unde
1507 4597 1846 4666 angelusDa-

260 4672 395 4725 nieli
424 4673 562 4727 dicit
592 4692 603 4726 :
639 4674 743 4739 Qui
774 4684 960 4731 autem
993 4681 1136 4734 docti
1176 4682 1402 4738 fuerint.
1439 4690 1496 4737 et
1540 4685 1679 4739 alios
1725 4701 1851 4740 eru-

259 4759 448 4823 diunt,
479 4763 772 4832 fulgebunt
801 4768 960 4836 quasi
988 4770 1161 4823 stellae
1182 4771 1239 4823 in
1267 4777 1563 4842 perpetuas
1579 4775 1854 4829 aeternita-

259 4854 366 4902 tes.
402 4851 467 4904 In
506 4855 677 4919 capite
709 4858 825 4922 ejus
855 4872 1052 4909 corona
1085 4864 1171 4912 est
1213 4862 1503 4915 stellarum
1545 4864 1850 4931 duodecim,

259 4937 316 4991 id
347 4944 433 4991 est
462 4940 754 4995 duodecim
787 4945 1188 5013 apostolorum,
1212 4965 1311 5017 per
1342 4966 1481 5020 quos
1510 4967 1703 5005 omnes
1721 4969 1855 5022 gen-

256 5032 347 5080 tes
377 5045 500 5099 quze
530 5030 586 5082 in
616 5031 852 5085 circuitu
878 5032 1042 5087 istius
1070 5036 1266 5090 mundi
1314 5044 1464 5102 sunt,
1496 5040 1856 5094 crediderunt

257 5115 317 5170 in
342 5117 650 5183 Christum,
682 5127 740 5174 et
766 5121 1008 5191 primum
1039 5140 1140 5193 per
1163 5142 1257 5179 eos
1284 5126 1468 5197 ipsum
1489 5134 1659 5198 caput
1686 5128 1854 5182 victo-

257 5205 401 5259 riam
444 5205 513 5258 de
543 5214 660 5260 toto
687 5210 897 5263 mundo
926 5213 1189 5282 portavit.

330 5293 395 5346 Et
428 5296 490 5346 in
512 5299 666 5348 utero
685 5297 884 5350 habens
913 5302 1186 5354 clamabat
1210 5305 1855 5368 parturiens,etcrucia-

259 5382 429 5436 batur
466 5388 526 5435 ut
553 5387 767 5452 pariat.
813 5386 944 5440 Haec
995 5389 1156 5458 juxta
1174 5389 1425 5443 litteram
1459 5390 1635 5446 beatae
1665 5394 1854 5450 Mariae

257 5470 442 5551 aptari
472 5479 777 5552 nequeunt,
810 5491 933 5550 quae
970 5476 1114 5532 sicut
1153 5477 1273 5533 sine
1322 5478 1692 5539 delectatione
1719 5498 1854 5539 con-

1940 4432 2078 4494 gnat
2097 4426 2351 4480 diabolus
2372 4431 2567 4480 contra
2588 4443 2699 4487 eos,
2736 4428 2831 4498 qui
2861 4429 3053 4482 decem
3085 4434 3365 4501 prmc'epta
3395 4429 3534 4498 legis

1942 4513 2256 4568 observant.
2288 4515 2357 4568 Et
2387 4519 2449 4569 in
2495 4518 2762 4584 capitibus
2810 4521 2926 4585 ejus
2954 4522 3153 4585 septem
3196 4520 3529 4571 diademata.

1940 4602 2096 4665 Quod
2120 4603 2471 4674 signiﬁcatur
2491 4620 2592 4675 per
2609 4605 2815 4675 capita,
2837 4605 2941 4659 hoc
2961 4612 3015 4658 et
3037 4622 3137 4674 per
3160 4612 3374 4675 septem
3407 4606 3531 4658 dia-

1938 4690 2180 4752 demata,
2214 4692 2272 4745 id
2304 4698 2389 4745 est
2417 4693 2599 4746 omnis
2629 4693 2797 4761 hujus
2825 4692 3010 4746 saeculi
3048 4699 3394 4761 potentatus,
3435 4692 3531 4762 qui

1937 4779 2018 4832 illi
2044 4778 2353 4843 adhaerent,
2399 4785 2455 4832 et
2501 4795 2601 4849 per
2636 4778 2889 4832 fraudem
2937 4778 3292 4832 verisimilem
3339 4786 3534 4833 contra

1936 4873 2151 4937 septem
2195 4868 2479 4933 ecclesias,
2508 4873 2564 4919 et
2603 4873 2797 4919 contra
2842 4866 3221 4936 septiformem
3254 4866 3530 4937 Spiritum

1935 4956 2220 5009 dimicant.

2006 5044 2071 5096 Et
2099 5044 2275 5095 cauda
2305 5045 2423 5109 ejus
2451 5043 2697 5096 trahebat
2729 5044 2953 5095 tertiam
2978 5048 3193 5111 partem
3236 5047 3528 5100 stellarum

1935 5132 2070 5192 cali,
2086 5135 2143 5201 et
2164 5133 2318 5183 misit
2339 5147 2426 5184 eas
2446 5134 2507 5184 in
2531 5136 2760 5184 terram.
2778 5129 2885 5184 Per
2900 5132 3133 5186 caudam
3149 5133 3427 5201 draconis,
3462 5143 3525 5191 ut

1934 5200 2107 5288 supra
2135 5234 2355 5288 quoque
2375 5218 2584 5273 dictum
2616 5226 2721 5284 est,
2744 5219 2897 5289 pravi
2919 5220 3316 5291 intelliguntur
3334 5223 3526 5279 docto-

1938 5322 2062 5359 res:
2096 5307 2371 5377 propheta
2417 5307 2565 5360 enim
2620 5308 2827 5362 docens
2876 5310 3249 5375 mendacium,
3297 5313 3413 5382 ipse
3444 5318 3529 5366 est

1936 5395 2133 5448 cauda.
2164 5394 2355 5448 Potest
2377 5395 2547 5449 etiam
2575 5401 2633 5450 et.
2659 5397 2837 5451 cauda
2865 5399 3181 5469 specialiter
3216 5400 3336 5471 ipse
3363 5400 3528 5454 Anti-

1937 5483 2180 5538 christus
2206 5482 2461 5560 intelligi,
2513 5484 2629 5559 qui
2662 5503 2829 5541 omne
2877 5489 3233 5542 mendacium
3273 5488 3524 5543 dicturus
