4048 6172
412 290 439 344 1
450 287 552 345 085

1338 290 1728 348 EXPOSITIO
1759 293 1836 348 IN
1866 293 2388 350 APOCALYPSIN.
2422 323 2479 334 —
2513 293 2648 348 LIB.
2683 293 2778 347 IlI.

3534 287 3676 348 1086

405 385 621 466 gnabit,
645 385 724 441 ita
741 392 798 442 et
811 387 1066 442 Christus
1085 387 1240 442 mille
1268 387 1525 444 ducentis
1566 389 1855 462 sexaginta
1885 391 1998 446 die—
2014 396 2064 454 Α
2089 403 2143 448 et
2156 392 2546 464 pugnatdraco
2568 407 2692 446 cum
2717 385 3207 450 suisdemonibus,
3235 387 3499 458 quoniam
3529 387 3678 443 sicut

408 473 533 542 bus,
558 476 613 530 id
641 482 726 536 est
754 477 935 531 tribus
965 477 1127 530 annis
1149 482 1206 530 et
1223 476 1476 541 dimidio,
1501 479 1838 555 praedicavit.
1855 480 2006 534 ideo-

409 581 518 642 que
546 557 726 620 totum
749 581 994 646 praesens
1017 571 1242 637 tempus
1289 583 1588 637 possumus
1617 569 1867 645 accipere
1905 585 2006 640 per

407 655 557 709 hunc
578 669 898 719 numerum,
933 672 967 709 a
995 671 1105 729 quo
1153 653 1342 709 divina
1371 655 1690 726 przedicatio
1719 658 1902 727 coepit,
1944 657 2003 711 in

411 759 520 817 quo
547 747 606 797 et
642 760 744 814 per
767 744 1097 804 novissimos
1151 744 1544 814 praedicatores
1585 744 2000 800 terminabitur.

409 831 570 886 Hanc
591 833 798 886 etenim
827 833 1118 886 mulierem
1150 831 1500 902 signiﬁcabat
1527 834 1658 886 olim
1683 835 1920 913 populus
1939 850 2004 888 ex

407 921 648 994 Egypto
669 938 944 992 egressus,
970 922 1066 992 qui
1094 921 1464 988 Pharaonem,
1483 923 1780 1007 draconem
1794 923 2006 976 scilicet

409 1010 504 1084 qui
531 1009 592 1064 in
622 1010 804 1064 medio
837 1009 1134 1070 ﬂuminum
1165 1025 1398 1064 suorum
1421 1010 1682 1075 cubabat,
1709 1010 1928 1080 fugiens
1947 1011 2002 1064 in

408 1097 694 1154 desertum
713 1099 1016 1170 perductus
1031 1105 1134 1163 est,
1161 1115 1271 1177 quo
1301 1115 1508 1153 manna
1529 1107 1860 1158 vesceretur,
1894 1106 1952 1153 ct
1970 1115 2004 1152 a

408 1203 602 1246 morsu
632 1188 936 1261 ignitorum
969 1188 1338 1261 serpentium,
1364 1187 1637 1264 aspiciens
1655 1205 1872 1243 aeneum
1891 1205 2007 1242 ser-

408 1283 634 1350 pentem
666 1275 721 1334 in
751 1275 903 1346 ligno
935 1292 1266 1346 suSpensum
1329 1276 1678 1331 liberaretur.
1711 1277 2004 1330 Desertum

410 1365 617 1440 quippe
645 1365 779 1426 illud
804 1363 1155 1434 signiﬁcabat
1173 1371 1500 1436 praesentem
1526 1365 1715 1423 vitam.
1751 1371 1807 1419 et
1826 1382 2006 1419 secre-

408 1459 495 1508 tas
525 1453 800 1508 mentium
832 1453 1182 1508 solitudines.
1213 1453 1275 1508 In
1307 1455 1412 1508 hac
1441 1455 1646 1526 quippe
1694 1455 1806 1508 vita
1829 1453 2006 1524 pasci-

409 1559 540 1596 mur
560 1559 692 1596 vero
716 1558 941 1604 manna,
967 1541 1020 1596 id
1051 1547 1138 1596 est
1163 1558 1394 1614 corpore
1439 1543 1662 1606 Christi,
1697 1543 1791 1613 qui
1823 1539 1957 1597 dicit
1987 1561 2008 1608 ε,

2087 482 2368 536 ᾶωτηοῐιθε
2401 487 2534 535 sunt
2562 481 2743 551 parati
2770 496 2994 550 semper
3021 479 3092 532 ad
3120 477 3678 548 impugnandum,ita

2088 578 2145 625 et
2172 571 2352 625 sancti
2380 569 2561 640 angeli
2591 569 2662 622 ad
2721 568 3112 622 resistendum.
3147 567 3411 622 Attamen
3450 582 3553 620 nec
3577 581 3678 620 nos

2087 660 2208 713 sine
2232 659 2582 728 angelorum,
2606 675 2709 712 nec
2729 673 2952 711 rursum
2975 657 3161 724 angeli
3179 657 3300 710 sine
3332 662 3526 710 nostro
3551 667 3679 708 con-

2089 748 2243 802 ﬂictu
2265 753 2459 800 contra
2482 747 2779 816 antiquum
2809 746 3028 800 hostem
3052 745 3340 799 dimicant.
3386 744 3679 814 Erigamus

2088 854 2220 908 ergo
2241 853 2402 890 arma
2429 835 2630 896 securi,
2683 835 2816 906 quia
2862 834 3192 888 fortissimos
3245 838 3447 887 nostra;
3485 817 3680 903 patriae

2087 926 2360 984 concives.
2379 924 2683 979 etinvictos
2704 923 2990 994 adjutores
3023 921 3312 1000 habemps,
3331 923 3492 992 juxta
3527 921 3679 990 quod

2083 1016 2383 1086 Apostolus
2411 1014 2548 1068 dicit
2576 1031 2586 1066 :
2613 1015 2804 1069 Nonne
2833 1029 3018 1067 omnes
3046 1011 3524 1066 administratorii
3546 1015 3677 1064 sunt

2084 1108 2318 1174 sin-ritus
2341 1087 2412 1156 tn.
2421 1106 2739 1156 ministeria
2749 1119 2800 1156 m
2825 1106 3224 1171 missi.proptcr
3243 1117 3326 1154 eos
3343 1103 3442 1169 qui
3457 1099 3682 1152 ha’redi-

2090 1199 2254 1246 tatem
2277 1195 2502 1259 capiunt
2525 1195 2723 1244 salutis
2740 1195 2764 1242 ἲ
2779 1191 2914 1244 inde
2937 1195 3124 1243 autem
3147 1189 3432 1250 illifortes,
3455 1189 3604 1242 unde
3623 1192 3682 1241 et

2086 1299 2224 1336 nos:
2252 1281 2382 1334 inde
2405 1279 2488 1334 illi
2508 1279 2716 1342 invicti,
2751 1279 2900 1332 unde
2927 1285 2983 1331 et
3011 1295 3130 1340 nos,
3164 1279 3220 1330 id
3279 1283 3362 1330 cst
3391 1293 3455 1331 ex
3495 1277 3683 1330 divina

2087 1371 2316 1436 virtute,
2339 1370 2460 1422 sine
2483 1385 2589 1439 qua
2616 1383 2718 1420 nec
2739 1367 3045 1438 illialiquid
3069 1367 3272 1430 valent,
3297 1382 3399 1419 nec
3427 1381 3548 1420 nos.
3574 1361 3682 1419 Pu-

2085 1465 2224 1532 gnat
2249 1459 2397 1512 enim
2415 1474 2564 1520 nunc
2581 1457 2842 1524 Michael,
2867 1456 2958 1526 qui
2974 1463 3059 1509 est
3073 1456 3402 1526 praepositus
3425 1453 3682 1507 Ecclesia}

2086 1533 2210 1604 cum
2243 1549 2360 1604 suis
2387 1547 2602 1616 angelis
2627 1563 2726 1617 pro
2755 1545 3020 1609 Ecclesia.
3055 1542 3337 1612 Pugnabit
3355 1543 3525 1596 etiam
3557 1557 3682 1603 am-

407 1632 518 1698 Ego
541 1647 666 1684 sum
687 1633 858 1698 panis
871 1633 1026 1684 vivus
1055 1635 1156 1700 qui
1179 1633 1241 1684 de
1263 1634 1388 1685 cato
1416 1631 1667 1685 descendi
1695 1637 1752 1686 et
1779 1637 1998 1696 caetera,
2025 1706 2066 1716 _
2089 1639 2235 1716 pnus
2265 1617 2518 1715 ιθιῃροιῖθ
2539 1635 2886 1696 Antichristi,
2931 1635 3096 1704 juxta
3138 1631 3306 1685 illud:
3337 1630 3399 1684 in
3423 1636 3679 1708 tempore

410 1736 592 1790 usque
613 1733 716 1786 pro
735 1719 937 1772 mundi
964 1724 1097 1776 vita.
1121 1721 1342 1774 Adsunt
1363 1720 1756 1800 quoqueigniti
1772 1737 2002 1790 serpen-
2025 1706 2072 1767 Β
2088 1706 2182 1780 illo
2212 1706 2512 1794 consurget
2540 1723 2780 1777 Michael
2815 1723 3070 1797 princeps
3091 1728 3276 1774 vester
3305 1725 3361 1774 et
3384 1706 3604 1773 caetera.

407 1815 516 1868 tes,
549 1807 603 1862 id
632 1816 716 1862 est
741 1808 1041 1873 daemones,
1073 1809 1168 1878 qui
1202 1809 1353 1862 virus
1410 1810 1672 1880 nequitia:
1701 1825 1814 1864 sua:
1845 1807 2007 1862 nobis

408 1895 706 1956 infundere
734 1904 1026 1953 conantur.
1043 1897 1140 1951 sed
1171 1913 1284 1951 non
1315 1899 1634 1968 praevalent,
1658 1897 2007 1969 quialibera-

413 2002 543 2045 mur
575 2003 676 2057 per
705 2001 830 2040 eum
863 1987 958 2056 qui
981 2003 1286 2056 suspensus
1314 1987 1372 2040 in
1397 2004 1562 2042 cruce
1601 2005 1702 2042 nos
1723 2003 1756 2041 a
1785 1987 2004 2042 diabolo

408 2073 690 2134 liberavit,
719 2075 812 2151 qui
843 2077 898 2127 et
929 2075 1354 2128 similitudinem
1369 2083 1573 2130 nostra:
1587 2075 1784 2130 habuit
1804 2081 2008 2129 morta-

409 2164 609 2226 litatis,
641 2171 832 2217 tamen
864 2180 976 2217 non
999 2163 1198 2217 habuit
1219 2165 1491 2218 maculam
1515 2166 1746 2236 peccati,
1769 2165 2006 2244 ideoque

415 2270 519 2310 nos
545 2252 615 2306 ab
639 2252 900 2307 omnibus
930 2255 1194 2328 praevalet
1221 2255 1494 2308 mundare
1523 2254 1764 2325 peccatis

460 2341 527 2396 Et
542 2343 752 2414 factum
771 2347 846 2395 est
860 2345 1117 2410 pretium
1131 2359 1395 2410 magnum
1417 2346 1474 2396 in
1491 2343 1766 2398 cato.Non
1778 2349 2008 2398 tuncso-

411 2431 701 2489 lummodo
721 2432 930 2486 factum
955 2439 1040 2486 est
1061 2433 1333 2504 praelium,
1361 2431 1656 2502 quandoin
1687 2432 1846 2486 initio
1869 2440 2007 2486 tern-

413 2519 569 2598 poris
593 2517 850 2574 diabolus
879 2538 980 2600 per
1006 2521 1325 2592 superbiam
1359 2521 1610 2589 dejectus
1635 2527 1722 2576 est
1751 2522 1820 2575 de
1848 2522 2006 2586 coelo,

415 2609 510 2662 sed
535 2614 593 2663 et
609 2609 834 2679 quando
855 2627 888 2663 a
909 2610 1126 2668 Domini
1147 2611 1403 2682 passione
1425 2611 1636 2678 ejectus
1657 2609 1726 2664 de
1747 2609 2008 2664 cordibus

413 2697 692 2763 ﬁdelium,
713 2697 880 2770 coepit
911 2698 1152 2770 amplius
1167 2699 1359 2751 saevire
1376 2703 1572 2751 contra
1582 2715 1795 2756 omnes.
1815 2704 1872 2752 et
1889 2698 2006 2752 haec

413 2803 604 2862 pugna
636 2794 955 2859 perseverat
981 2803 1158 2857 usque
1209 2786 1279 2840 ad
1335 2789 1502 2840 finem
1535 2787 1740 2850 saeculi,
1783 2787 2006 2858 quando

410 2891 538 2932 cum
575 2875 746 2934 fuerit
791 2875 1027 2936 solutus,
1057 2877 1556 2930 consummabitur.
1607 2875 1820 2930 Caelum
1857 2879 2004 2930 enim

411 2969 610 3024 sancta
627 2965 874 3025 Ecclesia
900 2972 1005 3030 est,
1023 2965 1080 3019 in
1099 2977 1208 3036 qna
1226 2967 1290 3020 ﬁt
1309 2967 1412 3020 hoc
1425 2967 1698 3036 praelium.
1745 2967 2004 3028 maxime,

2159 1815 2226 1868 Et
2257 1831 2370 1868 non
2390 1815 2887 1879 valuerunt,nequc
2909 1813 3056 1865 locus
3073 1813 3329 1872 inventus
3349 1807 3685 1876 cstamplt‘us
3744 1797 3752 1805 ’

2087 1919 2278 1956 eorum
2307 1906 2369 1956 in
2397 1904 2542 1957 caelo.
2605 1902 2789 1966 Quare
2843 1901 2997 1965 dicit,
3053 1915 3164 1953 non
3195 1898 3510 1960 valuerunt.
3553 1909 3682 1959 cum

2087 1992 2256 2047 etiam
2291 1997 2414 2062 post
2441 1989 2782 2065 baptismum
2813 1995 2868 2043 et
2918 2003 3078 2042 suam
3135 1985 3683 2050 abrenuntiationem

2089 2079 2343 2134 diabolus
2362 2079 2569 2133 multos
2586 2078 2862 2148 decipiat?
2879 2077 2988 2132 Sed
3012 2077 3141 2130 licet
3163 2075 3457 2128 videantur
3470 2089 3682 2153 pracva-

2087 2169 2202 2222 lere
2217 2169 2283 2222 ad
2308 2176 2552 2238 tempus,
2573 2173 2760 2220 tamen
2783 2167 2838 2220 in
2857 2181 2951 2220 eos
2967 2165 3060 2235 qui
3075 2165 3145 2218 ad
3173 2165 3345 2217 vitam
3373 2168 3506 2216 sunt
3532 2177 3684 2234 prte-

2089 2257 2372 2317 destinati,
2407 2273 2522 2310 non
2542 2256 2844 2330 praevalent
2873 2273 2886 2308 :
2917 2253 3050 2324 quia
3103 2253 3289 2306 ablato
3319 2260 3544 2328 peccato
3583 2267 3684 2329 per

2087 2345 2494 2425 pcenitentiam,
2525 2360 2635 2399 non
2665 2344 2877 2405 invenit
2897 2343 2955 2404 in
2976 2342 3056 2396 eis
3086 2343 3270 2396 locum
3284 2339 3559 2395 diabolus.
3581 2337 3684 2394 Ille

2090 2451 2334 2504 namque
2356 2434 2418 2487 fit
2440 2435 2562 2503 ejus
2585 2432 2940 2490 habitatio,in
2961 2432 3122 2500 cujus
3145 2435 3333 2484 mente
3345 2433 3545 2508 regnat
3565 2443 3688 2506 pec-

2092 2523 2460 2578 catum.Tolle
2477 2539 2610 2604 ergo
2633 2537 2866 2597 regnum
2888 2519 3118 2590 peccati,
3153 2525 3208 2573 et
3228 2535 3339 2572 non
3369 2518 3688 2581 invenietur

2089 2613 2244 2668 locus
2272 2611 2513 2665 diabolo.
2549 2611 2692 2663 Sunt
2719 2615 2905 2662 autem
2935 2613 2991 2662 et
3009 2607 3337 2662 nonnulliin
3364 2605 3567 2676 quibus
3585 2621 3688 2669 nec

2087 2703 2156 2756 ad
2187 2705 2412 2771 tempus
2442 2699 2763 2778 praevalent,
2800 2696 2932 2768 quia
2961 2697 3028 2750 ad
3059 2697 3273 2750 nullum
3307 2694 3544 2748 mortale
3573 2693 3684 2747 cri-

2089 2807 2217 2845 men
2239 2807 2333 2844 eos
2355 2795 2588 2860 possunt
2615 2787 2948 2858 impingere,
2973 2803 3074 2858 per
3093 2785 3240 2857 quod
3261 2784 3484 2838 illorum
3517 2781 3684 2836 corda

2088 2879 2328 2934 debeant
2348 2875 2871 2950 possidere,quibus
2907 2876 3114 2929 Paulus
3139 2875 3218 2928 ait
3249 2892 3260 2927 :
3293 2873 3470 2938 Nolite
3505 2875 3684 2930 locum

2089 2971 2222 3022 dare
2251 2969 2488 3028 diabolo.
2523 2968 2712 3020 Potest
2732 2973 2919 3026 autem
2951 2969 3007 3018 et
3031 2965 3131 3026 hoc
3154 2962 3471 3034 specialiter
3488 2959 3688 3024 referri

413 3059 479 3108 ut
505 3052 770 3120 diximus,
785 3071 851 3108 ex
875 3071 984 3130 quo
1019 3071 1115 3126 per
1135 3055 1302 3108 ﬁdem
1325 3056 1538 3124 ejectus
1559 3061 1645 3109 est
1661 3055 1730 3108 de
1747 3053 2007 3109 cordibus
2023 3058 2066 3118 C
2089 3058 2158 3111 ad
2180 3057 2326 3110 diem
2346 3055 3030 3126 judicii,quandoillorum
3053 3059 3337 3114 certamen
3355 3051 3424 3104 ab
3443 3051 3688 3114 adventu

415 3141 783 3206 credentium,
818 3144 1085 3220 apostolis
1141 3143 1591 3214 praedicantibus,
1617 3146 1774 3214 juxta
1826 3145 1962 3198 illud
1995 3164 2006 3198 :

412 3232 538 3287 Non
562 3238 636 3286 cst
656 3233 808 3286 nobis
838 3233 1150 3286 colluctatio
1173 3235 1434 3287 adversus
1463 3239 1749 3287 carncmct
1777 3237 2010 3300 sangui-

417 3336 561 3385 nem,
593 3326 650 3374 et
687 3326 904 3374 caetera.
930 3321 1019 3376 Sic
1063 3321 1211 3375 enim
1261 3322 1494 3376 dicitur:
1521 3323 1745 3375 Factum
1773 3327 1849 3375 est
1876 3339 2012 3391 pra:-

415 3412 560 3464 lium
584 3426 853 3478 magnum
875 3414 935 3463 in
957 3413 1100 3469 calo.
1129 3416 1193 3464 ut
1220 3409 1290 3464 ab
1317 3411 1479 3464 initio
1521 3410 1650 3464 ﬁdel
1684 3411 2012 3466 Christianae

417 3515 596 3568 usque
621 3498 692 3551 ad
724 3499 914 3562 ﬁnem,
946 3504 1127 3552 totum
1158 3507 1380 3571 tempus
1407 3500 1530 3554 vitae
1561 3501 1852 3573 praesentis
1866 3517 2014 3554 com-

416 3587 708 3658 prehendi,
733 3587 854 3642 sine
875 3587 1062 3658 aliqua
1081 3587 1430 3642 dubitatione
1447 3590 2013 3658 credatur,quatcnus

420 3681 477 3730 et
497 3675 702 3729 factum
727 3676 783 3729 in
814 3676 1134 3746 praeteritis,
1167 3684 1224 3730 et
1254 3693 1378 3730 csse
1421 3677 1478 3730 in
1531 3675 1918 3747 pratentibus.
1955 3683 2014 3737 et

419 3763 923 3818 consummandum
943 3765 1002 3817 in
1031 3763 1350 3818 novissimis
1378 3773 1681 3818 asseratur.
1715 3766 1946 3821 Michael
1965 3771 2012 3820 et

422 3857 608 3921 angeli
631 3856 748 3922 ejus
777 3855 1184 3920 pratiabantur
1237 3871 1364 3913 cum
1392 3857 1646 3913 dracone.
1679 3855 1875 3926 Angeli
1907 3855 2013 3914 Mi-

421 3941 650 4005 chaelis,
673 3941 756 3998 vel
769 3942 1027 4002 draconis
1043 3942 1308 4002 dicuntur
1329 3943 1440 4001 illis
1460 3943 1670 4002 subditi
1691 3951 1748 4003 et
1777 3945 1849 4000 ad
1875 3944 2009 4003 obe-

418 4031 685 4089 diendum
715 4031 893 4094 missi,
918 4047 1030 4086 non
1060 4038 1251 4090 tamen
1279 4030 1348 4090 ab
1375 4033 1456 4090 eis
1483 4033 1676 4097 creati,
1710 4033 1855 4089 sicut
1883 4034 2012 4104 qui-

2092 3147 2316 3206 Domini
2341 3147 2397 3200 in
2425 3145 2638 3216 judicio
2668 3143 3085 3200 terminabitur.
3116 3143 3238 3206 Quo
3295 3147 3542 3222 peracto,
3579 3139 3688 3194 ista

2093 3235 2374 3294 sententia
2402 3233 2792 3305 complebitur,
2828 3249 2939 3288 non
2974 3232 3270 3286 valuerunt
3298 3229 3529 3294 scilicet,
3555 3228 3688 3299 quia

2093 3325 2150 3378 in
2175 3325 2287 3378 ﬁne
2316 3322 2641 3377 certaminis
2665 3321 3050 3380 succumbent.
3085 3321 3282 3400 Neque
3307 3317 3460 3374 locus
3491 3333 3687 3398 eorum

2095 3413 2336 3484 amplius
2362 3413 2622 3466 inventus
2641 3418 2726 3465 est
2755 3411 2809 3464 in
2835 3409 2992 3465 coelo.
3023 3409 3155 3480 quia
3183 3415 3318 3464 tunc
3337 3407 3590 3462 fUnditus
3617 3405 3688 3460 ab

2097 3503 2286 3556 electis
2307 3501 2534 3572 exclusi,
2562 3499 2874 3572 decipiendi
2923 3499 3070 3552 ultra
3123 3503 3344 3568 tempus
3373 3511 3486 3550 non
3523 3493 3692 3548 habe-

2098 3590 2256 3644 bunt.
2599 3603 2609 3611 ‘

2167 3679 2230 3739 Et
2254 3681 2530 3746 prefect-us
2557 3682 2631 3730 est
2661 3679 2828 3730 draco
2869 3679 2964 3730 ille
3013 3691 3271 3742 magnus,
3303 3688 3520 3742 serpens
3543 3675 3691 3726 anti-

2095 3783 2258 3836 quus,
2291 3769 2390 3834 qui
2417 3771 2646 3819 vocatur
2672 3765 2924 3818 diabolus
2945 3770 2994 3817 ct
3019 3761 3689 3832 Satanastseantiquus

2095 3855 2290 3921 hostiS,
2326 3859 2388 3908 ut
2407 3855 2524 3924 jam
2551 3853 2765 3916 dictum
2786 3860 2889 3914 est,
2929 3851 3097 3908 draco
3125 3843 3692 3929 appellatur‘propter

2093 3944 2502 4003 immanitatem
2527 3941 2771 3997 sceleris.
2806 3957 3042 4016 magnus
3073 3948 3303 4016 propter
3333 3939 3580 3998 occultas
3601 3936 3692 3990 in-

2097 4033 2268 4092 sidias
2293 4051 2306 4086 :
2339 4037 2396 4086 et
2416 4031 2549 4102 quia
2572 4047 2634 4088 ex
2655 4031 2834 4089 multo
2854 4033 3107 4103 tempore
3139 4034 3557 4099 nocet.serpens
3587 4042 3692 4090 an-

2097 4121 2449 4194 tiquus.quia
2472 4137 2572 4196 per
2595 4127 2914 4196 serpentem
2946 4119 3192 4193 primum
3226 4116 3509 4178 hominem
3533 4115 3692 4177 dece-

402 4119 551 4208 dam
573 4119 855 4190 vaniloqui
871 4121 1133 4178 dixerunt
1146 4120 1390 4180 haeretici
1418 4140 1429 4178 :
1455 4121 1540 4180 vel
1564 4121 1732 4175 etiam
1747 4123 2012 4199 quoniam

423 4207 527 4263 sub
559 4224 670 4265 uno
689 4225 822 4278 rege
850 4209 905 4266 in
932 4225 1044 4266 una
1072 4208 1294 4266 civitate
1325 4209 1570 4268 militare
1591 4210 1898 4268 creduntur
1924 4211 2017 4268 Sic
2097 4211 2181 4286 pit
2208 4210 2421 4276 fraude,
2453 4217 2511 4268 et
2534 4208 2610 4262 sic
2641 4225 2768 4268 eum
2818 4224 3028 4267 veneno
3073 4205 3336 4278 nequitiae
3385 4205 3688 4266 interemit.

427 4297 578 4352 enim
604 4297 848 4354 solemus
869 4302 927 4352 et
943 4313 1046 4352 nos
1075 4297 1281 4356 dicere.
1302 4299 1553 4356 videntes
1573 4316 1667 4354 eos
1699 4300 1793 4374 qui
1824 4316 1888 4354 ex
1919 4300 2346 4381 ea-DVocatur
2375 4314 2596 4374 quoque
2627 4297 2904 4362 diabolus,
2945 4293 3003 4353 id
3033 4302 3117 4354 est
3165 4295 3426 4354 deorsum
3489 4294 3688 4360 ﬂuens,

427 4384 556 4441 dem
577 4385 986 4444 societatesunt
1009 4398 1020 4433 ε
1043 4385 1179 4446 Ecce
1199 4386 1309 4444 mei
1333 4392 1432 4444 aut
1457 4387 1651 4444 nostri.
1698 4386 1840 4446 Hinc
1869 4389 2015 4446 enim
2099 4388 2213 4445 sive
2237 4387 2587 4450 criminatur,
2612 4387 2744 4460 quia
2775 4386 3024 4464 quotidie
3045 4385 3115 4442 de
3159 4385 3418 4444 cordibus
3443 4382 3695 4444 ﬁdelium

425 4473 778 4534 Dominusde
801 4474 1018 4546 pusillis
1043 4473 1123 4530 ait
1151 4474 1206 4529 in
1243 4475 1540 4548 Evangelia
1564 4493 1576 4528 :
1601 4479 1798 4546 Angcti
1828 4493 2018 4536 eorum

393 4577 641 4633 .scmper
667 4564 850 4619 vident
881 4565 1080 4630 faciem
1108 4565 1295 4622 Patris
1325 4567 1454 4626 mei,
1503 4566 1602 4632 qui
1658 4568 1721 4621 in
1764 4568 1907 4624 catis
1945 4572 2019 4624 est

431 4649 1159 4724 (Matthmvunﬂinclosue
1187 4651 1492 4724 principem
1509 4653 1783 4709 exercitus
1799 4653 2020 4710 Domini

424 4738 741 4810 interrogat
759 4739 950 4796 dicens
971 4753 984 4792 :
1007 4740 1200 4798 Noster
1211 4757 1280 4802 es,
1293 4757 1368 4799 an
1384 4741 1836 4800 adversariorum
1853 4748 1878 4796 ?
1895 4743 2027 4800 Om-

426 4844 527 4884 nes
554 4827 702 4886 enim
731 4828 918 4898 angeli
963 4827 1115 4900 boni,
1179 4829 1444 4887 dicuntur
1495 4831 1681 4900 angeli
1714 4831 2020 4897 Michaelis,

429 4917 563 4990 quia
591 4917 662 4972 ad
691 4918 817 4994 ejus
842 4916 1168 4975 societatem
1216 4920 1517 4994 pertinent.
1553 4921 1617 4982 In
1649 4936 1758 4990 quo
1792 4937 2027 4978 numero

425 5005 700 5062 bonorum
730 5006 1083 5080 angelorum,
1107 5008 1276 5064 etiam
1313 5009 1571 5066 homines
1595 5009 1734 5082 justi
1765 5026 2026 5078 compre-

424 5095 752 5152 henduntur
773 5101 1085 5169 pugnantes
1099 5113 1225 5157 cum
1246 5097 1671 5156 diabolo.Porro
1690 5098 1875 5172 angeli
1892 5097 2023 5155 dra-

431 5183 588 5240 conis
613 5183 879 5240 dicuntur
941 5201 1136 5244 omnes
1189 5190 1467 5259 quotquot
1515 5185 1566 5243 ei
1597 5192 2022 5248 consenserunt.

432 5272 656 5344 quando
677 5271 1004 5348 superbiens
1027 5273 1166 5330 dixit
1197 5291 1208 5326 :
1242 5275 1542 5332 Ascendam
1571 5291 1734 5349 super
1765 5277 2024 5333 altitudi-

433 5363 705 5425 ncmcwtz',
730 5368 790 5420 et
808 5362 1136 5420 cactera.Uhi
1161 5363 1332 5418 etiam
1359 5363 1570 5432 pariter
1609 5365 1882 5422 malorum
1918 5364 2020 5418 bo-

431 5449 649 5508 minum
671 5450 853 5506 forma
879 5451 1390 5526 comprehenditur.
1418 5451 1679 5527 Pugnant
1707 5452 1898 5528 itaque
1935 5453 2027 5506 κεί-

435 5537 595 5594 chael
624 5545 682 5593 et
709 5539 894 5612 angeli
919 5541 1040 5612 ejus
1067 5541 1129 5596 in
1157 5541 1317 5608 coelo,
1370 5540 1476 5596 hoc
1531 5546 1636 5609 est,
1668 5541 1730 5596 in
1757 5541 2021 5610 Ecclesia,

2102 4476 2245 4536 fluit,
2270 4481 2327 4530 et
2374 4475 2506 4534 inde
2557 4475 2764 4533 dicitur
2816 4475 3074 4540 Satanas,
3122 4474 3176 4530 id
3208 4479 3295 4530 est
3359 4471 3693 4536 contrarius,

2103 4565 2234 4642 quia
2257 4565 2432 4624 bonos
2455 4565 2790 4634 insequitur.
2824 4561 3064 4638 quorum
3095 4561 3176 4621 illi
3207 4577 3376 4632 opera
3405 4565 3538 4620 Sunt
3567 4574 3697 4618 con-

2104 4655 2298 4712 traria.
2333 4656 2440 4728 Qui
2465 4655 2670 4712 seducit
2701 4654 3025 4710 universum
3055 4651 3261 4708 urbem.
3299 4650 3363 4706 1n
3393 4648 3481 4706 his
3508 4643 3699 4708 videli-

2109 4751 2196 4800 cet
2223 4759 2344 4819 quze
2365 4747 2620 4820 pereunt,
2653 4739 2708 4798 id
2739 4745 2825 4793 est
2845 4745 3065 4815 partem
3119 4736 3290 4796 orbis.
3342 4737 3486 4795 Nam
3516 4751 3551 4794 ει
3579 4739 3698 4794 toto

2110 4837 2324 4904 partem
2348 4830 2662 4902 intelligere
2691 4827 2978 4891 debemus,
3009 4826 3142 4897 quia
3189 4825 3444 4898 quamvis
3492 4825 3700 4886 multos

2110 4921 2412 4979 electorum
2444 4919 2502 4978 in
2533 4917 2699 4974 corde
2727 4917 3057 4993 plerumque
3085 4915 3334 4974 seducat.
3367 4931 3481 4975 non
3507 4920 3699 4980 tamen

2107 5009 2165 5067 in
2195 5012 2550 5081 perpetuum,
2579 5022 2680 5060 nec
2709 5005 2778 5057 ad
2837 5010 3102 5063 aeternam
3149 5010 3404 5064 mortem,
3439 5004 3504 5060 Et
3523 5008 3704 5080 ρνρίε-

2107 5103 2223 5156 ctus
2253 5100 2328 5152 est
2357 5097 2418 5150 in
2450 5101 2682 5155 terram.
2717 5094 3004 5165 Proiectus
3029 5099 3116 5154 εει
3150 5099 3337 5152 autem
3369 5093 3438 5152 de
3465 5094 3604 5155 ccelo
3642 5093 3702 5148 in

2107 5191 2338 5250 terram,
2364 5183 2420 5238 id
2441 5189 2528 5242 est
2549 5183 2618 5240 de
2649 5181 2934 5242 mentibus
2967 5182 3272 5242 electorum
3315 5183 3375 5240 in
3404 5183 3572 5242 corda
3609 5199 3700 5242 re-

2108 5272 2429 5347 proborum,
2463 5287 2571 5330 non
2591 5287 2700 5342 quo
2716 5271 2774 5324 in
2805 5269 2885 5327 eis
2909 5276 2965 5328 et
2985 5277 3115 5331 ante
3130 5287 3242 5329 non
3260 5277 3399 5334 erat.
3433 5271 3531 5328 sed
3551 5270 3700 5345 quod

2106 5361 2176 5420 ab
2198 5361 2318 5421 istis
2339 5361 2594 5422 exclusus
2613 5359 2856 5436 amplius
2887 5359 2996 5421 illis
3012 5360 3288 5422 dominari
3309 5357 3699 5428 cmperitRui-

2109 5466 2238 5512 nam
2268 5450 2388 5526 ejus
2419 5455 2571 5508 terra
2609 5449 2812 5523 excipit
2868 5449 3002 5528 quia
3051 5456 3275 5510 terrena
3305 5445 3695 5526 quaerentium,

2107 5546 2334 5594 terrena
2359 5537 2697 5610 sapientium
2725 5545 2943 5594 mentes
2969 5535 3201 5592 invadit.
3232 5536 3314 5590 De
3343 5550 3458 5604 qua
3486 5533 3699 5590 scilicet
