4048 6172
422 209 439 264 1
450 208 554 265 087

835 211 1213 266 HAYMONIS
1250 209 1740 269 HALBERSTAT.
1783 212 1986 268 EPISC

2076 212 2208 266 )PP.
2252 212 2435 266 PARS
2473 213 2518 266 Ι.
2563 244 2623 255 -
2667 210 3042 266 COMMENT.
3083 207 3267 264 BIBL.

3538 202 3693 261 1088

410 340 565 391 terra
586 337 767 393 eidem
797 337 1045 409 serpenti
1072 337 1126 390 in
1159 336 1341 407 prima
1384 337 1771 393 maledictione
1794 337 2287 410 figura-Ahabere
2308 338 2530 403 fratres,
2560 336 2652 407 qui
2688 334 2986 390 Dominum
3017 333 3225 388 habent
3259 332 3540 386 hominem
3562 330 3691 384 fra—

412 424 520 478 tim
549 426 753 480 dicitur
787 446 797 481 :
828 428 1057 481 Terram
1097 426 1354 480 comedes
1399 427 1614 479 cunctis
1659 428 1855 483 diebus
1885 430 2009 484 vitze

413 516 547 567 tute.
578 516 720 568 Nam
755 516 899 586 quod
954 515 1233 585 Propheta
1285 514 1420 568 dicit
1451 533 1462 567 :
1497 515 1632 568 Esi-a
1680 518 1801 585 ejus
1826 519 2007 583 electi,

417 600 488 653 de
512 602 624 656 illis
644 609 730 656 est
758 603 1201 671 intelligendum,
1223 603 1703 673 quimstimatione
1719 606 2009 659 hominum

417 688 578 742 electi
609 690 972 761 apparebant,
1003 691 1097 744 sed
1130 692 1187 744 in
1240 700 1539 762 conspectu
1586 693 1684 747 Dei
1711 694 1829 762 jam
1861 703 2012 748 terra

412 783 595 833 erant.

486 867 553 921 Et
569 868 767 920 audiri
786 883 962 920 rocem
976 882 1235 934 magnam
1254 868 1317 919 de
1342 869 1465 921 eazlo
1506 870 1771 924 dicentem
1796 890 1812 925 :
1849 872 2013 927 Nunc

416 953 566 1019 facta
582 960 655 1008 est
676 958 885 1008 satuset
903 958 1081 1009 virtus
1109 960 1155 1007 et
1187 972 1419 1022 regnum
1438 958 1752 1022 Deinostri,
1785 965 1831 1013 et
1862 966 2008 1029 pote-

411 1047 524 1096 stas
549 1044 760 1098 Christi
780 1047 915 1111 ejus.
943 1044 1073 1097 Haec
1107 1060 1206 1097 vox
1228 1045 1297 1097 ad
1320 1061 1483 1099 omne
1511 1064 1753 1115 prmsens
1785 1054 2007 1120 tempus

411 1132 657 1201 pertinet
677 1149 799 1202 quae
820 1133 989 1202 cmpit
1008 1133 1079 1185 ab
1100 1133 1166 1185 ad
1177 1140 1342 1186 ventu
1368 1135 1773 1206 Redemptoris,
1793 1138 1891 1191 sed
1920 1155 2009 1192 us-

412 1235 634 1289 quequo
655 1220 723 1273 ad
740 1220 1279 1273 consummationem
1300 1223 1603 1290 perveniat,
1623 1224 1866 1278 clamare
1896 1242 2007 1279 non

411 1304 637 1360 desinit.
670 1308 786 1360 Vox
836 1308 1026 1377 itaque
1070 1308 1123 1360 in
1156 1308 1294 1361 co~lo
1324 1309 1448 1365 ista.
1481 1316 1567 1363 est
1596 1328 1864 1381 magnum
1892 1314 2007 1368 ele-

408 1399 625 1447 ctorum
647 1395 983 1449 desiderium
1019 1396 1078 1449 in
1136 1396 1410 1450 Ecelesia:
1441 1400 1607 1451 Nunc
1636 1401 1785 1467 facta
1815 1408 1890 1455 est
1918 1420 2005 1456 sa-

409 1484 516 1536 lus.
550 1482 659 1536 Sed
688 1483 840 1537 omni
870 1491 1121 1556 tempore
1152 1486 1276 1540 vitae
1310 1488 1616 1556 prmsentis,
1661 1488 1732 1541 ab
1758 1490 2000 1546 adventu

406 1569 619 1624 scilicet
662 1573 985 1627 mediatoris
1013 1591 1189 1644 usque
1214 1576 1281 1627 ad
1314 1576 1479 1628 tinem
1514 1578 1763 1646 ejusdem
1798 1582 1998 1649 praedi-

408 1657 662 1719 cationis,
687 1661 839 1713 salus
885 1661 1027 1715 facta
1064 1662 1306 1732 est,quia
1324 1665 1507 1733 gratia
1526 1666 1623 1719 Dei
1644 1667 1723 1719 vel
1751 1651 2058 1723 bonitateB

405 1762 599 1801 sumus
621 1748 835 1807 salvati,
857 1750 1002 1803 unde
1022 1751 1319 1805 Psalmista
1341 1752 1475 1806 dicit
1504 1772 1515 1806 :
1546 1755 1773 1808 Domini
1818 1765 1893 1811 est
1914 1775 1999 1811 sa-

403 1837 576 1897 lus,et
593 1840 1011 1893 caateraﬁactus
1029 1846 1103 1893 est
1120 1843 1317 1901 virtus,
1353 1842 1481 1910 quia
1497 1859 1595 1913 per
1618 1844 1776 1898 illum
1804 1863 1998 1901 sumus

403 1922 673 1980 roborati.
698 1926 953 1997 Regnum
983 1945 1203 1999 quoque
1225 1938 1278 1982 et
1306 1938 1553 2000 potestas
1605 1933 1748 1987 facta
1774 1941 1860 1989 est
1898 1936 1996 1989 Dei

403 2013 602 2066 nostri.
630 2014 916 2086 Sicutipse
939 2034 1236 2087 resurgens
1256 2035 1290 2070 a
1313 2020 1548 2073 mortuis
1568 2020 1728 2075 dicit:
1755 2023 1891 2075 [tata
1923 2029 1995 2077 est

404 2102 548 2155 mihi
561 2107 741 2157 omnis
752 2109 982 2171 potestas
1002 2109 1064 2159 in
1086 2109 1208 2160 calo
1228 2112 1275 2159 et
1298 2110 1357 2160 in
1378 2113 1526 2161 terra
1546 2108 1760 2176 (Matth.
1781 2118 1988 2177 xxviii).

402 2191 624 2256 —-0uia
639 2196 912 2260 projectus
934 2199 1008 2247 est
1027 2200 1314 2247 accusator
1352 2198 1603 2262 fratrum
1652 2204 1989 2265 nostrorum,

406 2279 803 2344 quiaccusabat
827 2284 948 2333 illos
968 2288 1097 2335 ante
1122 2298 1465 2350 conspectum
1490 2287 1588 2338 Dei
1608 2290 1789 2339 nostri
1816 2290 1903 2340 die
1929 2304 1995 2341 ac

406 2370 577 2419 nocte.
620 2368 1132 2423 Acrusatiodiaboli
1163 2371 1302 2424 nihil
1334 2378 1419 2425 est
1446 2372 1615 2435 aliud,
1650 2374 1755 2428 nisi
1778 2376 1846 2428 ad
1881 2393 1996 2430 ma-

399 2451 515 2506 lum
539 2456 1093 2526 praecipitatioTunc
1121 2460 1267 2512 enim
1295 2464 1769 2533 accusat,quando
1796 2464 1993 2534 dignos

402 2544 756 2599 accusatione
820 2547 1022 2610 reddit,
1091 2565 1202 2602 non
1249 2548 1527 2620 loquendo
1592 2552 1852 2609 exterius.
1895 2555 1990 2607 sed

401 2630 641 2687 odiendo
671 2634 925 2689 interius.
959 2636 1065 2690 Sed
1106 2637 1176 2690 ab
1200 2638 1303 2691 hac
1349 2641 1700 2695 accusatione
1733 2642 1827 2695 ille
1852 2642 1993 2696 liber

396 2728 646 2791 apparet,
684 2724 777 2794 qui
812 2724 867 2777 in
893 2741 953 2778 se
978 2742 1241 2780 accusare
1265 2728 1453 2781 studet
1469 2730 1614 2799 quod
1642 2730 1711 2783 ab
1740 2732 1994 2786 adversa-

403 2810 597 2864 riosuo
618 2814 867 2867 accusari
896 2831 1058 2884 posse
1096 2817 1397 2886 cognoscit.
1421 2819 1616 2888 Angeli
1638 2820 1827 2891 itaque
1856 2838 1992 2892 gau-

396 2898 592 2953 dentes
621 2900 691 2954 de
721 2909 912 2957 nostra
941 2905 1309 2972 revocatione,
1333 2906 1597 2960 laetantur
1616 2908 1685 2961 de
1711 2925 1842 2963 casu
1877 2911 1989 2964 dia-

2093 436 2255 482 trem.
2292 427 2354 482 In
2385 428 2673 481 dieautem
2704 433 2760 479 et
2787 431 2968 487 nocte,
2994 424 3077 476 vel
3104 422 3426 476 continuum
3456 430 3694 491 tempus

2093 516 2446 586 intelligitur,
2480 517 2562 568 vel
2594 530 2858 585 prospera
2880 513 2963 566 vel
3007 512 3255 565 adversa.
3288 511 3348 564 In
3378 510 3467 563 die
3496 516 3558 563 et
3588 525 3695 562 no-

2094 612 2179 659 cte
2208 604 2463 658 diabolus
2486 610 2725 663 accusat,
2760 601 2983 673 quando
3011 601 3149 653 alios
3191 599 3249 653 in
3292 598 3697 669 prosperitati-

2095 693 2195 747 bus
2217 692 2451 757 extollit,
2484 699 2652 762 atque
2683 692 2822 744 alios
2877 688 3307 743 adversitatibus
3354 687 3588 757 frangit,
3630 692 3696 739 et

2092 782 2197 835 hoc
2224 789 2356 836 ante
2388 787 2743 853 conspectum
2777 779 2898 844 Ilei,
2938 778 3033 847 qui
3066 776 3272 847 ubique
3300 782 3402 835 est.
3423 776 3593 846 juxta
3617 774 3697 828 il—

2092 870 2186 924 lud
2209 890 2220 923 :
2253 872 2466 924 Caelum
2494 876 2547 923 et
2574 875 2779 923 terram
2802 883 2904 936 ego
2928 866 3161 937 impleo.

2166 959 2346 1026 Etipst
2366 962 2614 1012 vicerunt
2637 961 2820 1010 illum.
2850 955 2911 1010 ld
2937 952 3228 1018 est,sancti
3245 952 3341 1023 qui
3359 952 3415 1005 in
3428 951 3696 1006 Ecclesia

2091 1053 2223 1101 sunt
2252 1053 2308 1101 et
2336 1048 2394 1101 in
2423 1048 2580 1111 caelo,
2614 1046 2822 1099 bellum
2866 1051 3061 1098 contra
3115 1042 3409 1096 draconem
3438 1042 3688 1105 faciunt,

2090 1136 2194 1189 hoc
2224 1141 2327 1197 est,
2360 1136 2418 1190 in
2441 1135 2707 1190 societate
2737 1134 3060 1187 electorum.
3093 1134 3318 1200 Propter
3345 1134 3691 1197 sanguinem

2089 1228 2244 1292 agni.
2280 1226 2453 1293 Cujus
2482 1223 2737 1277 videlicet
2769 1221 3088 1275 Passionem
3132 1219 3424 1273 imitantur
3444 1217 3697 1271 mortiﬁ-

2090 1319 2279 1367 cantcs
2309 1330 2368 1367 se
2396 1329 2522 1367 cum
2550 1312 2700 1365 vitiis
2754 1316 2810 1364 et
2851 1308 3326 1378 concupiscentiis.
3363 1307 3426 1360 Et
3449 1314 3696 1375 propter

2085 1404 2309 1456 verbum
2328 1403 2630 1454 testimonii
2643 1403 2735 1453 sui
2777 1399 2921 1463 Quia
2938 1396 3327 1451 rectitudinem
3352 1396 3478 1449 tidei
3492 1400 3695 1448 custo-

2082 1490 2334 1544 diunt.Et
2364 1507 2475 1544 non
2504 1490 2818 1542 dilexerunt
2838 1491 3061 1540 animas
3089 1502 3218 1539 suas
3244 1500 3407 1554 usque
3425 1486 3498 1536 att
3526 1500 3690 1536 mor-

2084 1585 2210 1632 tem.
2239 1579 2383 1643 Quia
2409 1585 2539 1632 ante
2572 1579 2864 1647 elegenmt
2891 1576 3032 1629 mori
3061 1576 3120 1628 in
3147 1575 3253 1628 hac
3281 1562 3392 1626 vita
3426 1578 3487 1626 ut
3516 1578 3691 1642 post-

2080 1669 2311 1722 modum
2368 1673 2672 1737 regnarent
2717 1682 2844 1720 cum
2877 1665 3120 1728 Christo,
3155 1679 3321 1734 quam
3366 1662 3454 1716 hic
3486 1662 3689 1715 vivere

2080 1756 2484 1827 temporaliter,
2507 1761 2561 1808 et
2592 1754 2945 1826 postmodum
2992 1751 3333 1807 aeternaliter
3357 1749 3559 1821 perire,
3588 1767 3692 1804 us-

2081 1862 2188 1914 que
2217 1846 2287 1898 ad
2317 1850 2555 1899 mortem
2596 1861 2655 1898 se
2702 1848 3027 1915 posuerunt,
3060 1859 3131 1896 ne
3174 1840 3389 1895 animas
3418 1856 3549 1892 suas
3575 1855 3690 1892 ne-

2081 1934 2267 2005 quiter
2297 1938 2572 1987 amarent.
2607 1933 2750 1986 llinc
2780 1932 2988 1985 Paulus
3024 1930 3163 1983 dixit
3193 1945 3204 1978 :
3238 1930 3350 1999 Ego
3379 1927 3527 1982 enim
3560 1944 3687 1982 non

2078 2022 2257 2075 solum
2281 2022 2621 2092 alligari,sed
2644 2028 2700 2075 et
2728 2021 2872 2074 mori
2901 2024 3130 2091 paratus
3150 2034 3275 2073 sum
3300 2034 3400 2089 pro
3424 2016 3683 2081 Christo,

2080 2126 2173 2162 nec
2184 2112 2328 2177 facio
2342 2112 2597 2163 animam
2623 2126 2801 2162 meam
2821 2111 3193 2177 pretiosiorem
3210 2122 3371 2175 quam
3406 2121 3489 2156 me
3522 2104 3681 2174 (Act.

2077 2204 2192 2264 xx).
2218 2199 2286 2251 Et
2315 2198 2585 2252 Dominus
2618 2217 2627 2250 :
2659 2200 2765 2265 Qui
2806 2202 2957 2250 amat
3004 2198 3261 2250 am‘mam
3292 2209 3447 2247 suam
3487 2193 3685 2262 perdet

2076 2304 2215 2340 eam.
2238 2286 2543 2342 Imitantur
2567 2288 2715 2341 enim
2748 2287 3044 2341 Dominum
3075 2300 3261 2348 suum,
3295 2298 3458 2353 quem
3487 2281 3689 2335 sciunt

2074 2392 2174 2446 pro
2200 2392 2302 2429 sua
2333 2376 2715 2446 redemptione
2743 2392 2851 2429 non
2884 2373 3195 2445 pepercisse
3224 2375 3423 2425 animae
3452 2387 3585 2424 suae.

2145 2466 2433 2533 Propterea
2458 2468 2747 2524 la'tamini,
2780 2468 2917 2527 cce/1',
2946 2463 3000 2517 id
3056 2468 3143 2516 est
3179 2477 3373 2515 omnes
3402 2458 3678 2513 ecclesiae.

2075 2554 2282 2607 Plurali
2314 2554 2462 2607 enim
2493 2570 2729 2608 numero
2758 2559 3012 2615 utuntur,
3048 2552 3178 2620 quia
3207 2548 3680 2603 numerositatem

2073 2642 2442 2697 Ecclesiarum
2459 2644 2835 2713 assignant.Et
2861 2645 2963 2710 qui
2991 2642 3254 2693 habitatis
3286 2641 3343 2691 in
3369 2635 3535 2690 eis.Id
3564 2642 3679 2696 est,

2074 2747 2268 2785 omnes
2296 2733 2472 2785 sancti
2499 2733 2593 2802 qui
2620 2733 2675 2786 in
2730 2730 3161 2801 congregatione
3211 2732 3535 2780 sanctorum
3559 2742 3686 2779 mo-

2073 2820 2297 2885 ramini,
2329 2821 2414 2873 vel
2440 2827 2589 2874 certe
2617 2820 2960 2874 habitatores
3006 2818 3294 2882 caelorum,
3324 2813 3555 2884 angelos
3583 2813 3681 2866 in-

2072 2912 2325 2981 telligere
2356 2927 2674 2981 possumus,
2708 2910 2909 2981 quibus
2951 2908 3299 2962 concorditer
3330 2904 3391 2958 in
3435 2903 3678 2957 Domino

402 2986 694 3043 boliUnde
714 2990 772 3044 in
803 2992 1023 3046 Domini
1046 2970 1336 3048 nativitate
1368 2995 1658 3050 dicebant:
1695 2997 1883 3051 Gloria
1921 3003 1982 3052 in
2004 2970 2328 3054 Cconv‘enit
2354 2970 2754 3070 congratulari,
2795 2999 2927 3052 dum
2960 3004 3017 3051 et
3043 2995 3298 3050 homines
3341 2993 3413 3047 ad
3444 2991 3675 3046 illorum

396 3080 614 3130 excelsis
641 3080 759 3132 Deo.
784 3080 926 3143 Quid
957 3081 1106 3135 enim
1137 3086 1362 3144 mirum,
1396 3084 1442 3137 si
1496 3085 1749 3139 homines
1795 3086 1993 3141 fratres

400 3171 614 3231 vocant,
646 3167 778 3220 dum
807 3175 1043 3223 cernunt
1072 3170 1254 3239 ipsum
1291 3171 1592 3226 Dominum
1626 3175 1729 3227 hoc
1767 3175 1947 3229 facere
1967 3177 1992 3229 ?

396 3252 641 3322 Surgens
660 3255 807 3307 enim
838 3272 871 3307 a
900 3258 1136 3311 mortuis
1158 3259 1293 3312 dicit
1319 3259 1508 3314 Maria:
1533 3280 1543 3314 :
1594 3264 1742 3327 Vade,
1766 3265 1853 3317 dic
1873 3267 1989 3332 fra-

399 3343 575 3395 tribus
601 3346 751 3396 meis.
781 3343 974 3413 Neque
1004 3345 1154 3398 enim
1183 3347 1301 3415 jam
1329 3347 1705 3419 dedignantur
1732 3352 1988 3407 homines

2074 3088 2414 3143 consortium
2438 3089 2694 3154 redeunt,
2729 3094 2784 3141 et
2803 3087 2987 3157 angeli
3009 3086 3453 3153 redintegratum
3478 3097 3678 3134 nume-

2073 3195 2196 3231 rum
2229 3195 2392 3232 suum
2432 3178 2555 3231 istis
2574 3180 2810 3248 receptis
2826 3173 3235 3247 aspiciunt.Ubi
3256 3188 3369 3225 non
3398 3177 3486 3224 est
3513 3169 3675 3222 aliud

2072 3267 2218 3336 quod
2251 3268 2451 3338 exponi
2477 3267 2695 3329 debeat,
2728 3265 2835 3319 nisi
2859 3274 2923 3319 ut
2949 3266 3054 3319 hac
3073 3268 3335 3317 manente
3355 3258 3673 3324 lsetitia,hic

2070 3355 2212 3410 liber
2230 3355 2480 3410 debitum
2510 3356 2678 3410 ﬁnem
2697 3354 2948 3427 accipiat.

1606 3643 1926 3719 LIBER
2004 3645 2524 3743 QUARTUS.

799 3851 1157 3915 SEQUITUR
1185 3854 1417 3909 CAPUT
1443 3857 1566 3911 XII.

475 3938 550 3989 Va:
580 3941 736 3992 terra:
759 3945 806 3993 et
837 3944 1005 4003 mari,
1042 3946 1175 4010 quia
1221 3945 1489 3997 descendit
1517 3947 1591 3999 ad
1618 3963 1705 3999 ros
1735 3948 1983 4001 diabolus

2066 3859 2149 3912 ira
2164 3876 2367 3929 magna
2386 3859 2538 3913 saevit
2566 3859 2833 3913 adversus
2875 3858 3031 3916 illos:
3063 3862 3121 3912 et
3147 3861 3305 3912 tanto
3332 3859 3529 3930 utique
3556 3861 3661 3915 hoc

2064 3950 2179 4018 agit
2196 3949 2518 4013 ferventius,
2540 3954 2751 4019 quanto
2778 3948 3096 4002 viciniorem
3126 3946 3232 4001 sibi
3259 3948 3433 4002 sentit
3462 3949 3659 4004 adesse

392 4024 592 4079 habens
621 4030 766 4081 iram
799 4045 1082 4097 magnam.
1130 4032 1300 4084 Terra
1322 4038 1509 4087 autem
1541 4040 1597 4087 et
1628 4051 1781 4088 mare
1805 4052 1977 4089 unum
1996 4102 2035 4107 _
2063 4053 2307 4107 pcenam,
2338 4037 2486 4091 unde
2516 4036 2799 4091 subditur:
2826 4036 3012 4091 Sciens
3030 4038 3175 4104 quod
3221 4038 3501 4090 modicum
3529 4044 3660 4091 tem-

389 4112 650 4184 idemque
698 4117 1036 4187 signiﬁcant,
1079 4119 1221 4173 sicut
1278 4121 1471 4174 Daniel
1525 4132 1717 4193 aperte
1755 4102 2163 4194 demon-Dpus
2198 4128 2373 4179 habet.
2433 4124 2715 4179 Modicum
2757 4125 2964 4195 quippe
2999 4102 3239 4195 tempus.
3284 4142 3530 4195 praesens
3568 4127 3654 4179 in-

386 4207 547 4256 strat.
581 4203 686 4266 Qui
717 4222 843 4259 cum
896 4207 1125 4261 dixisset
1164 4226 1222 4262 se
1272 4210 1470 4263 vidisse
1516 4220 1759 4281 quatuor
1787 4221 1977 4266 ventos

387 4302 703 4359 pugnantes
732 4293 788 4347 in
808 4311 1008 4364 magno
1037 4297 1200 4354 mari.
1241 4298 1445 4366 adjecit
1475 4317 1485 4351 :
1530 4300 1593 4353 Et
1625 4307 1865 4368 quatuor
1890 4304 1975 4354 be-

384 4382 502 4431 stia:
518 4382 883 4435 ascenderunt
914 4385 977 4436 (te
1008 4386 1299 4439 terra.Hoc
1319 4387 1498 4456 ipsum
1523 4388 1846 4457 signiﬁcans
1877 4408 1975 4459 per

382 4471 612 4534 terram,
648 4471 793 4540 quod
825 4478 878 4525 et
898 4488 998 4542 per
1017 4489 1188 4536 mare,
1208 4474 1261 4527 id
1292 4476 1544 4529 esthunc
1581 4478 1873 4543 mundum,
1914 4479 1971 4531 in

384 4573 495 4627 quo
517 4559 703 4613 miseri
721 4560 1010 4625 ﬂuctuant,
1034 4563 1128 4633 qui
1147 4580 1368 4635 semper
1394 4570 1601 4619 terram
1635 4572 1851 4635 petunt.
1886 4566 1974 4621 Ita

381 4662 513 4717 ergo
543 4654 600 4701 et
634 4649 725 4703 hic
755 4656 908 4705 terra
964 4659 1022 4706 et
1071 4668 1225 4706 mare
1257 4654 1618 4723 reproborum
1660 4655 1976 4725 signiﬁcant

379 4736 566 4799 corda,
597 4738 801 4809 quibus
829 4746 915 4794 est
943 4756 1041 4807 var,
1067 4740 1123 4793 id
1177 4748 1263 4795 est
1303 4750 1512 4796 aeterna
1539 4743 1845 4809 damnatio,
1890 4747 1971 4799 vel

379 4824 643 4894 perditio,
682 4827 750 4881 ad
783 4845 921 4899 quos
985 4837 1243 4884 versutus
1297 4831 1558 4885 inimicus
1598 4832 1861 4902 expulsus
1900 4834 1969 4888 ab

379 4912 588 4979 electis,
622 4914 927 4982 descendit,
958 4933 1071 4971 non
1101 4919 1247 4988 quod
1278 4918 1333 4972 in
1365 4921 1445 4972 eis
1483 4927 1614 4973 ante
1660 4937 1772 4973 non
1799 4933 1965 4988 esset,

378 5001 476 5054 sed
507 5002 637 5072 quia
668 5006 929 5074 expulsus
958 5022 987 5059 a
1020 5023 1130 5060 non
1157 5008 1290 5069 suis,
1353 5008 1593 5077 amplius
1623 5009 1679 5062 in
1726 5010 1841 5062 suis
1868 5010 1968 5065 do-

375 5090 581 5144 minari
610 5093 795 5164 cmpit.
825 5095 931 5157 Qui
962 5101 1110 5148 recte
1136 5102 1292 5149 terra
1321 5102 1378 5149 et
1401 5113 1556 5150 mare
1588 5105 1964 5168 nuncupatur,

374 5179 506 5250 quia
536 5179 669 5234 dum
700 5198 924 5253 semper
944 5188 1170 5237 terrena
1197 5192 1418 5254 petunt,
1451 5186 1724 5256 superbiae
1782 5188 1967 5240 ﬂucti-

371 5268 476 5323 bus
504 5270 730 5337 tumidi,
759 5276 815 5324 et
835 5271 1094 5324 vitiorum
1126 5273 1399 5327 illecebris
1436 5276 1773 5329 amarissimi
1804 5276 1958 5330 inve-

2058 4214 2333 4283 telligitur
2359 4214 2492 4277 vita,
2522 4215 2591 4267 de
2612 4231 2721 4284 qua
2745 4214 3045 4284 Apostolus
3068 4231 3079 4264 :
3117 4215 3324 4278 Fitioli,
3356 4218 3653 4267 nouissima

2057 4303 2193 4355 hara
2223 4308 2297 4356 est
2320 4304 2527 4371 (IJoan
2580 4308 2652 4357 η)-
2684 4302 2751 4356 Et
2779 4301 2825 4354 si
2872 4308 3259 4372 computemus
3316 4318 3484 4356 omne
3509 4311 3655 4357 tem-

2056 4407 2160 4461 pus
2186 4391 2255 4444 ab
2278 4391 2501 4445 exordio
2527 4391 2719 4444 mundi
2749 4407 2927 4459 usque
2958 4391 3026 4443 ad
3051 4391 3219 4443 finem
3244 4391 3453 4453 saeculi,
3495 4400 3656 4445 aeter-

2055 4480 2636 4549 nitaticomparatum,
2665 4479 3051 4532 brevissimum
3074 4485 3161 4532 est
3201 4478 3343 4543 Quia
3368 4496 3502 4549 ergo
3530 4480 3654 4534 dia-

2054 4565 2213 4621 bolus
2240 4568 2297 4621 in
2330 4569 2581 4639 proximo
2612 4585 2670 4622 se
2700 4567 2807 4621 scit
2833 4584 2953 4620 esse
2978 4567 3378 4623 damnandum.
3410 4569 3481 4621 ad
3503 4586 3658 4623 exer-

2058 4658 2315 4719 cendum,
2347 4657 2618 4711 malitiam
2663 4673 2843 4715 suam,
2873 4661 3172 4726 angustum
3206 4656 3256 4708 ei
3292 4656 3513 4710 videtur
3547 4658 3655 4711 hoc

2052 4749 2296 4815 tempus,
2332 4745 2639 4815 quamlibet
2661 4744 2889 4814 prolixis
2922 4760 3207 4797 morarum
3228 4745 3426 4814 spatiis
3462 4752 3657 4815 prote-

2051 4833 2556 4888 letur.Considerat
2574 4834 2780 4904 quippe
2803 4833 2949 4903 quod
2963 4834 3127 4902 juxta
3145 4832 3236 4899 sit,
3260 4839 3324 4887 ut
3342 4834 3650 4899 licentiam,

2050 4922 2408 4992 nequissimae
2431 4921 2707 4975 libertatis
2735 4922 2961 4974 amittat
2991 4938 3001 4972 :
3034 4927 3093 4973 et
3142 4927 3352 4989 quanto
3381 4921 3652 4975 brevitate

2050 5011 2319 5080 temporis
2369 5016 2720 5079 angustatur,
2752 5014 2910 5062 tanto
2963 5008 3377 5079 multiplicitate
3424 5011 3652 5063 sceleris

2050 5098 2399 5168 expanditur.
2433 5099 2588 5153 lianc
2614 5104 2801 5152 autem
2826 5098 2945 5165 ejus
2975 5097 3198 5150 ruinam
3230 5104 3285 5149 et
3318 5098 3375 5150 in
3405 5097 3652 5152 adventu

2050 5190 2225 5242 nostri
2249 5189 2853 5260 redemptorisfactam,
2877 5192 2931 5240 et
2958 5202 3106 5239 nunc
3136 5202 3311 5255 usque
3323 5186 3446 5240 fieri
3475 5186 3647 5241 debe-

2044 5293 2169 5330 mus
2200 5279 2445 5332 credere.
2480 5276 2665 5330 IIabet
2692 5283 2881 5329 autem
2933 5274 3188 5328 diabolus
3218 5274 3358 5327 iram
3412 5290 3527 5329 non
3558 5291 3650 5328 so-

369 5357 623 5413 niuntur.
651 5358 878 5412 Talibus
904 5359 1092 5429 itaque
1122 5378 1201 5415 vae
1251 5361 1521 5425 imminet,
1556 5364 1609 5417 id
1641 5374 1727 5419 est
1752 5373 1960 5420 aeterna
2042 5367 2159 5421 lum
2189 5374 2381 5422 contra
2412 5383 2523 5431 eos,
2557 5367 2653 5437 qui
2681 5382 2780 5436 per
2807 5372 3015 5417 terram
3037 5368 3096 5417 et
3116 5379 3269 5416 mare
3294 5364 3637 5434 figurantur.

367 5445 673 5509 damnatio,
700 5447 832 5521 quia
854 5448 1102 5521 dejectus
1128 5465 1163 5504 a
1218 5450 1475 5506 ﬁdelibus
1524 5452 1797 5521 diabolus,
1831 5471 1959 5509 cum
2040 5454 2140 5509 sed
2164 5455 2334 5510 etiam
2353 5461 2550 5511 contra
2576 5471 2671 5510 eos
2701 5453 2795 5527 qui
2823 5454 2884 5508 in
2914 5453 3051 5507 coelo
3070 5451 3347 5520 habitant,
3379 5468 3413 5509 ει
3435 5451 3641 5533 quibus
