4048 6172
340 206 481 264 1089

1247 208 1627 264 EXPOSITIO
1658 208 1736 263 IN
1761 207 2285 263 APOCALYPSIN.
2323 239 2384 248 —
2418 210 2556 264 LIB.
2593 211 2686 264 IV.

3469 218 3603 276 1090

333 330 515 385 victus
543 332 874 385 excluditur.
899 332 1043 386 Nam
1073 337 1130 384 et
1157 349 1257 402 per
1286 334 1436 405 ipsos
1467 335 1619 388 saevit
1645 334 1922 388 versutius
1940 356 1988 407 Α
2006 338 2192 387 motus
2221 336 2471 404 ejiciunt,
2506 342 2563 389 et
2590 335 2670 389 sic
2700 335 3031 407 semetipsos
3061 338 3344 393 desertum
3392 342 3597 412 quietis

332 418 602 474 adversus
626 420 793 490 ipsos.

410 509 471 561 Et
500 514 788 576 postquam
816 511 955 561 vidit
1005 512 1171 563 draco
1204 512 1347 578 quod
1379 514 1647 579 projectus
1690 519 1816 564 esset
1856 512 1924 564 de

330 596 489 660 coelo,
538 596 641 650 hoc
668 604 753 650 est
780 597 850 650 de
891 598 1217 667 corporibus
1247 599 1567 653 electorum.
1602 602 1664 653 In
1692 606 1919 664 terram,

328 682 386 736 id
417 692 501 737 est
522 684 579 737 in
601 685 965 755 reproborum
1001 687 1187 739 corda.
1208 690 1520 740 Persecutuv
1540 693 1613 741 est
1633 692 1919 742 mulierem

326 787 447 840 qua:
454 776 658 839 peperit
675 789 762 826 ma
772 774 1215 828 seulum.Sancta
1226 775 1470 828 Ecclesia
1482 776 1810 845 designatur
1824 793 1924 846 per

272 906 281 911 .
325 860 548 924 caelum,
575 860 834 914 similiter
853 868 911 914 et
941 879 1040 930 per
1065 863 1714 933 mulierem.Appellatur
1730 871 1919 918 autem

325 947 534 1002 mulier
544 965 655 1002 non
670 951 1192 1020 proptermollitiem
1207 951 1504 1014 animi,sed
1521 953 1653 1022 quia
1668 953 1921 1023 quotidie

323 1035 649 1106 spirituales
670 1038 783 1091 Deo
804 1038 945 1092 ﬁlios
962 1039 1194 1108 gignere
1214 1056 1325 1093 non
1346 1046 1542 1094 cessat.
1570 1042 1696 1111 Ipsa
1714 1042 1921 1096 etenim

327 1130 416 1178 est
424 1141 629 1196 sponsa
642 1126 850 1180 annulo
863 1127 990 1179 ﬁdei
1004 1127 1058 1180 in
1074 1127 1350 1197 baptismo
1363 1128 1795 1189 subarrhata,de
1811 1146 1921 1199 qua

324 1211 538 1266 Paulus
567 1214 703 1268 dicit
735 1231 746 1267 :
776 1215 1043 1282 Despondi
1069 1219 1219 1268 enim
1242 1232 1327 1268 ras
1356 1219 1462 1269 uni
1482 1220 1618 1281 viro,
1647 1219 1918 1283 virginem

324 1306 533 1354 castam
555 1304 805 1355 exhibere
824 1303 1431 1373 0hristo(lICor.x1).Et
1448 1304 1599 1358 alibi:
1624 1306 1919 1372 Desponsa-

320 1391 400 1441 rit
411 1390 774 1444 sibiGIiristus
790 1392 1087 1445 Ecclesium
1101 1407 1209 1444 non
1226 1393 1506 1446 habentem
1531 1396 1807 1446 maculam
1819 1399 1917 1446 aut

320 1490 525 1544 rugam
556 1480 761 1546 (Ep/LV
786 1520 797 1530 .
819 1479 887 1533 Et
913 1479 971 1532 in
1000 1480 1363 1549 sequentibus
1393 1481 1557 1551 hujus
1589 1481 1716 1533 libri
1738 1481 1918 1535 verbis

320 1565 566 1620 dicitur:
603 1568 747 1631 Veni,
780 1569 1059 1621 ostendam
1085 1570 1187 1621 tibi
1206 1585 1461 1636 sponsam
1497 1573 1633 1637 agni
1654 1571 1915 1640 (Ap.xx1).

2009 420 2358 490 efliciunt,ut
2385 424 2625 477 habeant
2655 414 2973 495 locum.quo
3006 425 3199 495 fugere
3220 429 3595 501 possint.quia

2007 508 2139 561 dum
2166 512 2310 563 mala
2336 512 2499 580 hujus
2524 513 2715 565 mundi
2740 530 2848 566 non
2869 513 3233 582 diligunt,sed
3252 518 3601 575 solummodo

2005 604 2269 650 aeternam
2295 603 2530 668 patriam
2555 604 3604 676 appetunt.magnamentistranquilli-

2005 688 2119 737 tate
2151 687 2533 755 perfruuntur.
2558 687 2624 741 In
2647 706 2756 758 qua
2779 689 3079 743 Solitudine
3098 691 3281 745 locum
3311 699 3599 766 tenet,quo

2004 772 2185 841 fugiat
2206 774 2272 827 ad
2298 775 2473 829 Deum
2499 776 2592 845 qui
2616 776 2670 829 in
2706 784 2920 830 secreto
2946 780 3148 832 mentis
3168 797 3201 833 a
3223 785 3600 851 quaerentibus

2004 859 2397 926 invenitur,cui
2420 863 2712 918 Psalmista
2734 866 2884 919 dicit:
2912 867 3034 920 Esto
3051 870 3194 921 mihi
3213 872 3274 921 in
3296 870 3599 939 Deumpro-

2005 953 2273 1014 tectorem,
2299 956 2346 1004 et
2378 954 2439 1005 in
2486 955 2663 1006 locum
2696 957 2905 1021 re/ugii
2948 961 3010 1008 ut
3044 959 3260 1009 salvum
3303 975 3387 1013 me
3423 962 3597 1027 facias

2008 1037 2119 1100 (Ps.
2167 1038 2307 1105 Lxx).
2351 1038 2575 1092 Duabus
2602 1057 2733 1110 ergo
2764 1041 2869 1094 alis
2897 1042 3101 1096 mulier
3129 1050 3309 1111 utens,
3342 1047 3598 1103 draconis

2003 1126 2443 1194 persecutionem
2463 1128 2663 1189 evadit,
2694 1129 2827 1198 quia
2847 1136 3042 1184 sancta
3070 1132 3330 1195 Ecclesia,
3355 1136 3595 1192 duorum

1999 1212 2483 1267 Testamentorum
2513 1215 2849 1283 cognitione,
2903 1218 3017 1270 sive
3059 1220 3275 1275 duobus
3306 1227 3597 1295 przeceptis

1999 1300 2290 1354 charitutis
2318 1302 2473 1363 fulta,
2509 1308 2566 1355 et
2616 1304 2688 1356 ad
2731 1304 2979 1357 caelestia
3027 1323 3318 1377 suspensa,
3350 1314 3595 1367 occultas

1998 1388 2210 1441 inimici
2240 1390 2473 1443 insidias
2499 1407 2829 1461 praecavere,
2852 1398 2909 1446 et
2931 1401 3155 1463 apertas
3181 1399 3596 1465 persecutiones

1999 1476 2152 1529 novit
2174 1484 2551 1543 contemnere,
2586 1496 2876 1534 removens
2910 1497 2971 1534 se
3016 1481 3085 1534 ab
3115 1484 3375 1539 omnibus
3415 1494 3596 1542 terre-

2000 1581 2199 1617 narum
2229 1583 2412 1619 reruin
2443 1568 2741 1631 tumultus,
2762 1576 2819 1621 et
2845 1572 2895 1622 in
2928 1577 3142 1624 secreto
3175 1574 3379 1628 mentis
3408 1576 3595 1631 Domi-

314 1654 446 1724 Ipsa
470 1660 555 1708 est
570 1654 739 1708 etiam
762 1671 902 1708 uxor
938 1654 995 1708 in
1032 1656 1369 1725 perfectione
1406 1657 1592 1727 operis
1615 1664 1669 1709 et
1694 1674 1911 1711 morum
1933 1660 1978 1718 B
1998 1669 2068 1705 Iw
2119 1669 2333 1706 vacans.
2390 1654 2487 1707 Ubi
2515 1657 2695 1707 alitur
2716 1672 2816 1723 per
2846 1662 3057 1725 tempus
3082 1665 3131 1711 ct
3161 1664 3405 1727 tempora
3426 1670 3474 1716 et
3504 1666 3595 1717 di-

313 1742 779 1812 constituta,quia
807 1760 910 1796 sua
937 1743 1331 1812 praedicatione
1364 1750 1421 1797 et
1438 1745 1691 1798 doctrina
1707 1746 1912 1800 multos
1994 1742 2234 1793 enidium
2263 1745 2519 1809 temporis
2536 1759 2569 1795 a
2591 1744 2731 1809 [acie
2758 1749 3038 1810 serpentis.
3082 1746 3143 1799 ld
3165 1754 3268 1810 est.
3304 1766 3403 1819 per
3427 1767 3593 1805 omne

304 1830 455 1884 filios
472 1831 571 1885 Dei
591 1831 1009 1902 generat.Undc
1027 1840 1081 1885 et
1100 1831 1220 1901 ipse
1242 1833 1512 1886 Dominus
1526 1834 1772 1889 dicit:Si
1788 1837 1912 1902 quis
1991 1832 2213 1898 tempus
2260 1828 2421 1881 istius
2470 1828 2612 1895 vitze,
2661 1847 2693 1882 τι
2723 1830 2960 1885 Domino
2990 1836 3385 1903 praedicatione
3411 1855 3589 1909 usque

305 1921 499 1985 fecerit
524 1922 860 1973 voluntatem
876 1921 1057 1973 Palris
1078 1924 1202 1980 mei,
1222 1938 1331 1987 Ipse
1350 1937 1505 1973 meus
1524 1922 1904 1988 fratcr,soror,

306 2012 360 2059 et
388 2013 566 2061 mater
577 2013 652 2061 est
670 2010 693 2076 (
698 2010 870 2061 Marc.
899 2015 997 2075 Ill).
1020 2007 1308 2061 Credendo
1324 2025 1454 2077 ergo
1477 2026 1699 2080 sponsa,
1720 2010 1907 2080 operi-

307 2094 414 2148 bus
442 2095 766 2150 inherendo
794 2113 950 2162 uxor,
971 2096 1195 2150 vocibus
1225 2097 1576 2167 praedicando
1594 2103 1773 2151 mater
1793 2098 1907 2152 efﬁ-

306 2182 459 2237 citur
496 2183 724 2238 Christi.
756 2185 944 2238 Toties
973 2184 1120 2238 enim
1160 2187 1309 2255 parit
1357 2186 1641 2239 Christum
1685 2188 1904 2256 quoties

306 2270 495 2324 ofﬁcio
515 2271 924 2341 praedicationis
945 2272 1196 2325 membra
1210 2274 1329 2342 ejus
1344 2290 1467 2343 quae
1491 2291 1591 2327 nos
1613 2291 1808 2328 sumus
1831 2276 1900 2329 ad

308 2358 481 2412 ﬁdem
529 2365 587 2412 et
613 2361 993 2429 operationem
1024 2362 1305 2415 informat.
1369 2363 1671 2433 Postquam
1712 2362 1900 2433 itaque

309 2447 454 2500 vidit
472 2448 639 2501 draco
670 2449 802 2518 quia
820 2450 1098 2519 projectus
1122 2457 1271 2503 esset
1290 2451 1358 2503 de
1380 2451 1901 2522 cmlomaximeque

304 2540 439 2605 post
456 2536 756 2589 adventum
778 2536 903 2589 Filii
930 2537 1047 2601 Dei,
1068 2537 1136 2590 de
1159 2554 1269 2608 quo
1290 2538 1560 2591 Dominus
1582 2538 1661 2591 ait
1691 2560 1701 2591 :
1750 2541 1869 2592 Vide
1888 2569 1900 2579 ~

309 2626 442 2678 bam
458 2623 727 2679 Satanam
747 2627 887 2676 situt
903 2626 1102 2691 fulgur
1122 2627 1184 2678 de
1202 2629 1324 2679 casto
1338 2627 1901 2696 cadentem,persecu-

304 2717 401 2765 tus
430 2717 517 2764 est
539 2712 981 2782 mulieremque
1012 2712 1225 2783 peperit
1251 2715 1641 2778 masculum,id
1676 2722 1760 2768 est
1785 2714 1898 2767 for-

303 2805 421 2853 tem
457 2801 745 2871 populum,
780 2800 923 2854 sicut
971 2800 1199 2855 fuerunt
1246 2803 1425 2855 sancti
1471 2810 1767 2873 martyres,
1804 2804 1899 2873 qui

300 2894 439 2941 ante
465 2894 769 2958 potuerunt
799 2889 939 2942 mori
970 2905 1136 2959 quam
1165 2906 1199 2942 a
1226 2891 1335 2943 ﬁde
1362 2890 1461 2943 Dei
1486 2890 1900 2960 separari.Per—

1993 1917 2061 1969 ad
2087 1920 2252 1970 tinem
2274 1917 2482 1983 saeculi,
2516 1918 2608 1970 illo
2634 1934 2762 1971 vero
2794 1936 2936 1990 pane
2969 1922 3063 1991 qui
3095 1923 3163 1976 de
3200 1926 3335 1978 caelo
3355 1926 3588 1981 (lescen-

1989 2005 2073 2057 dit
2125 2009 2250 2076 ipse
2282 1998 2431 2059 enim
2488 2013 2573 2059 est
2623 2006 2966 2076 fugientibus
3020 2018 3440 2080 persecutorum
3481 2033 3588 2070 sa:-

1988 2092 2174 2145 vitiam
2237 2093 2343 2158 via,
2401 2093 2520 2163 ipse
2578 2095 2649 2148 ad
2715 2096 3074 2150 solitudinem
3134 2102 3585 2169 pervenientibus

1986 2179 2156 2235 locus.
2185 2181 2303 2251 ipse
2335 2184 2393 2234 in
2423 2183 2618 2235 eadem
2653 2184 2956 2237 solitudine
2986 2186 3374 2243 esurientibus
3402 2191 3581 2245 cibus.

2056 2269 2135 2322 De
2163 2270 2267 2323 hoc
2296 2276 2548 2340 tempore
2574 2271 2711 2324 satis
2729 2289 2899 2341 supra
2923 2272 3135 2327 dictum
3154 2282 3258 2329 est.
3284 2278 3428 2330 Nam
3452 2279 3585 2349 quia

1983 2358 2303 2427 praedicatio
2332 2359 2540 2412 Christi
2560 2359 2749 2413 tribus
2779 2362 2941 2414 annis
2975 2369 3031 2416 et
3059 2363 3290 2418 dimidio
3318 2367 3586 2436 perdura-

1982 2446 2077 2508 vit,
2105 2452 2162 2499 et
2190 2446 2370 2501 tribus
2417 2449 2581 2500 annis
2613 2453 2670 2501 et
2697 2449 2930 2502 dimidio
2961 2452 3379 2507 terminabitur.
3414 2456 3582 2511 Recte

1981 2551 2082 2605 per
2111 2534 2214 2587 hoc
2242 2536 2485 2604 spatium
2513 2552 2679 2588 omne
2706 2542 2928 2607 tempus
2951 2540 3239 2606 praesentis
3271 2542 3394 2595 vitae
3421 2543 3587 2598 intel-

1980 2622 2195 2691 ligitur,
2212 2622 2268 2675 in
2290 2639 2400 2692 qua
2419 2622 2522 2675 sub
2544 2625 2740 2676 eadem
2760 2624 3015 2678 doctrina
3038 2627 3280 2681 Ecclesia
3296 2639 3571 2689 moratur.

1981 2708 2049 2763 In
2075 2711 2242 2781 hujus
2270 2710 2520 2764 mulieris
2547 2711 2725 2781 ﬁgura
2751 2712 2882 2765 olim
2915 2714 3183 2783 p0pulum
3214 2717 3579 2774 lsraeliticum

1981 2800 2242 2852 columna
2280 2798 2444 2852 nubis
2473 2799 2819 2869 praecedebat
2865 2816 2967 2870 per
3011 2802 3180 2868 diem,
3217 2810 3275 2858 et
3321 2806 3582 2861 columna

1982 2888 2125 2956 ignis
2141 2904 2239 2957 per
2253 2888 2566 2940 noctem.ln
2582 2887 2728 2941 nube
2751 2888 2956 2958 quippe
2971 2888 3413 2947 blandimentum
3429 2910 3582 2949 amo-

300 2984 530 3030 secutus
551 2988 637 3029 est
656 2977 861 3047 quippe
882 2978 1024 3031 hanc
1046 2978 1334 3031 mulierem
1360 2978 1415 3031 in
1441 2981 1557 3049 ipsa
1573 2979 1897 3033 adolescen-
1917 3010 1959 3068 C
1984 2976 2081 3037 l‘iS.
2110 2975 2165 3027 in
2186 2975 2314 3044 igne
2340 2981 2528 3028 autem
2552 2981 2733 3027 tel‘l‘Ol’
2747 2976 3078 3044 exprimitur
3102 2977 3321 3037 timeris
3349 2982 3456 3034 Per
3477 2983 3576 3037 has

301 3064 406 3123 tia.
440 3066 663 3135 quando
683 3065 962 3118 interfecit
990 3065 1146 3129 Abel,
1163 3066 1258 3119 sed
1283 3067 1425 3119 hanc
1439 3074 1566 3136 post
1594 3067 1894 3120 adventum
1925 3063 1958 3068 ’“
1983 3064 2189 3133 quippe
2209 3063 2349 3116 duas
2369 3064 2659 3115 columnas
2699 3063 2809 3116 duo
2834 3063 3226 3133 signiﬁcantur
3244 3068 3576 3124 Testamen-

300 3151 431 3205 Filii
458 3153 553 3206 Dei
582 3154 768 3206 acrius
802 3153 1060 3223 persequi
1089 3170 1384 3223 aggressus
1406 3162 1510 3216 est,
1542 3161 1596 3208 et
1626 3155 1693 3208 ad
1727 3172 1895 3224 argu-

296 3250 553 3295 mentum
567 3241 965 3312 persecutionis
978 3242 1209 3295 callidus
1223 3242 1584 3312 semetipsum
1605 3242 1893 3310 convertit,

299 3328 444 3383 alios
473 3347 571 3400 per
594 3329 845 3383 membra
868 3348 970 3383 sua
994 3331 1344 3401 cruciﬁgens,
1378 3337 1439 3384 ut
1468 3333 1717 3392 Petrum.
1751 3333 1893 3385 alios

298 3418 583 3488 lapidibus
613 3418 874 3483 obruens,
916 3425 981 3472 ut
1025 3420 1394 3489 Stephanum,
1426 3420 1565 3474 alios
1606 3421 1732 3489 igne
1758 3437 1892 3474 con-

297 3523 551 3571 sumens,
594 3513 657 3560 ut
683 3506 1065 3570 Laurentium,
1101 3506 1239 3560 alios
1280 3524 1499 3578 quoque
1539 3509 1892 3578 serpentibus

297 3593 552 3657 tradidit,
582 3593 807 3664 ungulis
834 3594 1086 3655 laniavit,
1126 3595 1186 3647 in
1238 3611 1390 3648 mare
1425 3596 1810 3665 praecipitavit,
1836 3602 1893 3649 et

294 3700 400 3753 per
413 3683 565 3735 varia
584 3683 960 3736 instrumenta
978 3683 1186 3736 similia
1207 3683 1447 3736 transire
1463 3683 1659 3752 coegit.
1686 3685 1754 3737 Et
1772 3685 1891 3736 haec

293 3770 525 3843 quidem
565 3771 698 3824 facit
738 3772 964 3841 ligatus,
998 3770 1094 3824 sed
1127 3770 1514 3825 vehementius
1544 3777 1740 3825 contra
1761 3788 1887 3826 eam

289 3866 575 3930 exsurget,
602 3860 822 3929 quando
852 3860 1182 3913 damnatum
1211 3860 1497 3913 hominem
1516 3860 1883 3930 ingredietur,

285 3954 348 4002 et
402 3948 677 4018 pugnabit
718 3948 1034 4013 tormentis,
1068 3955 1125 4002 et
1152 3948 1307 4001 falsis
1355 3948 1756 4002 miraculorum
1812 3949 1884 4002 si-

283 4036 436 4107 gnis,
470 4038 554 4089 itu
600 4041 661 4089 ut
689 4038 754 4089 in
782 4052 1028 4089 errorem
1052 4036 1421 4100 deducantur,
1453 4040 1504 4090 si
1542 4040 1669 4104 ﬁeri
1688 4043 1881 4105 potest,

286 4128 463 4179 etiam
492 4126 645 4177 electi
676 4125 869 4187 (Matth
918 4138 1087 4189 xxm.
1122 4125 1371 4188 Quorum
1405 4131 1563 4179 tanto
1604 4124 1891 4179 robustior

287 4219 430 4267 tunc
459 4211 568 4265 erit
611 4212 944 4277 constantia,
974 4218 1182 4282 quanto
1221 4212 1521 4266 immanior
1566 4218 1889 4283 persecuto-

286 4317 419 4355 rum
447 4300 674 4354 saevitia.

360 4390 429 4443 Et
456 4392 597 4443 datae
622 4394 752 4443 sunt
786 4392 1017 4444 mulieri
1038 4391 1159 4443 duce
1195 4393 1298 4444 ala:
1349 4406 1562 4458 magna)
1598 4392 1800 4457 aquila:
1827 4396 1889 4444 ut

284 4479 497 4532 volaret
527 4480 589 4531 in
630 4479 906 4531 desertum
926 4481 990 4531 in
1021 4482 1200 4532 locum
1220 4495 1406 4532 suum.
1434 4479 1498 4532 In
1536 4477 1753 4531 duabus
1783 4478 1887 4531 alis

283 4564 512 4619 mulieri
533 4564 699 4632 datis,
731 4565 842 4619 duo
863 4566 1256 4635 intelliguntur
1282 4567 1663 4633 Testamenta,
1696 4574 1753 4620 et
1772 4567 1883 4620 duo

278 4653 576 4709 charitatis
598 4660 891 4722 praecepta,
917 4654 973 4707 in
998 4655 1199 4724 quibus
1222 4660 1333 4708 tota
1357 4659 1442 4709 lea:
1462 4656 1655 4724 pendet
1681 4661 1730 4708 et
1751 4671 1882 4723 pro-

271 4744 467 4813 pheta,
487 4742 603 4795 sive
633 4742 803 4795 etiam
835 4742 1013 4796 activa
1043 4749 1100 4796 et
1140 4744 1571 4813 contemplativa
1591 4743 1720 4797 vita.
1751 4744 1882 4807 Qui-

275 4832 383 4887 bus
404 4831 647 4900 acceptis
669 4830 863 4884 eil'ecta
879 4837 965 4884 est
983 4831 1397 4902 aquila,petens
1414 4832 1732 4903 permentis
1754 4848 1880 4886 con-

269 4919 697 4990 templationem
728 4918 993 4981 caelestia,
1015 4921 1178 4989 juxta
1196 4920 1334 4974 illud
1358 4920 1642 4991 Apostoli:
1677 4922 1878 4974 Nostra

269 5008 609 5061 conversatio
630 5009 693 5058 in
709 5009 851 5059 castis
863 5012 938 5060 est
963 5003 1196 5078 (Philip.
1215 5007 1309 5077 In).
1334 5008 1423 5062 Sic
1455 5008 1601 5061 enim
1636 5007 1875 5060 dicitur:

267 5097 421 5150 Date
434 5099 567 5146 sunt
596 5096 830 5147 mulieri
849 5097 1087 5150 dicacula:
1113 5100 1315 5164 aquila:
1334 5112 1566 5163 magna,
1608 5101 1879 5165 tanquam

270 5183 588 5238 diceretur:
619 5183 736 5236 Hoc
764 5183 973 5237 donum
1000 5185 1122 5255 ipsa
1140 5186 1342 5239 mulier
1363 5184 1588 5249 meruit,
1613 5184 1878 5254 utuquila

271 5286 482 5342 magna
506 5270 841 5324 efﬁceretur.
876 5271 1141 5326 Desertus
1165 5282 1353 5327 autem
1384 5272 1719 5326 locuscorda
1748 5288 1879 5326 san-

272 5366 494 5415 ctorum
526 5358 940 5429 intelliguntur,
969 5367 1186 5414 remota
1214 5378 1247 5414 a
1287 5361 1525 5415 terrenis
1553 5360 1871 5417 desideriis.

274 5448 448 5506 Prius
475 5446 626 5504 enim
670 5463 705 5502 a
742 5449 1063 5522 semetipsis
1092 5450 1446 5505 inordinatos
1475 5449 1883 5505 desideriorum

1979 3157 2058 3208 ta.
2081 3153 2188 3204 Per
2216 3151 2421 3205 nubem
2444 3151 2501 3203 in
2524 3151 2630 3212 die,
2654 3153 2867 3204 Novum
2890 3153 3240 3222 signiﬁcatur
3255 3157 3579 3212 Testamen-

1977 3240 2186 3304 tum,in
2200 3256 2308 3310 quo
2320 3256 2430 3293 non
2440 3238 2681 3292 vindicta
2693 3240 3166 3309 peccantium,sed
3183 3230 3577 3301 misericordia

1977 3328 2179 3382 lenitas
2199 3334 2425 3381 ostensa
2453 3334 2557 3381 est.
2578 3327 2738 3380 Unde
2766 3335 2878 3381 est:
2901 3330 3069 3383 Nemo
3101 3336 3147 3384 te
3169 3335 3574 3402 condemnavit,

1978 3420 2182 3469 mulier
2224 3418 2399 3487 (Joan.
2424 3430 2558 3481 vnn.
2585 3416 2692 3469 Per
2721 3416 2906 3485 ignem
2939 3434 3065 3472 vero
3098 3420 3154 3472 in
3184 3429 3364 3475 nocte.
3397 3423 3573 3477 Vetus

1975 3503 2395 3557 Testamentum
2414 3504 2923 3575 intelligitunquod
2944 3507 3279 3575 supplicium
3302 3513 3579 3580 peccanti-

1974 3591 2076 3645 bus
2096 3594 2362 3646 minatur.
2386 3593 2544 3645 Unde
2575 3600 2693 3643 est:
2721 3592 2777 3645 Si
2809 3593 2933 3663 quis
2962 3593 3067 3645 hoc
3089 3596 3173 3647 vel
3205 3596 3342 3649 illud
3359 3598 3570 3665 fecerit,

1980 3688 2160 3733 morte
2178 3679 2723 3748 moriatur.Fugiens
2745 3686 2931 3732 autem
2951 3682 3190 3750 populus
3208 3684 3575 3753 Pharaonem,

1972 3769 2067 3838 qui
2097 3773 2181 3820 est
2209 3768 2377 3820 draco
2409 3783 2666 3836 magnus,
2693 3767 2902 3821 cubans
2942 3768 3001 3822 in
3050 3771 3236 3824 medio
3276 3772 3574 3829 ﬂuminum

1970 3873 2222 3918 suorum,
2254 3856 2426 3909 veluti
2472 3856 2671 3909 mulier
2709 3856 2853 3925 fugit
2881 3857 3199 3931 draconem.
3230 3862 3483 3931 pervenit
3511 3865 3573 3918 in

1968 3945 2277 4005 desertum,
2336 3944 2394 3997 in
2453 3961 2563 4013 quo
2608 3945 2787 3997 Deum
2830 3952 3205 4014 protectorem
3245 3951 3474 4020 reperit,
3517 3958 3574 4007 et

1970 4048 2177 4086 manna
2190 4032 2398 4086 cmlesti
2413 4041 2606 4103 pastus
2623 4038 2707 4085 est
2721 4039 2775 4085 et
2790 4049 2890 4103 per
2909 4051 3242 4105 suspensum
3256 4044 3575 4108 serpentem

1970 4138 2209 4175 aeneum.
2226 4121 2527 4174 Dominum
2545 4120 2800 4174 videlicet
2815 4122 3298 4178 JesumChristum
3324 4126 3573 4183 salvatus

1972 4216 2076 4273 est,
2110 4211 2205 4281 qui
2235 4227 2444 4264 veneno
2476 4209 2687 4280 peccati
2716 4210 2921 4264 caruit:
2964 4212 3097 4281 quia
3137 4220 3191 4266 et
3220 4213 3266 4268 si
3311 4219 3574 4286 apparuit

1904 4290 2027 4353 Din
2055 4298 2424 4352 similitudine
2449 4298 2633 4352 carnis
2658 4298 2886 4369 peccati,
2922 4306 3112 4356 tamen
3151 4309 3430 4370 peccatum
3461 4323 3574 4361 non

1971 4390 2220 4455 fecit,nec
2238 4392 2492 4441 inventus
2511 4393 2583 4441 est
2606 4389 2764 4441 dolus
2786 4392 2845 4441 in
2867 4405 2958 4442 ore
2970 4393 3087 4457 ejus
3110 4392 3167 4459 (Ι
3185 4394 3329 4445 Pelr.
3356 4396 3433 4463 ιι).
3472 4395 3575 4449 Ρο-

1968 4482 2078 4530 test
2099 4487 2286 4530 autem
2306 4476 2513 4530 deserti
2528 4476 2753 4530 nomine
2774 4477 2868 4530 illa
2898 4480 3053 4547 regio
3074 4478 3377 4550 designari,
3396 4499 3570 4552 quam

1968 4570 2223 4634 apostata
2252 4565 2483 4635 angelus
2513 4564 2781 4627 deseruit,
2823 4571 2880 4617 et
2919 4565 3087 4618 homo
3116 4566 3173 4618 in
3209 4583 3319 4635 quo
3348 4568 3567 4621 certum

1964 4653 2162 4723 refugii
2195 4653 2378 4708 locum
2411 4654 2627 4707 invenit
2656 4652 2915 4716 Ecclesia,
2951 4669 3074 4722 quae
3104 4653 3351 4724 undique
3376 4671 3567 4725 persc-

1963 4741 2281 4796 cutionibus
2333 4742 2692 4811 angustiatur
2724 4741 2781 4794 in
2810 4748 2983 4801 terra,
3018 4740 3111 4794 ubi
3160 4740 3343 4795 cibum
3375 4742 3570 4797 indeﬁ-

1962 4830 2200 4884 cieutem
2250 4831 2477 4901 reperit,
2522 4848 2643 4900 qua:
2678 4829 2765 4882 hic
2794 4829 2927 4882 dum
2960 4829 3247 4899 affligitur,
3285 4831 3569 4899 justitiam

1962 4919 2156 4973 esurit.
2188 4918 2251 4971 In
2299 4919 2401 4971 alis
2428 4923 2615 4972 autem
2645 4916 2915 4978 mulieris,
2949 4917 3071 4987 ipsa
3094 4920 3389 4988 suspensio
3409 4920 3572 4977 intel-

1966 5008 2161 5078 ligitur
2189 5006 2699 5078 cmtemplationis.
2733 5006 2885 5062 Solet
2915 5007 3065 5059 enim
3120 5007 3223 5060 hoc
3275 5010 3565 5081 proprium

1965 5114 2085 5151 esse.
2114 5103 2434 5149 sanctorqu
2458 5095 2688 5158 donum,
2724 5093 2780 5147 in
2815 5111 2925 5165 quo
2958 5095 3137 5164 magis
3164 5098 3441 5166 pressuris
3462 5118 3566 5156 an-

1958 5185 2247 5256 gustiautu
2257 5201 2282 5237 ι·
2298 5184 2354 5237 in
2369 5192 2613 5247 terra,eo
2630 5183 2874 5254 amplius
2887 5192 3105 5238 contem
3116 5185 3567 5260 plationispenna

1963 5275 2254 5327 elevantur
2266 5273 2333 5325 ad
2347 5288 2589 5325 summa.
2610 5272 2751 5325 llinc
2772 5272 2977 5326 Paulus
2990 5273 3150 5327 dicit:
3174 5277 3390 5342 Quanto
3406 5281 3568 5345 inﬁr-

1964 5377 2103 5421 mor,
2143 5361 2480 5427 tunc/artior
2499 5376 2620 5412 sum
2634 5359 2713 5429 (ll
2742 5361 2864 5414 Cor.
2887 5363 3145 5431 xu).—Et
3176 5365 3328 5416 misit
3348 5378 3565 5431 serpens

1964 5466 2028 5505 ea:
2044 5462 2135 5504 ore
2146 5465 2244 5503 suo
2253 5455 2373 5518 post
2401 5451 2696 5503 mulierem
2708 5465 2918 5519 aquam
2942 5454 3211 5519 tanquam
3234 5455 3461 5520 ﬂumen.
3494 5450 3567 5510 In
