4048 6172
439 169 570 230 1091
907 163 1286 221 HAYMONIS
1315 159 1810 222 HALBERSTAT.
1849 159 2074 218 EPISC.
2109 155 2266 214 OPP.
2299 155 2482 214 PARS
2511 158 2556 216 Ι.
2591 188 2655 200 -
2686 155 3058 216 COMMENT.
3091 155 3273 214 BIBL.
3570 151 3707 214 109?.

445 297 736 367 Scriptura
749 307 905 346 sacra
919 306 1063 362 saepe
1081 305 1350 360 aquarum
1371 287 1445 340 im
1453 285 1907 358 petussigniﬁcat
1920 301 2039 357 per-
2056 287 2098 344 A
2115 283 2538 338 ciuntunTanto
2561 283 2708 337 enim
2731 282 2987 338 diabolus
3005 282 3245 354 amplius
3260 283 3415 336 saevit
3443 281 3711 336 adversus

438 365 802 444 secutionem,
827 381 974 434 unde
1001 377 1331 432 Psalmista:
1361 378 1497 431 Cum
1521 370 2030 440 irasceretm-furor
2115 369 2366 428 Ecclesiae
2393 367 2667 428 membra.
2702 381 2910 443 quanto
2948 390 2982 426 a
3031 365 3469 442 praecedentibus
3523 371 3710 424 divino

437 487 629 530 eorum
659 474 721 524 in
755 479 868 532 nos,
897 469 1135 535 forsitan
1163 482 1310 532 aqua
1340 457 1700 517 absorbuisset
1731 475 1826 515 nos
1852 457 2022 531 (Psat.

2113 477 2347 516 munere
2367 460 2643 514 roboratis
2673 461 2851 514 victus
2880 467 2982 514 est.
3005 461 3145 513 Hinc
3162 467 3247 514 est
3275 457 3423 530 quod
3445 449 3710 529 expulsus

438 552 789 628 cxxm).Per
809 575 870 612 os
891 554 1249 624 veroantiqui
1268 552 1758 623 serpentis,suasio
1776 542 1926 604 illius
1945 549 2033 604 in-
2114 549 2184 602 ab
2224 548 2468 615 homine,
2521 561 2648 602 cum
2703 553 2916 619 septem
2963 547 3088 600 aliis
3119 543 3484 617 nequioribus
3527 540 3710 600 redire

435 647 846 719 telligitur,qua
858 643 1079 715 reprobi
1099 641 1442 710 instigantur
1456 646 1516 694 ut
1531 635 2033 694 contraEcclesiam
2117 636 2470 691 describitur.
2498 637 2604 702 Qui
2617 631 2933 688 custodiunt
2953 633 3215 688 mandata
3237 631 3351 689 Dei.
3375 632 3599 699 Quibus
3614 635 3716 688 sci-

438 737 686 792 saeviant.
711 735 842 788 Post
867 733 1156 786 mulierem
1183 747 1316 798 ergo
1345 730 1399 782 in
1431 727 1711 782 desertum
1737 721 2032 789 volantem,

438 842 668 897 serpens
699 840 763 876 ex
793 835 890 876 ore
914 837 1014 874 suo
1039 817 1246 873 ﬂumen
1275 814 1621 885 emisit,quia
1645 817 1880 869 maxime
1914 819 2039 884 post

439 907 739 967 adventum
771 905 896 964 Filii
924 907 1044 963 Dei.
1082 913 1136 960 et
1164 905 1463 978 postquam
1523 898 1766 958 Ecclesia
1792 901 2038 956 coelestia

437 1001 618 1073 petiit,
647 998 954 1054 inﬁdelium
991 995 1408 1050 multitudinem
1452 987 1706 1046 diabolus
1737 992 1792 1044 in
1817 998 2040 1044 sancto-

438 1107 564 1143 rum
587 1105 777 1142 necem
801 1085 1118 1149 commovit,
1144 1084 1286 1136 sicut
1311 1083 1610 1139 Neronem.
1633 1075 2037 1143 Domitianum,

439 1176 497 1232 et
521 1183 770 1236 caeteros,
803 1180 867 1228 ut
891 1190 1015 1228 eam
1046 1172 1254 1226 faceret
1284 1170 1431 1223 trahi
1455 1186 1488 1221 a
1519 1169 1768 1232 ﬂumine,
1793 1169 1846 1221 id
1879 1175 1962 1220 est
1984 1169 2041 1222 in

439 1283 642 1337 corpus
669 1280 854 1326 suum,
907 1264 1011 1315 hoc
1059 1266 1162 1324 est,
1212 1259 1268 1312 in
1300 1257 1624 1311 societatem
1671 1255 2038 1326 reproborum

441 1359 631 1426 posset
667 1369 790 1406 eam
821 1351 1137 1416 traducere,
1168 1346 1264 1400 sed
1295 1362 1406 1400 non
1438 1344 1628 1408 valuit,
1662 1345 1792 1416 quia
1841 1343 1888 1396 si
1918 1361 2039 1397 mo-

440 1435 668 1496 riuntur
697 1441 975 1510 martyres
1003 1445 1253 1508 corpore,
1286 1441 1476 1488 tamen
1502 1441 1628 1504 p0st
1653 1439 1889 1486 mortem
1919 1449 2038 1486 car-

2121 725 2250 778 licet
2281 724 2336 776 in
2366 725 2488 792 lege
2520 724 2840 794 prazcipitur
2873 741 2884 775 :
2910 723 3031 776 Non
3064 723 3297 787 o'ccides,
3345 733 3458 776 non
3503 723 3720 776 furtum

2119 818 2305 877 facies,
2339 823 2396 870 et
2421 819 2623 870 czetera
2652 813 2736 869 his
2765 813 2986 868 similia.
3021 816 3084 869 Et
3115 817 3312 868 habent
3334 817 3719 869 testimonium

2121 907 2264 959 Jesu.
2300 900 2362 956 ld
2393 910 2498 968 est,
2532 903 2696 958 ﬁdem
2751 899 2902 956 illius
2933 903 3178 956 retinent
3215 901 3402 960 corde.
3436 908 3495 956 et
3515 899 3722 956 ornant

2124 1007 2310 1062 opere.
2341 989 2483 1044 Cum
2536 983 2624 1044 his
2679 992 2882 1062 quippe
2912 983 3167 1044 diabolus
3197 991 3502 1044 maximum
3548 981 3723 1044 habet

2124 1075 2633 1150 cbnﬂictumjuxta
2645 1079 2781 1133 illud
2795 1077 3070 1150 Apostoli:
3097 1080 3294 1134 Omnes
3308 1083 3408 1146 qui
3417 1081 3506 1146 pie
3528 1081 3720 1131 rotant

2122 1173 2299 1222 virere
2312 1173 2370 1222 in
2385 1165 2614 1226 Ultristo.
2619 1172 3047 1237 persecutionem
3055 1169 3213 1236 patiu
3224 1173 3360 1222 ntur
3373 1169 3452 1234 (II
3463 1161 3582 1222 Tim
3595 1209 3602 1216 .
3614 1169 3692 1232 ni)
3703 1209 3714 1220 .

2124 1257 2415 1311 Sustinent
2434 1257 2658 1326 quidem
2684 1263 2740 1310 et
2770 1256 2991 1327 reprobi
3019 1253 3288 1322 niala,sed
3311 1273 3424 1311 non
3450 1257 3720 1310 adversus

2122 1363 2216 1399 eos
2236 1339 2491 1400 diabolus
2513 1347 2798 1416 intorquet
2814 1345 3198 1416 bellum,quod
3219 1356 3577 1418 nequaquam
3599 1343 3721 1398 ﬁeri

2122 1439 2324 1503 potest,
2353 1434 2460 1488 nisi
2516 1433 2665 1488 inter
2689 1434 3048 1504 duas-partes
3071 1435 3384 1488 contrarias
3451 1433 3561 1488 Sed
3594 1449 3722 1487 cum

441 1519 531 1582 nis
553 1529 822 1581 veraciter
857 1523 1044 1578 dicent
1070 1543 1079 1574 :
1119 1521 1433 1577 Torrentem
1448 1523 1810 1589 pertransirit
1839 1523 2033 1573 anima
2127 1520 2332 1576 dicitur
2357 1523 2599 1592 primum
2622 1521 2716 1593 qui
2741 1523 3060 1576 custodiant
3087 1523 3352 1576 mandata
3393 1519 3644 1580 Domini,
3669 1526 3722 1576 et

440 1619 630 1668 nostra
657 1613 866 1683 (Ibid.),
901 1613 1033 1683 quia
1061 1610 1193 1665 dum
1233 1615 1623 1681 persecutores
1656 1609 1919 1678 trajicere
1948 1623 2092 1682 eosB
2125 1611 2326 1664 deinde
2354 1611 2596 1665 infertur
2621 1627 2632 1661 :
2667 1609 2734 1664 Et
2771 1611 2935 1664 ﬁdem
2965 1610 3123 1673 Jesu.
3157 1612 3238 1664 sic
3264 1610 3530 1664 videntur
3557 1609 3726 1663 verba

443 1703 503 1756 in
531 1719 732 1772 corpus
757 1711 922 1755 suum
951 1717 1063 1754 non
1093 1700 1406 1765 valuerunt,
1448 1697 1701 1752 funditus
1729 1689 1916 1750 delere
1946 1713 2040 1750 co-
2121 1701 2239 1754 hinc
2268 1716 2489 1762 sonare,
2515 1700 2676 1770 quasi
2705 1705 2836 1753 ante
2865 1697 3030 1752 ﬁdem
3088 1694 3235 1753 bona
3287 1715 3457 1770 Opera
3507 1698 3724 1770 possint

442 1791 563 1844 nati
589 1795 740 1843 sunt.

515 1877 575 1932 Et
601 1879 818 1947 adjuvit
839 1874 990 1931 terra
1013 1869 1508 1930 mulierem.Terra
1537 1873 1595 1928 in
1627 1891 1784 1928 sacro
1817 1865 2042 1944 eloquio

441 1969 752 2023 humanam
784 1973 1048 2020 naturam
1095 1965 1393 2036 signiﬁcat,
1427 1964 1576 2017 unde
1610 1963 1788 2033 primo
1829 1955 2044 2016 homini

440 2048 651 2110 dictum
678 2063 764 2108 est
798 2073 810 2107 :
849 2055 1016 2108 Terra
1073 2071 1144 2114 es,
1177 2051 1224 2106 et
1254 2057 1314 2106 in
1346 2058 1554 2106 terram
1585 2054 1709 2105 ibis.
1735 2047 1909 2105 Terra
1938 2051 2046 2104 ita-

442 2160 552 2214 que
569 2137 626 2198 in
650 2143 756 2198 hoc
772 2143 894 2196 loco
915 2153 1050 2195 caro
1072 2137 1248 2194 nostri
1274 2139 1668 2210 Redemptoris
1688 2133 2039 2209 intelligitur,

442 2231 539 2302 qui
560 2248 686 2286 cum
703 2231 761 2284 in
781 2232 961 2284 forma
980 2223 1080 2284 Dei
1099 2236 1265 2291 esset,
1297 2227 1530 2282 formam
1549 2229 1692 2282 servi
1715 2228 1943 2298 accepit.
1967 2227 2044 2281 De

441 2319 547 2374 hac
569 2325 719 2374 terra
740 2311 1038 2372 Psalmista
1058 2317 1138 2370 ait
1161 2335 1172 2369 :
1203 2315 1810 2382 Benedixisti,Domine,
1837 2322 2045 2368 terram

450 2406 852 2473 tuathsalm.
882 2419 1089 2458 LXXXIVo
1109 2449 1120 2462 .
1152 2399 1278 2459 Hinc
1304 2411 1456 2456 terra
1479 2404 1770 2456 mulierem
1808 2401 2039 2471 adjuvit,

444 2493 578 2567 quia
595 2494 715 2566 ipse
737 2491 980 2566 primum
1002 2509 1197 2546 omnes
1214 2491 1414 2546 ﬂuctus
1429 2491 1687 2545 humana:
1710 2491 2044 2562 persecutio-

446 2576 536 2638 nis
556 2581 791 2655 pertulit
809 2589 865 2636 et
881 2580 1177 2636 devicit.Et
1195 2584 1412 2650 aperuit
1432 2586 1580 2634 terra
1601 2597 1658 2634 os
1677 2597 1838 2634 suum
1851 2619 1864 2639 ,
1887 2577 1934 2632 et
1950 2571 2046 2632 ab-

445 2671 660 2726 sorbuit
673 2669 1054 2740 ﬂume‘n,quod
1073 2671 1228 2722 misit
1248 2667 1414 2722 draco
1427 2667 1490 2721 de
1512 2685 1602 2722 ore
1621 2667 1887 2731 suo.Quia
1904 2673 2046 2720 tem-

375 2783 378 2785 λ
441 2767 577 2831 p'ore
601 2757 872 2829 passionis
889 2751 1233 2812 abundantia
1251 2757 1374 2811 vita:
1389 2768 1503 2811 sua:
1522 2755 1717 2809 mortis
1737 2747 2042 2826 principem

2123 1805 2264 1853 esse.
2320 1805 2446 1842 cum
2477 1789 2632 1859 prius
2665 1784 2739 1841 sit
2776 1785 3023 1852 credere,
3075 1799 3143 1842 ac
3187 1788 3234 1841 si
3265 1785 3522 1842 eamdem
3555 1785 3726 1842 iidem

2126 1875 2387 1947 operibus
2435 1883 2559 1946 post
2611 1873 2824 1930 fulcire.
2882 1877 2990 1930 Sed
3037 1877 3343 1939 sciendum,
3395 1875 3547 1947 quod
3598 1876 3724 1930 ideo

2128 1959 2393 2019 mandata
2419 1965 2574 2036 prius
2605 1965 3049 2035 ponuntur,quia
3067 1963 3314 2019 charitas
3336 1981 3460 2036 qua:
3491 1965 3551 2018 in
3569 1981 3725 2018 man-

2128 2051 2275 2106 datis
2307 2057 2547 2119 constat,
2581 2053 2759 2121 major
2787 2051 2873 2105 est
2926 2051 3186 2106 omnibus
3234 2051 3561 2117 virtutibus,
3593 2047 3725 2106 licet

2127 2133 2266 2193 ﬁdes
2289 2141 2375 2194 via
2391 2141 2466 2195 sit
2485 2141 2555 2194 ad
2579 2135 2942 2196 Deum.Unde
2959 2139 3255 2212 Apostolus
3279 2161 3290 2194 :
3313 2141 3474 2195 Nune
3495 2146 3723 2195 manent

2125 2230 2275 2294 fides,
2306 2245 2440 2297 spes,
2485 2231 2751 2294 Charitas,
2789 2233 2902 2283 tria
2932 2229 3058 2292 haec,
3092 2233 3274 2298 maior
3299 2229 3484 2284 autem
3517 2230 3720 2284 horum

2127 2315 2370 2371 Charitas
2425 2319 2480 2375 (Ι
2523 2319 2644 2372 Cor.
2676 2329 2817 2374 Xllli.
2847 2315 3031 2382 Quare
3077 2311 3302 2388 major‘?
3339 2317 3470 2389 quia
3509 2327 3724 2372 Caetera;

2127 2405 2463 2470 transibunt,
2491 2405 2736 2459 Charitas
2770 2405 3120 2476 permanebit
3152 2406 3208 2460 in
3239 2407 3450 2460 electis.
3635 2474 3647 2482 ι

2196 2494 2259 2547 Et
2298 2491 2442 2548 stetit
2484 2510 2648 2562 super
2684 2510 2918 2548 arenam
2949 2497 3140 2549 maris.
3175 2489 3496 2549 Notandum
3531 2503 3724 2552 autem

2125 2582 2272 2652 quod
2303 2582 2452 2636 idem
2481 2576 2648 2636 draco
2678 2599 2790 2636 non
2815 2599 2986 2654 supra
3016 2589 3254 2654 petram,
3280 2583 3376 2637 sed
3398 2601 3572 2655 super
3598 2602 3726 2639 are-

2125 2685 2256 2724 nam
2284 2671 2504 2724 stetisse
2533 2669 2757 2724 dicitur.
2783 2671 3012 2725 Cunctis
3037 2672 3186 2725 enim
3216 2671 3568 2743 liquet,quia
3602 2690 3729 2726 ser-

2126 2775 2264 2829 pens
2292 2759 2349 2812 in
2378 2768 2536 2832 petra
2567 2761 2861 2831 vestigium
2886 2759 3091 2816 habere
3121 2773 3234 2815 non
3257 2761 3424 2815 valet.
3457 2759 3524 2814 In
3552 2778 3729 2816 arena

444 2847 759 2918 deglutivit,
784 2851 841 2901 et
857 2862 1154 2915 resurgens
1175 2861 1209 2898 a
1230 2845 1466 2898 mortuis
1486 2845 1822 2898 inundantes
1842 2839 2045 2896 fluctus
2130 2863 2260 2902 vero
2303 2867 2536 2921 quisque
2583 2851 2705 2904 loca
2735 2851 3008 2920 tetigerit,
3047 2848 3204 2920 signa
3236 2850 3322 2904 sui
3352 2849 3604 2920 corporis
3635 2866 3728 2904 re-

447 2928 736 2991 absorbuit
759 2935 1011 3007 potentia
1041 2927 1368 2990 divinitatis.
1405 2933 1537 3004 quia
1565 2933 1633 2986 ad
1655 2933 1761 2986 hoc
1790 2937 2046 2986 mortuus
2059 2977 2105 3010 ρ
2129 2937 2348 3010 linquit.
2393 2935 2454 2992 ln
2483 2946 2646 3010 petra
2684 2955 2796 2993 non
2840 2946 2952 2993 stat
2980 2938 3166 2998 draco,
3199 2940 3332 3010 quia
3367 2938 3425 2991 in
3461 2937 3728 2992 cordibus

449 3031 557 3095 est,
587 3031 651 3078 ut
679 3031 736 3078 et
764 3023 1010 3078 vivorum
1049 3020 1108 3076 et
1134 3031 1484 3076 mortuorum
1525 3021 1862 3081 dominetur,
1897 3020 2106 3074 unde”
2126 3034 2468 3092 sanctorum,
2503 3039 2625 3100 qua;
2663 3025 2974 3100 voluptates
3003 3028 3168 3082 nulla;
3191 3024 3505 3092 emolliunt,
3539 3025 3728 3080 locum

445 3111 768 3184 Apostolus:
793 3113 1056 3166 Dedititli
1079 3107 1214 3164 Deus
1233 3127 1428 3164 nomen
1449 3111 1592 3178 quod
1611 3115 1685 3163 est
1705 3125 1871 3178 super
1887 3123 2046 3163 omne
2126 3109 2382 3170 diabolus
2413 3113 2629 3170 nullum
2659 3109 2890 3170 invenit.
2925 3113 2968 3170 E
3015 3123 3230 3178 contra,
3262 3115 3320 3168 in
3345 3131 3522 3169 arena
3562 3131 3726 3184 gres-

448 3209 736 3266 nomen,ut
759 3203 822 3252 in
844 3198 1067 3252 nomine
1085 3197 1210 3251 Jesu
1227 3215 1386 3251 omne
1395 3215 1538 3265 genu
1551 3195 1806 3268 ﬂectatur
1837 3199 2041 3262 (Plan).

447 3288 518 3342 Et
545 3285 696 3340 unde
722 3287 843 3356 ipse.
871 3282 1073 3340 ﬂuctus
1102 3286 1548 3354 persecutionum
1572 3285 1874 3357 superavit,
1913 3283 2044 3339 inde

449 3373 760 3431 Ecclesiam
786 3391 856 3428 ne
887 3374 1028 3428 vinci
1062 3373 1237 3444 possit
1257 3373 1490 3443 adjuvit.
1521 3391 1586 3426 ac
1615 3365 1660 3427 si
1691 3368 1903 3428 diceret
1927 3373 2043 3428 suis

447 3461 708 3519 fidelibus
741 3481 752 3516 :
783 3462 970 3517 Nolite
995 3463 1196 3516 timere
1227 3474 1484 3516 mortem.
1514 3460 1686 3516 nolite
1713 3463 1912 3516 timere
1942 3463 2044 3516 ilu-

451 3560 576 3608 ctus
605 3553 983 3607 humanarum
1013 3551 1202 3604 subire
1228 3549 1701 3621 persecutionum,
1737 3551 1832 3604 sed
1877 3551 2047 3605 conii-

2125 3221 2249 3259 sum
2279 3205 2416 3274 figit,
2451 3206 2584 3276 quia
2605 3212 2821 3260 mentes
2847 3221 2985 3276 quas
3015 3206 3218 3260 humor
3243 3199 3488 3259 'carnalis
3513 3220 3726 3258 concu-

2127 3293 2410 3362 piscentiaa
2439 3291 2673 3358 emollit,
2699 3291 2996 3348 inhabitat.
3032 3291 3174 3348 Hinc
3201 3310 3235 3346 a
3263 3285 3502 3346 Domino
3522 3283 3627 3346 Job
3644 3291 3726 3345 di-

2125 3381 2272 3434 citur
2296 3380 2439 3435 :Sub
2464 3381 2662 3434 umbra
2686 3383 2892 3435 dormit
2915 3386 2976 3434 in
3002 3387 3198 3434 secreto
3236 3384 3465 3445 calami,
3497 3377 3558 3434 in
3597 3383 3725 3434 locis

2128 3469 2482 3521 hunwntibus
2508 3469 2638 3525 «Job.
2664 3475 2768 3532 XL),
2803 3467 2856 3522 id
2887 3476 2990 3529 est,
3021 3465 3080 3522 in
3109 3463 3337 3522 lubricis
3353 3476 3409 3524 et
3435 3465 3728 3540 voluptuo-

2128 3554 2204 3609 sis
2254 3553 2514 3610 cordibus
2562 3556 2880 3627 requiescit.
2925 3555 3100 3620 Quem
3162 3573 3296 3626 ergo
3351 3555 3630 3612 Dominus
3668 3559 3724 3612 in

445 3643 580 3704 dite,
616 3643 748 3714 quia
799 3658 902 3712 ego
951 3640 1054 3694 vici
1115 3639 1406 3701 mundum,
1457 3639 1762 3711 principem
1823 3657 2045 3712 quoque
2127 3644 2263 3698 locis
2294 3643 2656 3698 humentibus
2697 3639 2941 3698 dormire
2985 3643 3264 3716 prohibet,
3295 3645 3446 3700 hunc
3475 3645 3727 3700 Joannes

446 3727 645 3787 mundi
673 3729 964 3796 debellavi,
999 3727 1203 3784 ﬂuctus
1241 3731 1365 3783 vitae
1395 3729 1649 3782 mortalis
1703 3729 2044 3799 resurgendo
2127 3747 2297 3802 super
2325 3748 2554 3786 arenam
2585 3725 3027 3786 stare-afﬁrmat.

448 3819 674 3887 calcavi,
711 3820 845 3892 quia
868 3817 1023 3890 prior
1052 3834 1154 3888 ego
1187 3815 1600 3888 persecutiones
1631 3819 1754 3886 ejus
1793 3815 1924 3882 bibi,
1959 3813 2044 3872 bi-

446 3867 697 3981 ista;
714 3867 1011 3980 ξιῖρἒεέὲἷξ
1031 3867 1488 3978 νὲῖῖεῆἔθέῥὲἑὲί
1502 3867 1844 3976 signa;
1861 3867 2012 3960 'Jetii
2023 3949 2035 3962 .
2717 3867 2952 3930 GAPUT
2978 3870 3130 3931 XIII-

447 3993 693 4070 Ideoque
728 3997 868 4051 sicut
885 4012 992 4066 ego
1021 4011 1110 4048 me
1142 3987 1450 4057 humiliavi,
1477 4002 1532 4048 et
1548 4011 1648 4066 per
1669 3987 2047 4049 humilitatem
2201 3995 2267 4054 Et
2295 3999 2413 4052 vidi
2435 3991 2498 4052 de
2529 3999 2696 4054 mari,
2723 3990 2839 4054 Hoc
2867 4005 2952 4054 est
2975 4001 3044 4054 de
3067 3991 3427 4054 multitudine
3457 3991 3729 4073 ι-θρι-οδο-

449 4085 522 4140 ad
576 4079 866 4140 victoriam
918 4083 1066 4147 veni,
1098 4082 1180 4136 ita
1235 4091 1292 4136 et
1322 4099 1416 4136 vos
1447 4081 1824 4137 humilitatem
1857 4078 2050 4153 sequi-
2131 4096 2283 4150 rum,
2313 4088 2396 4141 vel
2425 4085 2494 4142 de
2525 4083 2802 4158 profunda
2844 4089 3077 4158 perﬁdia
3109 4085 3452 4142 Iudaeorum.
3491 4093 3731 4143 Bestiam

451 4175 614 4237 mini,
645 4182 709 4229 ut
738 4191 956 4228 mecum
984 4170 1339 4244 postmodum
1365 4189 1600 4242 regnare
1629 4171 1873 4243 possitis,
1909 4189 2050 4244 quo-
2131 4169 2526 4232 ascendentem.
2553 4171 2612 4231 Id
2629 4176 3152 4232 estAntichristum.
3177 4169 3280 4232 Ubi
3301 4177 3453 4232 enim
3485 4179 3546 4232 in
3570 4195 3730 4232 sacro

447 4263 604 4317 niam
631 4257 886 4350 diabolus
911 4255 1050 4350 nihil
1065 4258 1338 4350 amplius,
1347 4256 1666 4350 praevalebit
1695 4261 1752 4314 in
1780 4277 2032 4330 corpore,
2062 4293 2110 4350 Β
2131 4264 2356 4335 eloquio
2385 4259 2746 4335 singulariter
2790 4261 2968 4320 bestia
2997 4265 3242 4336 ponitur,
3285 4267 3405 4336 ipse
3443 4260 3731 4340 maligno-

453 4367 622 4422 quam
643 4349 791 4421 quod
821 4339 1115 4422 praevaluit
1139 4348 1198 4402 in
1225 4345 1423 4418 capite.
1460 4341 1522 4402 Et
1563 4351 1746 4402 iratus
1771 4355 1846 4402 est
1883 4348 2049 4403 draco
2067 4339 2105 4350 ν
2133 4369 2257 4408 rum
2285 4353 2584 4424 spirituum
2625 4355 2880 4426 princeps
2903 4370 3004 4426 per
3021 4354 3175 4408 illam
3201 4355 3552 4426 designatur.
3569 4347 3731 4410 Unde

452 4443 516 4494 in
547 4443 839 4494 mulierem
875 4439 936 4492 Id
960 4445 1064 4503 est,
1085 4442 1282 4491 contra
1301 4445 1552 4491 sanctam
1577 4433 1878 4492 Ecclesiam
1905 4455 2050 4510 quae,
2133 4447 2220 4494 est
2250 4461 2260 4494 :
2296 4438 2470 4495 Bestia
2493 4445 2621 4508 agri
2643 4440 2846 4496 scindet
2867 4459 2970 4495 eos.
3015 4437 3089 4496 Et
3117 4432 3290 4496 lsaias
3325 4461 3336 4496 :
3379 4436 3534 4496 Mala
3560 4446 3729 4502 bestia

459 4527 606 4584 sicut
635 4527 768 4594 dixi,
799 4526 1004 4582 mulier
1033 4521 1364 4600 appellatur,
1398 4527 1531 4597 quia
1555 4524 1876 4598 spirituales
1906 4523 2052 4581 filios
2135 4546 2244 4584 non.
2265 4521 2632 4599 pertransibit
2661 4547 2760 4599 per
2788 4548 2928 4584 eam.
2982 4523 3090 4586 Ubi
3125 4548 3253 4585 vero
3283 4529 3728 4602 particulariter,

454 4625 706 4692 generat.
731 4613 798 4672 Et
823 4619 963 4672 abiit
991 4621 1170 4683 [acere
1182 4619 1444 4685 praelium
1479 4633 1606 4670 eum
1636 4617 1866 4684 reliquis
1887 4620 1948 4670 de
1975 4635 2053 4669 se-
2131 4619 2216 4672 vel
2237 4612 2498 4672 universa
2511 4615 2826 4672 daemonum
2856 4626 3134 4690 portenta,
3149 4621 3232 4674 vel
3251 4609 3522 4675 bestiales
3548 4611 3732 4674 homi-

451 4712 602 4766 mine
651 4712 786 4778 ejus.
830 4705 986 4761 Fecit
1011 4703 1236 4778 quidem
1265 4699 1432 4760 draco
1477 4705 1731 4775 praelium
1756 4718 1911 4759 ‘cum
1939 4697 2046 4774 his,
2132 4723 2266 4760 num
2295 4713 2484 4762 motus
2515 4707 2926 4778 exprimuntur.
2956 4701 3116 4762 Unde
3145 4713 3231 4762 est
3261 4725 3272 4760 :
3325 4709 3524 4763 Omnes
3554 4701 3732 4762 bestia

451 4799 550 4871 qui
580 4798 805 4854 fuerunt
835 4803 966 4850 ante
998 4794 1222 4849 Domini
1253 4794 1556 4848 adventum
1589 4791 1737 4859 boni,
1770 4797 1916 4849 sicut
1943 4793 2048 4848 fuit
2131 4799 2259 4864 agri
2278 4787 2656 4850 Iudentibi.l3t
2684 4791 2983 4866 Apostolus
3005 4795 3098 4852 .Si
3111 4789 3412 4852 secundum
3444 4799 3728 4852 hominem

451 4879 754 4953 Abraham,
781 4885 940 4940 Isaac
969 4890 1026 4938 et
1049 4882 1238 4944 Jacob,
1275 4889 1328 4937 et
1353 4883 1514 4938 multi
1534 4882 1650 4948 alii,
1678 4881 1775 4937 sed
1806 4875 2048 4954 amplius
2129 4886 2202 4936 ad
2222 4885 2414 4937 bestias
2429 4888 2676 4952 pugnavi
2694 4877 2906 4953 Ephesi.
2925 4877 3028 4938 Et:
3061 4885 3331 4940 Cretenses
3349 4891 3565 4954 semper
3579 4903 3729 4940 men-

448 4977 888 5050 postadventum
913 4971 1041 5028 Filii
1064 4971 1360 5044 Dei,coe.pit
1392 4972 1583 5026 saevire
1617 4989 1745 5026 cum
1786 4973 2038 5042 reliquis,
2125 4972 2302 5034 daces,
2337 4975 2496 5026 mata
2524 4969 2714 5025 bestia.
2768 4965 2872 5026 llic
2899 4970 3112 5044 itaque,
3161 4971 3307 5027 sicut
3355 4967 3492 5041 dixi,
3544 4971 3728 5028 bestia

453 5061 548 5136 qui
579 5071 742 5119 erant
763 5063 832 5116 de
857 5060 1072 5116 semine
1101 5061 1244 5132 ejus,
1278 5053 1333 5113 id
1379 5067 1465 5114 est
1510 5073 1639 5115 cum
1687 5062 1957 5132 apostolis
1989 5067 2045 5114 et
2127 5077 2250 5131 quae
2281 5058 2535 5114 ascendit
2563 5057 2632 5114 de
2659 5060 2821 5126 mari,
2851 5053 3136 5116 diabolum
3168 5058 3468 5132 signiﬁcat.
3504 5062 3601 5132 qui
3631 5079 3728 5116 as-

451 5153 814 5224 martyribus,
849 5167 988 5222 quos
1017 5167 1116 5221 per
1143 5145 1394 5204 membra
1423 5165 1527 5203 sua
1557 5149 1852 5206 cruciﬁxit.
1887 5156 2044 5202 ustu-
2127 5148 2315 5203 cendit
2343 5146 2412 5202 de
2437 5149 2696 5202 cordibus
2725 5147 3110 5220 reproborum,
3143 5158 3208 5204 ut
3246 5151 3492 5220 amplius
3513 5150 3726 5216 saeviat,

451 5241 610 5309 lavit,
641 5231 756 5311 igni
787 5238 1038 5295 tradidit.
1057 5247 1115 5292 et
1144 5239 1310 5291 variis
1339 5238 1633 5292 tormentis
1653 5235 1934 5292 cruciavit.
1955 5233 2048 5290 Se-
2130 5237 2345 5292 solutus
2373 5225 2678 5308 per'ipsum
2711 5233 2988 5308 perditum
3019 5233 3323 5304 hominem,
3345 5237 3442 5308 qui
3463 5247 3732 5293 nascetur

453 5347 585 5385 men
615 5329 824 5401 quippe
871 5326 1125 5380 mulieris
1155 5327 1383 5380 verbum
1414 5325 1750 5396 intelligitur
1779 5325 2046 5397 praedica-
2129 5328 2199 5381 de
2223 5325 2382 5398 plebe
2411 5324 2660 5386 Judaica.
2702 5319 2863 5396 juxta
2888 5324 3061 5380 illud:
3097 5322 3215 5380 Fiat
3250 5327 3374 5379 Dan
3411 5330 3634 5380 coluber
3665 5339 3728 5382 in

453 5419 646 5494 tionis,
671 5433 781 5491 quo
817 5422 1193 5474 renascuntur
1218 5415 1492 5485 homines,
1526 5420 1585 5470 et
1632 5416 1733 5470 lilii
1785 5409 1887 5470 Dei
1935 5415 2051 5472 etii.
2129 5407 3510 5489 via.ctusque.Utcadatascensorejusretrowem
3532 5428 3720 5480 XLIX).
