4048 6172
446 239 586 297 ’1095
860 241 1236 296 HAYMONIS
1275 237 1764 294 HALBERSTAT.
1805 237 2031 292 EPISC.
2073 238 2232 294 OPP.
2273 241 2458 296 PARS
2495 243 2541 300 L
2585 272 2648 283 —-
2689 231 3064 299 COMMENT.
3109 246 3294 302 BIBL.
3361 279 3382 288 κ
3575 245 3713 302 1096

450 369 617 435 ptura
645 367 907 435 ponatur,
930 363 1078 417 unde
1107 367 1218 416 est:
1243 363 1309 416 Et
1351 361 1593 413 vidimus
1619 361 1856 426 gloriam
1893 362 2030 426 ejus,
2056 364 2242 420 Atoto
2271 363 2436 417 corde
2463 371 2652 431 suo,et
2682 367 2998 436 proximum
3035 368 3180 422 sicut
3207 369 3480 440 seipsum,
3498 386 3632 424 nam
3659 375 3718 423 et

448 456 692 520 gloriam
723 455 885 521 quasi
911 454 1188 517 unigeniti
1214 467 1249 502 a
1274 452 1454 502 Patre.
1483 477 1536 486 ο·-
1575 448 1637 500 Et
1662 448 1946 499 admirata
1967 451 2042 498 est
2125 451 2272 518 quod
2301 467 2464 505 omne
2493 459 2716 523 tempus
2753 455 2924 525 hujus
2955 456 3416 524 vitaedesignetur
3445 475 3549 528 per
3585 474 3716 528 qua-

450 543 712 593 uni-versa
735 546 882 594 terra
901 544 1016 607 post
1051 541 1294 591 bestiam.
1329 535 1482 590 Nulli
1513 533 1764 590 dubium.
1794 533 1928 604 quin
1945 551 2045 604 per
2123 539 2500 608 dragesimum
2533 543 2838 596 secundum
2879 559 3196 606 numerum,
3226 546 3354 600 hinc
3378 545 3713 617 patet.quod

450 632 662 682 terram
705 628 916 682 terreni
959 626 1364 696 intelligantur,
1401 623 1496 694 qui
1533 623 1886 676 admirantur
1918 627 2044 692 post
2125 627 2224 680 lilii
2265 629 2436 681 Israel
2476 630 2905 699 quadragesima
2929 639 2987 685 et
3032 634 3277 687 secunda
3305 635 3600 688 mansione
3629 633 3716 687 in-

449 714 708 782 bestiam,
739 716 1082 770 aestimantes
1109 731 1230 790 eam
1254 711 1626 767 rasurrexisse
1656 729 1689 764 a
1711 711 1964 768 mortuis.
1987 719 2044 764 et
2120 716 2301 784 gressi
2317 723 2448 770 sunt
2463 724 2670 771 terram
2691 721 3490 789 repromissionis.Notandum
3511 722 3717 792 quippe

450 802 635 856 facere
659 820 727 856 ea
756 802 1026 856 miracula
1055 801 1112 854 in
1141 801 1347 854 virtute
1379 799 1714 853 divinitatis.
2124 810 2210 854 est
2233 804 2511 862 omnibus.
2539 807 2684 876 quod
2717 824 2816 876 per
2837 809 3020 878 ipsum
3059 811 3168 864 iter
3195 809 3494 864 Israelitici
3525 811 3720 880 populi

529 889 1368 955 Etadora-rerunidraconem,id
1381 887 2042 955 estdiabolum,quidedit
2125 906 2370 960 praesens
2403 893 2517 946 vita
2561 895 2927 964 signiﬁcetur,
2963 897 3022 950 in
3051 914 3164 967 qua
3183 897 3469 968 peregrini
3497 915 3716 964 sumus,

446 987 765 1056 potestatem
793 981 969 1033 bestia-
998 983 1061 1032 ut
1088 978 1300 1032 faceret
1325 976 1595 1030 miracula
1621 975 2030 1046 potentialiter.
2124 985 2181 1031 et
2209 979 2278 1032 ad
2311 980 2549 1050 patriam
2577 983 2861 1037 caelestem
2891 985 3192 1039 tendimus.

451 1075 516 1128 Et
544 1071 918 1125 adorarerunt
950 1067 1194 1130 bestiam,
1217 1065 1272 1118 id
1295 1070 1381 1118 est
1407 1064 1589 1134 ipsum
1611 1061 2040 1116 Antichristum.
2197 1068 2264 1120 Et
2290 1071 2511 1136 aperuit
2533 1087 2589 1123 os
2605 1087 2767 1124 suum
2789 1075 2848 1125 in
2872 1074 3234 1140 blasphemias
3253 1075 3328 1127 ad
3337 1075 3511 1128 Deum
3536 1093 3554 1136 ,-
3581 1075 3720 1128 ωας.

449 1162 730 1215 Dicentes:
756 1155 886 1220 Quis
919 1155 1126 1208 similis
1149 1155 1323 1206 bestia:
1346 1152 1462 1206 ?Ut
1479 1167 1540 1204 se
1567 1150 1827 1203 ostendat
1845 1165 2043 1203 resur-
2119 1157 2382 1224 phemare
2403 1174 2595 1212 nomen
2629 1163 2819 1227 ipsius.
2853 1161 2979 1230 Ipse
3029 1161 3122 1230 qui
3171 1178 3321 1216 nunc
3364 1161 3594 1233 aperuit
3620 1179 3722 1216 ora

451 1247 659 1302 rexisse
687 1261 722 1297 a
745 1242 1008 1297 mortuis.
1046 1241 1112 1294 Et
1137 1243 1258 1308 quis
1284 1242 1486 1307 poterit
1508 1254 1758 1306 pugnare
1777 1254 1902 1290 cum
1927 1254 1990 1291 ea
2021 1243 2045 1288 ?
2127 1243 2489 1314 reprobomm
2519 1246 2588 1299 ad
2619 1244 3115 1316 blasphemandum
3144 1249 3318 1303 Deum
3343 1250 3428 1303 γει
3469 1250 3573 1304 Dei
3595 1267 3716 1304 ser.

449 1337 528 1390 Ut
546 1330 953 1398 voluntaliejus
978 1328 1240 1382 resistere
1263 1325 1456 1397 possit,
1485 1325 1538 1378 id
1573 1331 1672 1408 est
1704 1325 1908 1379 nullus.
1943 1324 2045 1378 Hic
2127 1349 2242 1396 vos,
2267 1333 2387 1402 ipse
2409 1339 2543 1388 tunc
2567 1336 2784 1404 aperiet
2839 1353 2900 1390 os
2951 1339 3335 1408 corporaliter,
3366 1355 3496 1393 cum
3533 1339 3595 1392 in
3621 1339 3719 1392 illo

446 1427 566 1494 jam
596 1426 790 1491 aperte
815 1413 1394 1483 demonstratumquid
1425 1413 1496 1466 sit
1525 1404 1793 1465 admirari
1817 1412 2044 1465 univer-
2125 1421 2391 1474 damnato
2421 1423 2646 1477 homine
2694 1425 2946 1479 habitare
2976 1404 3224 1496 emperit.
3259 1428 3396 1481 Tale
3439 1433 3528 1480 est
3566 1428 3720 1481 enim

452 1526 574 1563 sam
603 1514 814 1562 terram
845 1511 969 1576 post
1000 1503 1313 1566 bestiam,id
1339 1508 1424 1556 est
1445 1501 1713 1568 reprobos
1733 1507 1790 1554 et
1817 1506 2044 1555 terrena
2124 1507 2246 1568 hoc,
2277 1509 2441 1578 quale
2469 1515 2528 1562 et
2563 1509 2723 1577 illud,
2754 1513 2900 1581 quod
2925 1513 2985 1566 in
3014 1514 3310 1583 Evangelio
3339 1514 3410 1567 de
3439 1514 3720 1584 Redemp-

450 1593 824 1669 sapiemes.In
853 1611 918 1648 eo
941 1593 1132 1662 itaque
1161 1592 1460 1644 draconem
1485 1590 1878 1650 adoraverunt.
1895 1589 2045 1660 quod
2125 1602 2247 1649 tore
2269 1601 2478 1658 nostro,
2522 1597 2650 1650 licet
2665 1615 2765 1668 per
2791 1601 3136 1654 contrarium
3166 1601 3551 1672 dicatur,quia
3579 1617 3718 1672 ape-

449 1685 686 1741 bestiam
703 1679 1581 1747 illam,\'idelicet,Antichristum
1611 1694 1722 1731 non
1747 1679 1927 1731 solum
1957 1677 2043 1730 di-
2060 1711 2106 1770 B
2129 1683 2280 1736 riens
2301 1701 2364 1738 os
2393 1697 2556 1738 suum
2581 1687 2814 1741 docebat
2839 1705 3027 1752 eos,”
3051 1689 3097 1742 εί
3119 1689 3400 1744 diceretur
3427 1709 3439 1743 ε
3463 1691 3574 1754 Qui
3619 1689 3720 1743 du-

451 1774 602 1828 vitiis
630 1779 684 1827 et
706 1769 1103 1843 potentatibus,
1127 1785 1317 1822 verum
1345 1767 1514 1820 etiam
1544 1767 1847 1820 electorum
1869 1765 2044 1834 signis
2060 1765 2100 1770 ’
2127 1772 2258 1825 dum
2283 1779 2583 1843 aperuerat
2602 1791 2700 1827 ora
2719 1777 3201 1846 prophetarum.in
3225 1780 3522 1848 praesentia
3535 1776 3721 1830 carnis

452 1867 512 1916 et
531 1859 828 1915 virtutibus
853 1855 1371 1918 fultum,Christum
1402 1871 1522 1908 esse
1551 1854 2045 1925 putaverunt.For-
2125 1875 2491 1930 apparens,os
2510 1878 2671 1914 suum
2695 1863 3049 1932 aperuit.sed
3077 1881 3259 1934 agnus
3286 1865 3354 1918 ad
3379 1864 3717 1928 doctrinam,

452 1951 600 2004 sitan
621 1949 770 2003 enim
799 1945 1210 2000 contemnenda
1241 1944 1458 2008 esset,si
1481 1941 1831 1995 solummodo
1853 1949 2043 2012 poten-

449 2039 532 2093 tia
557 2036 830 2100 saeculari,
872 2041 930 2088 et
959 2049 1072 2087 non
1103 2031 1400 2086 virtutibus
1428 2031 1568 2084 fulta
1593 2035 1759 2084 esset.
1798 2030 2040 2084 Rursum

453 2125 812 2196 despicienda
831 2129 980 2177 esset
995 2119 1322 2184 fortassis,si
1345 2120 1526 2173 solum
1547 2119 1850 2172 virtutibus
1869 2119 2040 2172 simu-

453 2215 582 2268 latis
623 2219 681 2267 et
709 2229 820 2266 non
850 2211 1020 2264 etiam
1051 2208 1302 2262 saeculari
1333 2206 1582 2277 potentia
1607 2223 1707 2260 usa
1729 2205 1944 2260 fuisset.
1969 2209 2044 2260 At

453 2319 580 2356 cum
610 2301 788 2370 signis
809 2306 866 2353 et
909 2299 1155 2368 potentia
1183 2296 1438 2348 videatur
1488 2294 1740 2360 sull’ulta,
1764 2294 1888 2365 quis
1931 2311 2042 2347 non

452 2391 637 2444 solum
657 2387 1241 2459 reproborum,verum
1275 2385 1441 2436 etiam
1471 2384 1772 2437 electorum
1799 2399 1910 2436 non
1931 2389 2046 2436 tre-

452 2478 610 2548 pidet
629 2477 652 2530 ?
673 2476 832 2530 Unde
855 2481 914 2528 et
951 2473 1249 2527 adorantes
1275 2472 1470 2526 dicunt
1494 2489 1506 2524 :
1545 2472 1676 2537 Quis
1707 2473 1910 2524 similis
1941 2473 2048 2523 bes-

455 2570 583 2620 tias?
611 2567 681 2620 Et
709 2580 899 2618 verum
915 2562 1112 2616 dicunt
1134 2561 1226 2614 isti
1244 2559 1339 2630 qui
1355 2560 1498 2613 hanc
1521 2559 1754 2612 bestiam
1782 2559 2040 2624 adorant,

455 2655 586 2726 quia
613 2671 794 2725 neque
816 2653 873 2706 in
905 2650 1159 2705 saeculari
1189 2647 1456 2719 potentia,
1488 2663 1669 2718 neque
1697 2647 1754 2700 in
1797 2646 2042 2700 miracu-

454 2746 636 2799 lorum
659 2741 933 2798 fraudein
957 2739 1252 2794 retroactis
1271 2737 1617 2808 temporibus
1646 2735 1845 2790 similis
1870 2736 1921 2790 ei
1951 2752 2047 2806 ap-

453 2832 660 2905 paruit.

523 2923 589 2976 Et
617 2923 813 2975 datum
842 2923 917 2973 est
945 2921 996 2972 ei
1017 2935 1073 2971 os
1105 2921 1328 2985 loquens
1349 2930 1554 2982 magna
1579 2918 1628 2968 et
1659 2913 2038 2982 blasphemias.

453 3010 652 3066 Divino
681 3014 733 3064 et
759 3010 916 3079 justo
937 3007 1037 3062 Dei
1054 2980 1268 3076 judicio
1293 3003 1362 3057 ad
1379 2980 1694 3056 illudendos
1719 2980 1936 3054 animos
1958 3017 2038 3054 re-
2059 2980 2104 3044 Ο

455 3097 780 3169 proborum.
812 3095 1159 3166 permittitur
1209 3091 1588 3146 Antichristus
1619 3105 1822 3159 magna
1846 3088 2036 3158 loqui:

453 3201 661 3255 magna
680 3185 893 3254 utique,
920 3199 1033 3236 non
1062 3182 1194 3252 quia
1218 3180 1386 3246 bona,
1417 3179 1513 3232 sed
1544 3177 1678 3248 quia
1706 3177 1960 3230 inaudita
1988 3181 2044 3230 et

454 3271 746 3326 terribilia.
782 3271 850 3324 Et
887 3268 1264 3340 blasphemias
1311 3267 1591 3336 loquetur,
1625 3266 1758 3336 quia
1786 3265 1936 3318 dicet
1985 3281 2044 3318 se

458 3363 634 3418 Deum
665 3375 804 3424 esse,
843 3365 901 3412 et
929 3373 1029 3428 pro
1058 3357 1155 3410 illo
1181 3373 1240 3408 sc
1269 3353 1494 3408 adorari
1520 3354 1700 3407 faciet.
1734 3355 1936 3408 Datum
1961 3361 2048 3407 est

455 3449 607 3504 enim
634 3453 692 3502 et
718 3447 802 3501 illi
829 3463 862 3500 a
887 3447 1003 3501 Deo
1033 3452 1096 3499 ut
1123 3446 1228 3498 hoc
1256 3443 1478 3502 taceret,
1501 3442 1555 3495 id
1586 3447 1674 3496 est
1706 3442 2044 3514 permissum

457 3544 544 3593 est
569 3537 670 3591 illi.
699 3537 832 3590 Tale
853 3534 1058 3606 quippe
1087 3541 1173 3588 est
1199 3531 1491 3602 hoc,quale
1527 3537 1586 3585 et
1613 3531 1782 3585 illud:
1809 3533 2048 3586 Indura-

457 3633 576 3682 tum
603 3631 676 3680 est
701 3641 794 3680 cor
829 3625 1157 3679 Pharaonis.

526 3715 592 3768 Et
613 3715 744 3768 data
773 3718 846 3767 est
888 3715 977 3765 illi
987 3715 1219 3779 potestas
1239 3713 1416 3776 [acere
1435 3727 1639 3765 "tenses
1670 3711 2047 3778 quadraginta

455 3805 610 3857 duos.
635 3804 701 3857 1n
719 3801 902 3855 tribus
931 3799 1094 3854 annis
1113 3811 1170 3853 et
1207 3799 1460 3864 dimidio,
1483 3797 1856 3870 quadraginta
1907 3797 2048 3850 duos

454 3907 678 3946 menses
724 3896 1051 3959 sunt.atque
1079 3887 1282 3942 idcirco
1298 3887 1616 3959 specialiter
1634 3887 1692 3940 in
1723 3886 1810 3940 his
1835 3885 2046 3939 mensi-

455 3979 560 4034 bus
590 3978 853 4034 ultimum
882 3985 1104 4048 tempus
1134 3983 1192 4031 et
1221 3977 1535 4047 persecutio
1559 3975 1908 4046 signiﬁcatur
1929 3978 2042 4028 An-

454 4066 1076 4125 tichristi.Generalitei'
1103 4073 1294 4120 autem
1324 4081 1489 4119 omne
1519 4070 1742 4134 tempus
1774 4064 1938 4131 hujus
1951 4080 2048 4125 sae-

455 4158 626 4219 culi,a
653 4155 874 4211 Domini
907 4153 1302 4226 praedicatione
1332 4169 1512 4224 usque
1549 4153 1619 4206 ad
1649 4154 1816 4206 finem
1839 4151 2045 4218 saeculi,

457 4245 600 4300 sicut
621 4251 678 4298 et
695 4259 864 4314 supra
883 4259 981 4313 per
999 4243 1120 4296 dies
1141 4242 1290 4296 mille
1311 4242 1579 4296 ducentos
1591 4240 2050 4311 sexaginta.Quia

2128 1948 2304 2001 bestia
2331 1948 2546 2018 aperiet
2571 1967 2632 2003 os
2665 1967 2828 2004 suum
2861 1951 2934 2004 ad
2979 1951 3376 2023 blasphemias.
3411 1952 3516 2006 Vel
3545 1956 3718 2012 certe,

2125 2035 2256 2105 quia
2278 2052 2426 2090 nunc
2443 2053 2542 2106 per
2556 2037 2806 2091 membra
2825 2055 2928 2092 sua
2954 2046 3107 2092 metu
3127 2039 3307 2093 fidelis
3321 2039 3723 2110 populiaperte

2123 2141 2236 2178 non
2265 2141 2609 2195 praesumens
2635 2125 3041 2196 blasphemare.
3081 2144 3144 2180 os
3183 2144 3346 2181 suum
3385 2127 3717 2192 obstruitur,

2127 2213 2424 2267 Psalmista
2473 2213 2724 2267 dicente:
2779 2215 3126 2269 Obstructum
3167 2221 3242 2269 est
3273 2233 3330 2269 os
3368 2219 3720 2284 loqumtium

2125 2304 2480 2369 iniquitatem
2510 2302 2632 2371 (Ps.
2667 2313 2816 2368 [κω.
2859 2303 2921 2356 1η
2942 2303 3131 2357 futuro
3146 2320 3209 2356 os
3246 2304 3468 2374 aperire
3491 2303 3716 2368 dicitur,

2131 2391 2354 2459 quando
2367 2407 2466 2460 per
2491 2390 2673 2460 ipsum
2695 2391 2976 2444 hominem
3001 2391 3329 2445 damnatum
3352 2391 3612 2445 saeculari
3630 2407 3722 2460 po-

2127 2481 2303 2530 tentia
2327 2485 2522 2532 contra
2553 2480 2730 2532 Deum
2775 2485 2832 2532 et
2861 2479 3162 2533 Ecclesium
3194 2479 3463 2543 elevatus,
3501 2478 3720 2550 publice

2125 2581 2297 2618 ausus
2315 2567 2484 2620 fuerit
2495 2566 2880 2637 blasphemare
2893 2583 3096 2621 nomen
3111 2567 3398 2636 ejus,illud
3414 2566 3720 2628 scilicet,de

2125 2669 2234 2722 quo
2257 2655 2462 2708 Paulus
2482 2655 2864 2724 dicit:Proptcr
2877 2657 3077 2723 quodet
3100 2657 3242 2710 Deus
3253 2658 3520 2709 exultavit
3531 2658 3715 2720 illum,

2126 2749 2267 2808 etc.,
2296 2759 2473 2813 usque
2492 2743 2761 2796 Dominus
2787 2751 2969 2797 noster
2994 2745 3148 2798 .lesus
3175 2745 3427 2799 Christus
3453 2747 3517 2796 in
3536 2745 3718 2811 gloria

2125 2835 2199 2884 est
2229 2832 2328 2884 Dei
2351 2833 2554 2886 Patris.
2590 2831 3010 2901 Blasphemabit
3032 2832 3136 2886 hoc
3164 2848 3389 2894 nomen,
3413 2832 3549 2902 quia
3574 2831 3722 2884 dicet

2125 2918 2308 2989 ipsum
2330 2935 2442 2972 non
2469 2935 2590 2973 esse
2611 2919 2918 2985 Christum,
2951 2921 3047 2974 sed
3071 2921 3256 2990 potius
3285 2920 3716 2980 Antichristum,

2126 3023 2185 3060 se
2209 3013 2398 3062 autem
2429 3007 2714 3062 Christum
2738 3024 2860 3062 esse
2899 3008 3184 3074 fatebitur,
3209 3025 3312 3063 nec
3326 3009 3446 3078 jam
3473 3007 3720 3061 similem

2125 3095 2261 3161 Deo,
2282 3096 2400 3162 sed,
2425 3095 2570 3150 sicut
2595 3096 2730 3150 dicit
2761 3097 3080 3166 Apostolus.
3113 3097 3416 3150 extolletur
3443 3103 3501 3150 et
3535 3096 3724 3148 eleva-

2129 3183 2278 3238 bitur
2307 3201 2478 3254 supra
2507 3201 2674 3238 omne
2696 3185 2842 3254 quod
2874 3185 3079 3238 dicitur
3104 3184 3380 3248 Deus,aut
3407 3184 3556 3254 quod
3583 3182 3727 3236 coli-

2125 3278 2238 3335 tur,
2273 3273 2508 3342 ideoque
2537 3272 2594 3326 in
2639 3273 2735 3326 illo
2759 3272 3005 3326 deterior
3057 3272 3318 3326 omnibus
3368 3271 3726 3342 blasphemia

2125 3360 2430 3414 invenitur.

2196 3449 2262 3502 Et
2303 3450 2724 3502 tabernaculum
2751 3452 2888 3516 ejus,
2921 3447 3256 3503 subauditur
3283 3446 3721 3518 blasphemabit,

2128 3535 2184 3589 id
2214 3542 2318 3602 est,
2345 3535 2523 3606 ipsam
2538 3553 2762 3590 carnem
2795 3537 3184 3606 Redemptoris
3200 3537 3466 3602 nostri,in
3486 3552 3597 3605 qua
3618 3537 3692 3588 ha
3709 3562 3724 3574 ε

2130 3622 2273 3677 bitat
2311 3623 2494 3677 omnis
2532 3624 2822 3694 plenitudo
2866 3623 3194 3690 divinitatis,
3229 3624 3439 3688 dicens,
3464 3639 3577 3677 non
3604 3624 3724 3676 haec

2130 3711 2207 3764 ita
2235 3729 2294 3766 se
2325 3712 2548 3774 habere,
2574 3713 2672 3766 sed
2711 3711 2934 3783 signum
2967 3713 3156 3777 fuisse,
3185 3719 3243 3766 et
3271 3730 3372 3783 per
3397 3713 3727 3766 daemonum

2129 3806 2460 3870 potestatem
2493 3807 2652 3854 tanta
2671 3818 2840 3871 agere
2863 3801 3130 3871 potuisse,
3162 3819 3221 3856 se
3261 3811 3454 3855 autem
3485 3801 3726 3854 conﬁte-

2129 3887 2282 3942 bitur
2304 3905 2431 3943 vere
2460 3906 2582 3943 esse
2614 3889 2818 3944 Filium
2849 3889 2950 3944 Dei
2980 3897 3037 3944 et
3063 3889 3238 3944 ﬁlium
3264 3889 3529 3952 hominis,
3551 3889 3630 3942 ita
3659 3893 3726 3940 ut

2129 3977 2322 4032 sedeat
2343 3978 2399 4031 in
2431 3978 2640 4048 templo
2672 3978 2769 4032 Dei
2808 3985 3074 4047 tanquam
3105 3977 3181 4031 sit
3207 3978 3454 4040 Deus.Et
3483 3977 3618 4048 quia
3635 3975 3726 4028 di-

2129 4067 2418 4120 vinitatem
2441 4067 2498 4120 in
2519 4084 2580 4122 se
2608 4067 2868 4121 habitare
2893 4066 3052 4134 dicit,
3072 4067 3276 4120 idcirco
3297 4065 3471 4120 etiam
3494 4063 3724 4118 adorari

2131 4171 2191 4208 se
2212 4155 2394 4209 faciet.

2203 4244 2268 4297 Et
2286 4260 2370 4298 eos
2399 4246 2499 4312 qui
2527 4247 2589 4298 in
2617 4248 2740 4298 carlo
2762 4245 3035 4309 habitant,
3061 4243 3120 4298 id
3135 4248 3222 4296 est
3249 4243 3307 4296 in
3330 4240 3722 4306 Ecclesia,sive

457 4350 592 4404 ergo
612 4349 712 4403 per
726 4331 1101 4402 quadraginta
1113 4331 1253 4384 duos
1277 4346 1497 4385 menses
1511 4347 1678 4384 omne
1691 4337 2050 4400 tempus.quo
2071 4323 2114 4380 D
2133 4348 2299 4396 nunc,
2320 4332 2434 4386 sive
2462 4332 2629 4386 etiam
2653 4333 2747 4402 qui
2765 4334 2885 4402 jam
2914 4335 3336 4404 praecesserunt,
3370 4329 3728 4401 blasphema-

457 4421 714 4478 diabolus
741 4427 938 4474 contra
967 4419 1265 4474 Ecclesium
1313 4428 1544 4490 pugnat,
1577 4419 1690 4473 sive
1731 4419 1899 4474 etiam
1939 4435 2050 4488 quo

457 4519 652 4583 aperte
681 4511 898 4564 solutus
920 4509 1106 4564 acrius
1145 4509 1435 4580 pugnabit,
1468 4509 1820 4580 intelligitur,
1857 4508 2050 4562 viden-

458 4601 592 4656 dum
625 4606 712 4655 est
749 4599 808 4654 in
857 4599 1034 4670 ipsius
1066 4598 1286 4654 numeri
1335 4605 1558 4661 natura,
1583 4615 1757 4669 quare
1787 4614 1882 4652 eos
1935 4613 2048 4651 non

457 4691 659 4745 vincat.
691 4691 924 4745 Constat
951 4689 1102 4743 enim
1130 4688 1218 4742 hic
1238 4705 1508 4742 numerus
1540 4704 1605 4740 ex
1630 4687 1883 4750 denario,
1915 4703 2049 4757 qua-

457 4779 724 4840 ternario,
768 4784 825 4832 et
866 4777 1100 4831 binario.
1128 4778 1383 4840 Quatuor
1420 4793 1552 4846 ergo
1603 4775 1922 4830 referuntur
1977 4775 2049 4828 ad

459 4875 702 4938 quatuor
724 4865 892 4922 llblOS
915 4865 1215 4936 Evangelii,
1242 4865 1358 4918 sive
1373 4873 1616 4934 quatuor
1633 4865 1864 4919 virtutes
1891 4864 2046 4934 prin-

457 4955 678 5028 cipales.
711 4955 985 5010 Denarius
1015 4955 1082 5008 ad
1119 4953 1454 5022 Decalogum
1503 4951 1660 5022 legis,
1691 4952 1941 5006 binarius
1979 4951 2049 5004 ad

459 5045 570 5100 duo
591 5045 905 5100 dilectionis
925 5040 1438 5115 praeceptaldcirco
1458 5040 1668 5112 itaque,
1691 5042 1805 5095 sive
1827 5041 1880 5094 in
1899 5039 2049 5094 omni

458 5139 712 5206 tempore
734 5133 1023 5204 praesentis
1051 5132 1192 5198 vitae,
1217 5131 1330 5185 sive
1351 5132 1522 5200 etiam
1552 5131 1655 5184 sub
1681 5130 2043 5193 Antichristo,

457 5222 866 5294 insuperabiles
883 5221 1307 5291 existunt.quia,
1331 5229 1572 5290 quatuor
1591 5218 1746 5272 libris
1767 5218 2050 5289 Evangelii

458 5311 603 5376 fulti,
631 5317 983 5383 quatuorque
1027 5308 1427 5380 principalibus
1454 5307 1752 5363 virtutibus
1776 5307 2048 5373 roborati,

457 5401 798 5472 Decalogum
827 5398 966 5469 legis
991 5413 1160 5468 opere
1186 5399 1485 5469 complent.
1518 5404 1576 5452 et
1603 5398 1714 5452 duo
1737 5397 2049 5452 dilectionis

458 5494 736 5564 praecepta
755 5487 1100 5556 custodiunt,
1120 5485 1418 5558 diligentes
1455 5487 1758 5542 Dominum
1783 5487 1962 5542 Deum
1983 5503 2050 5542 ex

2131 4417 2232 4484 bit,
2264 4419 2473 4485 dicens,
2506 4436 2700 4474 omnes
2721 4421 2823 4474 hos
2854 4421 3141 4474 ministros
3167 4418 3337 4473 fuisse
3365 4417 3726 4484 Antichristi,

2133 4514 2191 4560 et
2216 4508 2729 4580 pseudoprophetas
2771 4515 2828 4562 et
2855 4509 3138 4579 apostolos
3182 4505 3252 4560 ab
3282 4507 3405 4576 ipso
3433 4507 3720 4576 deceptos,

2133 4597 2423 4650 afﬁrmans
2452 4604 2583 4651 ante
2615 4614 2674 4651 se
2711 4597 2927 4652 nullum
2969 4596 3352 4652 Christianum
3401 4595 3597 4654 fuisse.
3622 4596 3728 4649 sed

2130 4702 2321 4740 onmes
2347 4686 2718 4741 Antichristos
2746 4687 3050 4742 exstitisse.

2205 4775 2268 4829 Et
2297 4777 2491 4829 datum
2517 4781 2590 4828 est
2623 4777 2732 4834 illi.
2774 4775 2829 4828 id
2859 4781 2962 4838 est,
2996 4775 3330 4846 permissum
3352 4774 3538 4828 estilli
3561 4774 3727 4828 aDeo

2125 4867 2279 4937 justo
2297 4863 2528 4933 judicio.
2566 4866 2774 4917 Bellum
2803 4865 2983 4930 facere
3021 4880 3148 4917 cum
3175 4867 3399 4925 sanctis,
3428 4869 3478 4916 et
3510 4866 3726 4916 vim'ere

2132 4958 2276 5008 illos.
2299 4955 2488 5008 Faciet
2505 4952 2711 5006 bellum
2737 4951 3003 5006 adversus
3028 4951 3422 5022 sanctos,quia
3447 4949 3728 5022 pugnabit

2133 5043 2398 5097 adversus
2431 5059 2545 5104 eos,
2574 5048 2632 5094 et
2661 5041 2987 5094 muneribus
3026 5048 3080 5094 et
3129 5040 3447 5103 tormentis,
3481 5048 3541 5094 et
3584 5055 3728 5110 quos

2135 5149 2247 5186 non
2277 5131 2480 5202 poterit
2509 5129 2778 5183 inclinare
2815 5129 2882 5183 ad
2915 5146 3074 5184 suam
3108 5130 3296 5190 ﬁdem,
3329 5129 3529 5190 vincet,
3563 5128 3622 5181 id
3643 5135 3731 5180 est

2137 5220 2349 5274 occidet
2367 5235 2596 5283 eos,non
2623 5225 2811 5272 tamen
2845 5218 3064 5272 animus
3093 5218 3316 5271 illorum
3348 5215 3724 5284 decipieLSed

2132 5308 2385 5363 fortassis
2410 5307 2610 5380 quaerit
2645 5307 2865 5377 aliquis.
2900 5323 3001 5360 cur
3057 5307 3204 5360 Deus
3259 5305 3615 5375 omnipotens
3646 5305 3728 5357 ita

2129 5403 2494 5452 sanctossuos
2513 5414 2600 5466 pet
2617 5395 3226 5466 mittetaflligilQuibus
3244 5393 3484 5448 breviter
3495 5409 3728 5463 respon-

2131 5485 2378 5542 dendum
2419 5492 2523 5555 est,
2556 5485 2688 5558 quia
2729 5486 2828 5540 ﬁlii
2864 5492 2998 5540 sunt
3038 5494 3097 5540 et
3131 5495 3368 5556 paterna
3395 5482 3729 5538 hereditate
