4048 6172
262 290 402 349 1097

1184 293 1564 351 EXPOSITIO
1592 293 1671 351 ΙΝ
1700 291 2223 350 APOCALYPSIN.
2242 321 2312 334 —
2339 292 2475 348 LIB.
2508 292 2605 348 IV.

3397 303 3534 366 1098

259 416 509 472 donandi
523 421 692 487 atque
708 416 872 470 aDeo
891 416 1100 471 dilecti.
1115 417 1275 472 Unde
1295 419 1566 490 scriptum
1579 424 1690 474 est:
1723 421 1852 474 Fla-
1866 427 1918 485 Α
1941 416 2035 483 sti,
2064 417 2146 470 ita
2172 422 2230 471 et
2255 417 2327 471 ad
2354 417 2540 488 ipsum
2579 416 2889 489 principem
2936 421 3213 476 malorum
3238 425 3528 482 Antichri-

257 507 427 573 gellat
447 506 588 558 Deus
607 520 822 557 omnem
837 505 1022 571 ﬁlium
1039 521 1197 574 quem
1218 511 1410 576 recipit
1429 509 1853 578 (Heb.xu).Nam

259 593 309 646 si
339 593 460 664 ipse
481 593 754 646 Dominus
782 595 1228 662 persecutionem
1254 597 1538 663 sustinuit,
1561 602 1625 650 ut
1650 597 1719 650 ad
1738 597 1858 666 glo-

258 681 403 735 riam
419 681 754 752 perveniret,
771 682 866 752 qui
888 689 974 736 est
995 685 1223 738 omnino
1238 685 1358 739 sine
1375 693 1619 756 peccato,
1643 691 1854 756 quanto

257 769 442 838 magis
461 769 636 823 sancti
648 771 802 839 justo
813 770 1028 839 judicio
1039 772 1459 843 afﬂiguntur,ut
1469 775 1854 828 hereditatem

257 857 504 910 caelestis
523 859 718 928 patriae
740 860 1193 929 consequantur?
1215 863 1334 932 qui,
1356 862 1486 916 licet
1513 863 1690 916 sancti
1720 863 1850 929 sint,

260 951 454 1000 tamen
474 962 584 1000 non
607 953 742 1001 sunt
761 947 882 1000 sine
902 955 1152 1018 peccato,
1178 956 1404 1004 econtra
1420 952 1645 1022 reprobi
1666 952 1856 1006 adver-

259 1052 356 1091 sus
405 1052 501 1089 eos
551 1035 805 1101 saeviunt,
858 1037 1073 1107 jugiter
1101 1039 1251 1092 mala
1281 1049 1605 1110 Operantur,
1663 1047 1852 1095 tamen

258 1123 496 1177 minime
523 1124 903 1194 corriguntur,
929 1127 1027 1179 sed
1047 1127 1106 1180 in
1121 1127 1333 1196 judicio
1353 1129 1677 1198 isti,quibus
1706 1146 1854 1183 nunc

257 1213 482 1266 videtur
530 1213 730 1277 iratus,
762 1215 1050 1269 invenient
1086 1217 1246 1270 illum
1294 1218 1598 1286 placatum,
1631 1217 1854 1288 reprobi

257 1307 448 1355 autem
472 1302 832 1371 experientur
849 1303 1090 1358 iratum:
1123 1311 1180 1357 et
1209 1304 1295 1358 ira
1318 1321 1440 1375 qua:
1469 1321 1618 1358 nunc.
1640 1305 1856 1360 miseri-

256 1389 503 1443 corditer
533 1405 568 1442 a
609 1391 817 1444 sanctis
842 1391 1087 1458 inchoat,
1112 1392 1169 1446 in
1198 1392 1450 1462 reprobis
1493 1393 1614 1446 sine
1642 1394 1857 1448 miseri-

257 1479 453 1532 cordia
484 1480 848 1549 conquiescit:
874 1480 1007 1535 hinc
1027 1481 1228 1535 Petrus
1249 1481 1387 1535 dicit
1411 1483 1478 1546 (l,
1507 1483 1662 1552 c.1v):
1700 1484 1854 1537 Tem-

251 1581 362 1635 pus
392 1573 467 1620 est
495 1573 556 1620 ut
579 1570 812 1635 incipiat
832 1571 1117 1636 judicium
1147 1571 1210 1622 de
1233 1570 1391 1622 domo
1411 1571 1526 1623 Dei.
1552 1570 1857 1624 Possumus

259 1660 486 1708 sanctos
517 1671 611 1709 eos
641 1655 974 1726 intelligere,
1009 1657 1106 1727 qui
1130 1673 1280 1711 nunc
1302 1657 1626 1711 simulatam
1652 1659 1711 1712 in
1730 1675 1858 1712 con-

1935 506 2212 575 stum,qui
2232 504 2450 560 duobus
2473 505 2653 559 modis
2672 506 2975 576 captivabit
2993 509 3268 578 homines,
3284 514 3528 583 primum

1936 594 2194 648 videlicet
2222 610 2254 647 a
2286 595 2394 648 fide
2419 593 2629 648 Christi
2661 611 2755 648 eos
2793 613 3060 666 separans
3090 606 3297 665 mente,
3329 602 3532 659 deinde

1937 681 2006 735 ab
2031 688 2367 736 mtemorum
2399 683 2665 737 societate
2687 683 2958 749 fidelium,
2990 687 3120 756 quia
3151 690 3246 758 qui
3275 691 3326 744 ei
3351 691 3530 746 obau-

1937 770 2163 836 dierint,
2185 777 2454 842 perpetuo
2489 771 2828 841 captivitatis
2867 775 3058 829 exsilio
3089 777 3530 835 damnabuntur.

1937 858 2021 912 Ita
2050 864 2107 912 et
2128 859 2224 912 ille
2252 859 2408 930 prius
2437 860 2812 930 captivabitur
2836 862 2893 915 in
2921 863 3132 932 anima,
3153 866 3287 920 dum
3307 868 3530 924 diabolo

1935 947 2193 1000 tradetur
2221 948 2291 1000 ad
2320 948 2737 1017 possidendum.
2761 949 2973 1004 Deinde
2997 951 3429 1010 damnabiturin
3449 958 3534 1012 in-

1935 1035 2093 1088 ferno
2115 1035 2436 1106 captivitate
2463 1043 2754 1107 perpetua.

2007 1124 2072 1177 Et
2087 1127 2187 1190 qui
2202 1127 2264 1176 in
2278 1126 2464 1191 gladio
2477 1127 2752 1181 occiderit.
2779 1133 2985 1194 oportet
2998 1145 3121 1182 eum
3133 1133 3318 1198 gladio
3334 1137 3524 1192 occidi.

1937 1211 2005 1264 Et
2037 1211 2142 1264 hoc
2164 1211 2427 1264 similiter
2446 1211 2664 1266 duobus
2693 1215 2873 1268 modis
2892 1220 2976 1268 est
2991 1218 3398 1288 accipiendum:
3422 1224 3532 1294 pri-

1937 1315 2092 1352 mum
2115 1299 2266 1352 enim
2284 1299 2472 1370 gladio
2487 1301 2647 1354 malae
2657 1303 3034 1371 persuasionis
3047 1305 3346 1364 interﬁciet
3360 1312 3534 1366 homi-

1935 1403 2036 1441 nes
2065 1387 2120 1440 in
2149 1387 2361 1452 anima,
2381 1388 2584 1441 deinde
2616 1405 2754 1458 quos
2783 1390 2862 1444 sic
2887 1407 2997 1444 non
3010 1396 3218 1462 poterit
3242 1413 3529 1468 superare,

1936 1475 2236 1529 interﬁciet
2251 1476 2440 1545 gladio
2458 1476 2756 1542 materiali,
2777 1493 2903 1531 cum
2936 1480 3138 1550 quibus
3160 1484 3329 1538 etiam
3351 1486 3534 1542 Eliam

1939 1569 1996 1617 et
2011 1564 2199 1618 Enoch
2227 1564 2414 1634 gladio
2445 1563 2566 1634 ipso
2587 1565 2909 1620 trucidabit.
2928 1568 3009 1622 De
3031 1569 3137 1623 hoc
3148 1572 3338 1641 gladio
3367 1576 3538 1646 spiri-

1937 1652 2080 1706 tuali
2098 1653 2400 1706 Psalmista
2419 1652 2646 1706 liberari
2663 1669 2722 1707 se
2743 1655 3188 1724 optabat,dicens
3214 1661 3285 1715 ad
3314 1663 3493 1718 Deum
3517 1684 3529 1718 :

261 1747 458 1813 spectu
487 1743 781 1799 hominum
811 1746 1072 1800 videntur
1099 1745 1305 1800 habere
1325 1746 1701 1811 sanctitatem,
1719 1737 1918 1817 quosB
1938 1741 2010 1794 De
2031 1741 2218 1807 gladio
2240 1744 2490 1808 maligno
2510 1743 2658 1809 eripe
2688 1759 2774 1794 me
2794 1743 2963 1811 (Psat.
2985 1747 3198 1814 cxun).
3231 1749 3319 1802 Ita
3356 1757 3414 1805 et
3441 1753 3536 1806 ille

260 1831 464 1897 vincet,
494 1833 627 1902 quia
647 1835 898 1905 superati
916 1834 1078 1889 donis
1097 1839 1194 1888 aut
1225 1834 1542 1900 tormentis,
1565 1851 1600 1887 a
1627 1835 1737 1888 [ide
1774 1851 1859 1889 re-

261 1919 482 1982 cedent,
512 1937 682 1990 quam
710 1938 858 1976 nunc
887 1923 1012 1976 ficte
1039 1927 1252 1976 tenent.

333 2009 402 2062 Et
422 2009 556 2062 data
577 2016 651 2063 est
669 2014 721 2064 ei
737 2016 968 2079 potestas
989 2014 1050 2066 in
1070 2028 1287 2065 omnem
1308 2014 1516 2065 tribum
1537 2016 1584 2064 et
1607 2015 1861 2080 linguam

261 2100 311 2148 et
338 2101 572 2163 gentem.
594 2099 660 2152 In
680 2098 832 2153 tribu
856 2105 913 2153 et
931 2100 1138 2170 populo
1158 2099 1462 2169 accipimus
1475 2099 1864 2171 Judaeos,quia

259 2183 357 2237 ille
378 2185 618 2255 populus
649 2186 708 2240 in
725 2187 983 2242 tribubus
1012 2193 1136 2242 erat
1160 2186 1476 2242 distinctus:
1498 2188 1557 2242 in
1585 2188 1779 2258 lingua
1807 2193 1862 2242 et

261 2277 455 2340 gente,
497 2290 691 2326 omnes
722 2277 979 2330 nationes
1004 2293 1016 2342 ;
1047 2292 1160 2329 non
1205 2276 1387 2330 solum
1417 2276 1475 2329 in
1503 2276 1729 2342 Judaeis,
1763 2277 1861 2330 sed

265 2358 439 2413 etiam
469 2361 527 2415 in
570 2362 830 2417 omnibus
859 2363 1121 2433 gentibus
1145 2369 1311 2418 erunt
1340 2365 1541 2428 sancti,
1565 2365 1862 2419 adversum

265 2465 410 2519 quos
439 2455 775 2520 potestatem
806 2451 1057 2522 accipiet,
1089 2457 1155 2505 ut
1177 2468 1272 2505 eos
1300 2452 1604 2506 interficiat
1634 2460 1692 2506 et
1718 2459 1862 2507 tem-

264 2537 540 2607 poraliter
551 2545 746 2592 contra
767 2555 860 2592 eos
884 2539 1481 2610 praevaleat.Similiter
1503 2540 1671 2594 etiam
1698 2548 1866 2595 erunt

266 2631 326 2678 et
354 2627 414 2678 in
437 2626 641 2682 Iudaeis
667 2633 725 2680 et
758 2627 818 2680 in
844 2627 1130 2698 gentibus,
1161 2627 1257 2697 qui
1303 2628 1431 2684 victi
1479 2629 1861 2685 succumbent.

266 2713 430 2767 Unde
459 2721 517 2768 et
537 2716 830 2770 subditur:

341 2804 410 2857 Et
431 2804 745 2857 adorabunt
763 2821 911 2870 eum,
940 2805 996 2859 id
1026 2810 1112 2859 est
1138 2805 1574 2873 Antichristum,
1600 2812 1657 2860 et
1682 2808 1742 2860 in
1771 2807 1866 2861 illo

269 2890 785 2946 diabolum.0mnes
806 2896 905 2960 qui
923 2893 1178 2947 habitant
1201 2895 1502 2960 terram,id
1520 2900 1607 2949 est
1624 2895 1720 2965 qui
1749 2900 1867 2949 ter-

1940 1828 2227 1882 occidetur
2243 1829 2433 1899 gladio
2454 1829 2745 1884 sententia:
2762 1830 2980 1898 divinae,
2998 1834 3160 1903 juxta
3175 1835 3330 1891 illud:
3365 1841 3535 1907 Quem

1942 1917 2211 1970 Dominus
2223 1919 2376 1970 Jesus
2389 1917 2642 1972 Christus
2654 1921 2711 1971 in
2721 1921 2941 1985 terﬁciet
2955 1923 3160 1989 spiritu
3172 1929 3284 1979 oris
3295 1930 3386 1980 sui
3390 1945 3474 1993 ,ac
3489 1929 3537 1984 si

1942 2004 2154 2057 diceret
2165 2003 2526 2074 martyribus:
2544 2005 2730 2059 Nolite
2742 2006 3139 2069 timere,nolite
3151 2028 3532 2085 expavescere,

1942 2092 2118 2145 nolite
2141 2092 2526 2162 pusillanimes
2546 2094 2802 2161 existere,
2829 2095 2924 2149 sed
2943 2102 3121 2153 estote
3149 2101 3319 2158 fortes
3344 2111 3540 2162 contra

1944 2179 2223 2243 robustos,
2241 2180 2372 2250 quia
2385 2187 2442 2234 et
2453 2181 2558 2234 hoc
2572 2182 2718 2251 quod
2735 2183 2994 2252 patimini
3005 2190 3115 2241 cito
3131 2191 3452 2258 transiet,et
3479 2195 3540 2248 hi

1944 2285 1978 2321 a
1999 2268 2202 2338 quibus
2222 2268 2629 2338 patimini,sine
2642 2271 2912 2325 tarditate
2929 2273 3227 2330 vindictam
3245 2280 3538 2350 recipient,

1945 2357 2000 2411 id
2034 2363 2120 2410 est
2147 2351 2419 2420 diabolus,
2446 2358 2681 2427 ejusque
2701 2359 3002 2414 damnatus
3022 2363 3212 2430 homo,
3231 2382 3330 2420 seu
3357 2369 3541 2424 omnis

1945 2445 2247 2499 multitudo
2276 2445 2664 2515 reproborum,
2700 2447 2795 2516 qui
2827 2465 3001 2503 unum
3033 2450 3229 2522 utique
3260 2463 3413 2510 sunt.

2015 2536 2116 2588 Hic
2144 2538 2217 2587 est
2242 2537 2534 2602 patientia,
2563 2535 2618 2588 id
2647 2542 2732 2589 est
2752 2536 2955 2591 idcirco
2976 2540 3237 2595 virtutem
3261 2546 3547 2613 patientia;

1948 2623 2119 2676 etiam
2149 2621 2298 2675 inter
2319 2622 2554 2676 adversa
2583 2624 2758 2677 sancti
2790 2627 3134 2694 custodiunt,
3171 2632 3306 2700 quia
3347 2635 3543 2690 trium-

1948 2711 2218 2780 phaturos
2247 2726 2306 2763 se
2342 2715 2470 2780 post
2497 2710 2790 2780 paululum
2821 2713 3024 2781 sciunt,
3049 2715 3425 2791 damnatoque
3454 2739 3543 2789 eo,

1951 2798 2047 2868 qui
2075 2797 2180 2851 sibi
2205 2798 2275 2851 ad
2296 2803 2520 2868 tempus
2541 2800 2929 2868 praevaluerat,
2958 2802 3064 2873 ipsi
3087 2805 3146 2858 in
3168 2815 3439 2878 perpetuo
3454 2811 3546 2865 la:-

1949 2886 2241 2942 tabuntur.
2259 2887 2325 2940 Et
2349 2889 2480 2953 ﬁdes
2507 2894 2848 2956 sanctorum,
2876 2890 3163 2959 subaudis,
3186 2895 3274 2950 hic
3297 2900 3546 2969 est,quia

268 2980 425 3033 renis
440 2980 731 3035 desideriis
746 2981 1326 3048 inserviunt.Quorum
1350 2987 1581 3036 nomina
1604 3000 1716 3038 non
1735 2989 1867 3037 sunt
1887 2991 2050 3062 οἱ)Γο
2079 2982 2231 3029 certo
2254 2975 2407 3045 ius“?
2450 2975 2778 3046 implebit“r
2805 2984 2864 3032 et
2900 2995 3094 3035 eorum
3139 2988 3540 3055 Γθωιιηθΐθῒίον

270 3071 479 3136 scripta
503 3073 566 3122 in
596 3070 737 3122 libro
760 3072 881 3122 vita:
909 3071 947 3123 A
957 3072 1076 3136 gni,
1093 3070 1190 3123 sed
1211 3071 1398 3141 potius
1420 3071 1479 3125 in
1509 3076 1678 3134 terra,
1706 3073 1869 3142 juxta

269 3156 413 3210 illud
427 3157 683 3210 Jeremiae
700 3160 760 3214 (ο.
773 3158 914 3226 xm):
930 3160 1239 3213 Recedentcs
1259 3175 1294 3212 a
1317 3164 1364 3213 te
1379 3162 1443 3212 in
1465 3165 1614 3213 terra
1633 3162 1871 3214 scriben-

273 3249 392 3301 tur.
407 3244 543 3308 Quis
559 3260 692 3298 vero
711 3245 786 3298 sit
803 3261 1004 3314 agnus,
1027 3246 1273 3300 Joannes
1291 3246 1632 3312 manifestat,
1657 3247 1866 3302 dicens:

274 3333 404 3387 Ecce
423 3349 603 3400 agnus
632 3335 746 3395 Dei,
772 3349 882 3387 ecce
912 3337 1012 3402 qui
1043 3337 1184 3388 tollit
1204 3340 1425 3403 peccata
1454 3338 1656 3390 mundi
1682 3338 1868 3406 (Joan.

272 3419 336 3489 ι).
369 3420 506 3484 Quis
524 3425 606 3474 est
631 3426 820 3474 autem
850 3420 991 3474 liber
1018 3421 1143 3476 vitae
1161 3423 1327 3492 Agni,
1350 3423 1406 3476 in
1442 3439 1552 3493 quo
1585 3425 1870 3494 justorum

273 3509 510 3562 nomina
538 3515 910 3564 numerentur
940 3510 1163 3575 ascribi,
1205 3511 1313 3564 nisi
1370 3511 1452 3565 vis
1493 3513 1748 3582 quaedam
1783 3513 1872 3567 di-

274 3596 428 3662 vina,
446 3613 568 3667 quae
596 3604 728 3652 ante
745 3598 941 3652 mundi
966 3599 1421 3653 constitutionem
1447 3600 1519 3653 ad
1534 3600 1702 3654 vitam
1717 3607 1874 3655 reter-

273 3701 410 3739 nam
436 3692 657 3740 sanctos
689 3687 1104 3757 praedestinavit
1159 3687 1378 3741 futuros
1397 3689 1422 3739 ’ἶ
1451 3689 1558 3750 Qui
1615 3689 1874 3742 videlicet

273 3773 422 3828 liber
451 3775 975 3845 praedestinationis,
1010 3776 1156 3830 sicut
1184 3777 1290 3829 fixa
1321 3775 1637 3829 aeternitate
1664 3777 1872 3830 electos

273 3868 435 3917 tenet
454 3864 745 3934 ascriptos,
758 3865 840 3918 ita
853 3871 1210 3934 nequaquam
1225 3865 1342 3918 ulla
1367 3863 1584 3918 ratione
1604 3863 1871 3935 reprobos

274 3952 528 4006 admittit
555 3953 899 4007 scribendos.

351 4044 460 4108 Qui
478 4045 680 4095 occisus
701 4049 775 4096 est
794 4044 864 4096 ab
883 4045 1098 4109 origine
1117 4041 1571 4096 mundi.Occisus
1586 4046 1670 4095 est
1685 4047 1874 4096 autem

278 4130 388 4184 iste
417 4132 611 4200 Agnus
631 4130 702 4184 ab
731 4131 946 4201 origine
973 4131 1189 4196 mundi,
1222 4147 1332 4184 non
1365 4131 1422 4184 in
1447 4147 1524 4195 se,
1561 4131 1657 4184 sed
1680 4131 1736 4184 in
1759 4131 1876 4185 suis

279 4218 567 4283 membris,
602 4220 750 4273 sicut
771 4221 829 4273 in
857 4219 994 4273 Abel
1012 4225 1068 4273 et
1085 4220 1280 4290 multis
1304 4219 1446 4273 aliis:
1467 4220 1600 4290 quia
1621 4220 1786 4274 sicuti
1817 4221 1876 4273 in

1950 3070 2008 3117 et
2035 3063 2336 3135 impiorum
2367 3064 2654 3119 damnatio
2668 3111 2680 3123 .
2865 3117 2874 3128 ,

2019 3153 2086 3206 Et
2112 3155 2230 3206 vidi
2259 3155 2436 3206 aliam
2463 3154 2688 3207 bestiam
2708 3158 3081 3214 ascendentem
3110 3163 3174 3215 de
3207 3166 3548 3222 terra.Prior

1953 3241 2133 3296 bestia
2156 3241 2545 3296 Antichristus
2564 3243 2684 3314 ipse
2709 3244 2920 3299 scilicet
2939 3249 3216 3305 malorum
3239 3261 3425 3324 caput,
3457 3273 3548 3310 se-

1955 3346 2133 3401 quens
2168 3347 2297 3384 vero
2344 3347 2546 3401 corpus
2594 3331 2746 3386 illius
2795 3333 3149 3406 intelligitur,
3185 3343 3424 3398 maxime
3455 3345 3550 3416 qui

1954 3434 2081 3474 eum
2104 3419 2460 3490 praedicaturi
2481 3426 2629 3474 sunt.
2651 3421 2758 3484 Qui
2781 3423 2849 3476 de
2869 3430 3022 3479 terra
3039 3431 3341 3485 ascendere
3360 3433 3552 3489 dicun-

1952 3514 2068 3576 tur,
2091 3509 2223 3579 quia
2246 3509 2316 3562 de
2345 3509 2584 3563 terrenis
2610 3511 2920 3565 commodis
2949 3520 3006 3567 et
3033 3516 3238 3571 divitiis
3261 3536 3399 3589 quas
3421 3539 3551 3592 pos-

1954 3596 2305 3659 sidebunt,in
2331 3596 2652 3666 superbiam
2676 3598 3148 3657 elevabuntur.De
3169 3610 3320 3659 terra
3345 3609 3550 3680 quippe

1955 3684 2255 3738 ascendere
2302 3689 2408 3749 est,
2441 3699 2542 3753 pro
2597 3686 2836 3739 terrenis
2891 3687 3058 3743 rebus
3109 3692 3170 3745 in
3227 3696 3550 3765 superbiam

1955 3788 2113 3841 erigi.

2027 3861 2091 3914 Et
2105 3861 2330 3914 habebat
2342 3876 2551 3915 cornua
2563 3864 2672 3916 duo
2685 3866 2788 3916 sim
2799 3867 2840 3918 it
2844 3867 2899 3918 ia
2920 3868 2956 3920 Α
2966 3871 3082 3933 gni.
3090 3869 3283 3939 Agnus
3296 3872 3552 3930 Christus

1957 3953 2044 4003 est
2063 3949 2132 4002 de
2157 3965 2268 4018 quo
2297 3949 2540 4003 Joannes
2572 3950 2735 4004 dicit:
2772 3953 2900 4006 Ecce
2924 3957 3112 4022 Agnus
3134 3960 3229 4012 Dei
3260 3962 3442 4029 (Joan.
3483 3969 3548 4032 ι).

1959 4038 2081 4091 Duo
2120 4039 2240 4106 ejus
2276 4054 2489 4091 cornua
2519 4045 2653 4092 sunt
2679 4040 3000 4096 innocentia
3024 4051 3082 4098 et
3110 4046 3223 4100 vita
3251 4066 3412 4118 pura,
3447 4053 3550 4107 do-

1957 4127 2139 4180 ctrina
2170 4130 2226 4180 et
2257 4126 2547 4180 miracula.
2580 4129 2695 4182 Ista
2728 4129 2839 4183 duo
2865 4147 3074 4186 cornua
3112 4135 3464 4195 simulabant
3490 4159 3552 4198 se

1960 4214 2167 4268 habere
2199 4214 2440 4268 ministri
2469 4216 2821 4282 Antichristi,
2849 4219 3224 4278 innocentiam
3254 4228 3466 4284 scilicet
3496 4241 3557 4286 et

279 4307 399 4361 suis
427 4308 694 4379 pascitur,
715 4310 795 4362 ita
824 4309 883 4362 in
910 4309 1028 4362 suis
1053 4308 1342 4373 occiditur,
1377 4309 1526 4362 unde
1557 4309 1934 4390 est:Saule,n
1960 4304 2132 4358 vitam
2151 4304 2687 4374 puram,doctrinam
2708 4312 2765 4361 et
2786 4308 3077 4365 miracula:
3105 4316 3371 4383 quoniam
3404 4321 3554 4390 quod

282 4368 472 4459 Saule,
491 4399 626 4465 quid
642 4368 726 4450 me
741 4399 1114 4466 persequeris?
1124 4398 1187 4466 (A
1197 4401 1264 4449 ct.
1284 4368 1492 4462 1x).Vel
1506 4397 1725 4450 certein
1740 4368 1935 4468 prae;D
1961 4368 2219 4446 Christus
2246 4396 2304 4445 et
2330 4368 2452 4461 ejus
2481 4392 2726 4446 ministri
2752 4394 2961 4450 habent
2987 4397 3043 4452 in
3063 4368 3558 4469 vei'itate,i—stji‘hva:

282 4484 659 4539 destinatione
679 4486 894 4540 occisus
917 4491 1022 4552 est,
1042 4485 1174 4555 quia
1197 4491 1328 4539 ante
1348 4485 1536 4539 omnia
1554 4487 1756 4540 saecula
1781 4487 1873 4540 de-

282 4574 459 4626 crevit
485 4574 634 4627 Deus
655 4575 825 4627 Pater
849 4589 976 4627 cum
1005 4573 1145 4627 Filio
1175 4578 1232 4626 et
1259 4573 1469 4643 Spiritu
1499 4579 1710 4636 sancto,
1730 4579 1794 4626 ut
1820 4573 1878 4627 in

283 4663 397 4715 ﬁne
416 4668 734 4732 temporum
762 4662 993 4726 veniret,
1020 4666 1077 4715 et
1104 4661 1466 4728 occideretur,
1479 4668 1545 4716 ut
1567 4678 1670 4716 sua
1698 4667 1879 4716 morte

283 4756 534 4804 nostram
558 4751 864 4804 redimeret
886 4757 1154 4815 mortem;
1189 4750 1274 4804 vel
1302 4747 1358 4803 in
1397 4751 1516 4822 ipso
1545 4767 1690 4820 agno
1711 4768 1879 4821 quem

281 4837 423 4892 Abel
452 4838 671 4904 obtulit,
706 4844 804 4892 aut
840 4844 991 4893 certe
1033 4840 1115 4909 (ut
1143 4839 1330 4893 verius
1359 4839 1564 4908 dicam)
1595 4840 1713 4910 ipse
1740 4839 1880 4894 Abel

282 4926 570 4990 innocens,
599 4944 635 4980 a
661 4927 836 4982 fratre
864 4932 1207 4998 peremptus.
1233 4944 1361 4982 eum
1392 4927 1806 4998 pmﬁgurabat.

352 5017 419 5072 Si
447 5019 570 5085 quis
602 5017 758 5070 habet
786 5032 970 5082 aures,
1001 5015 1335 5070 subauditur
1359 5017 1561 5082 cordis,
1583 5018 1798 5082 audiat,
1822 5015 1880 5069 id

283 5112 370 5160 est
397 5105 681 5175 intelligat
706 5104 1076 5175 spiritualiter
1105 5105 1254 5175 quod
1282 5103 1880 5168 dicitunQuotiescun-

283 5211 393 5264 que
424 5194 541 5247 haec
571 5194 847 5263 particula
891 5193 1136 5264 ponitur,
1171 5193 1286 5246 sive
1328 5192 1386 5246 in
1416 5193 1736 5262 Evangelio,
1767 5192 1882 5245 sive

281 5283 342 5338 in
367 5283 476 5336 hac
502 5281 858 5353 Apocalypsi,
877 5298 944 5335 ea
983 5299 1105 5352 quae
1136 5281 1474 5351 praecedunt,
1499 5286 1598 5335 aut
1635 5297 1758 5351 qum
1787 5297 1879 5334 se-

285 5376 567 5442 quuntur,
595 5370 968 5440 spiritualiter
997 5369 1408 5438 intelliguntur.

358 5461 471 5526 Qui
487 5463 549 5512 in
567 5462 938 5526 captivitatem
958 5461 1205 5522 duxerit,
1229 5461 1293 5511 in
1312 5461 1683 5526 captivitatem
1705 5460 1880 5512 vadet.

285 5543 418 5604 Haec
448 5546 618 5601 verba
636 5547 783 5601 sicut
801 5547 1088 5620 pertinent
1115 5547 1186 5603 ad
1205 5563 1371 5602 omne
1391 5564 1594 5618 corpus
1606 5547 1884 5603 Antichri-

535 5648 806 5709 Ρλτιιοι.
855 5647 1091 5711 CXVII.

1961 4480 2172 4535 bebunt
2201 4480 2483 4534 simulate.
2517 4481 2585 4534 Et
2625 4484 2948 4550 loquebatur
2970 4489 3112 4541 sicut
3157 4492 3343 4559 draco,
3378 4495 3433 4548 id
3471 4503 3558 4551 est

1961 4569 2106 4623 sicut
2129 4569 2258 4623 olim
2281 4559 2538 4623 diabolus
2559 4587 2660 4640 per
2680 4579 2995 4642 serpentem
3023 4578 3171 4631 mala
3192 4582 3556 4648 persuasione

1962 4659 2181 4712 locutus
2211 4663 2296 4712 est
2327 4658 2570 4721 mulieri,
2591 4676 2691 4730 per
2709 4677 2875 4730 quam
2907 4662 3126 4735 decepit
3148 4667 3350 4735 virum,
3385 4672 3464 4726 ita
3497 4680 3557 4728 et

1959 4747 2054 4800 isti
2083 4763 2188 4801 sua
2216 4763 2389 4818 prava
2417 4747 2672 4802 doctrina
2691 4765 2885 4804 omnes
2905 4767 3266 4826 quoscunque
3298 4768 3552 4828 possunt,

1960 4836 2254 4898 seducunt,
2285 4843 2342 4890 et
2373 4853 2404 4890 a
2435 4837 2544 4890 fide
2571 4836 2781 4891 Christi
2828 4847 3130 4910 separant:
3163 4850 3221 4897 et
3265 4863 3390 4901 cum
3440 4850 3557 4906 sint

1964 4924 2255 4980 saevissimi
2275 4925 2566 4991 dracones,
2600 4926 2752 4980 virus
2783 4929 3046 4998 nequitiae
3065 4933 3182 4986 suis
3202 4935 3554 4996 auditoribus

1962 5013 2339 5077 infundentes,
2361 5029 2537 5083 agnos
2561 5031 2621 5068 se
2651 5031 2770 5069 esse
2795 5016 3082 5083 simulant,
3120 5027 3182 5076 ut
3211 5040 3386 5094 agnos
3412 5027 3559 5084 deci-

1963 5118 2096 5171 pere
2123 5102 2347 5155 valeant
2398 5103 2711 5157 Assumunt
2752 5104 2902 5175 Agni
2939 5107 3158 5174 faciem,
3194 5120 3258 5166 ut
3301 5114 3558 5175 draconis

1963 5191 2181 5261 possint
2211 5207 2468 5244 exercere
2487 5192 2892 5261 Operationem.

2036 5280 2102 5333 Et
2125 5284 2443 5347 potestatem
2488 5283 2698 5346 prioris
2725 5282 2900 5335 bestiae
2945 5301 3162 5341 onmem
3207 5292 3440 5358 faciebat
3493 5300 3558 5350 in

1966 5373 2247 5436 conspectu
2269 5371 2405 5434 ejus.
2431 5367 2575 5430 Quia
2599 5368 2745 5422 sicut
2772 5371 3150 5430 Antichristus
3171 5378 3222 5432 vi
3253 5385 3310 5434 et
3337 5381 3552 5449 fraude,

1966 5455 2366 5510 blandimentis
2413 5462 2470 5508 et
2517 5456 2805 5518 doctrinis.
2838 5463 3148 5519 terroribus
3177 5473 3236 5520 et
3262 5471 3557 5524 tormentis

1966 5544 2191 5616 decipit,
2213 5544 2293 5599 ita
2321 5551 2378 5600 et
2400 5561 2597 5600 omnes
2629 5546 2873 5604 ministri
2894 5553 3200 5622 ejus.Quid
3232 5561 3319 5610 est
3343 5562 3554 5628 autem,

3243 5646 3321 5709 35
