4048 6172
510 237 651 311 1999

924 234 1304 294 HAYMONIS
1335 233 1829 294 HALBERSTAT.
1867 234 2093 293 EPISO.

2191 236 2296 293 PP.
2335 235 2522 292 PARS
2557 235 2604 291 Ia
2644 258 2711 281 α·-
2745 234 3120 305 GOMMENT.
3158 235 3348 292 BIBL.

3633 230 3780 295 1m

504 364 655 437 quod
674 363 807 421 dicit
821 363 882 419 in
901 366 1206 434 conspectu
1225 361 1372 433 ejus?
1382 361 1652 432 Nunquid
1670 361 1820 416 enim
1842 362 2105 434 praedica-
2118 364 2170 424 Α
2188 361 2373 418 minus
2387 361 2539 418 dicit:
2556 362 2746 429 Ignem
2768 363 2894 416 veni
2907 363 3126 415 mittere
3142 363 3206 415 in
3224 358 3781 427 tarram(Hatth-vm,

502 444 656 508 tores
683 444 1013 507 Antichristi
1043 468 1267 523 semper
1295 451 1351 505 in
1392 452 1515 528 ejus
1548 452 1848 523 praesentia
1875 468 2105 506 manere

503 541 798 614 poterunt?
815 541 1109 605 Non.Quin
1130 540 1315 610 potius
1336 540 1661 617 discurrerit
1678 557 1778 611 per
1817 539 2107 597 universas

506 629 706 684 mundi
733 636 920 703 partes
948 629 1320 700 praedicando,
1340 629 1438 683 sed
1451 628 1771 700 ubicunque
1799 629 2104 691 sint,itaea

506 717 690 773 facere
715 714 1040 782 studebunt,
1058 734 1181 788 qua:
1202 717 1284 770 illi
1308 716 1491 771 sciunt
1522 717 1750 787 placita,
1765 716 1927 789 quasi
1952 734 2100 771 sem-

505 824 610 878 per
628 805 697 860 ab
727 823 791 861 eo
807 806 1125 872 videantur,
1145 812 1203 860 et
1226 806 1285 859 in
1307 807 1428 876 ejus
1457 811 1756 877 conspectu
1774 806 2102 861 consistant.

506 884 799 950 Intantum
847 896 1054 967 quippe
1108 894 1269 949 illum
1319 893 1695 961 honorabant,
1728 900 1794 949 ut
1838 894 2107 965 quidquid

506 984 686 1038 acturi
706 991 1052 1050 sunt,coram
1068 984 1187 1054 ipso
1200 1000 1258 1036 se
1274 999 1441 1054 agere
1454 984 1941 1055 dicant,tanquam
1967 984 2109 1036 nihil

504 1089 633 1128 eum
650 1074 826 1128 latere
836 1072 1197 1144 possit.Sicut
1216 1071 1367 1126 enim
1388 1072 1729 1143 sancti,quia
1748 1070 1963 1143 jugiter
1987 1072 2107 1141 ejus

504 1160 855 1216 voluntatem
882 1162 1226 1227 custodiunt,
1257 1161 1316 1214 in
1347 1166 1648 1231 conspectu
1677 1159 1777 1215 Dei
1796 1176 1857 1214 se
1880 1176 2109 1214 manere

501 1239 770 1315 fatentur,
792 1252 957 1321 juxta
984 1250 1141 1304 illud:
1189 1252 1323 1304 Vivit
1357 1250 1650 1317 Dominus,
1683 1252 1747 1303 in
1782 1252 1940 1318 cujus
1969 1265 2101 1302 con-

503 1345 687 1409 spectu
734 1346 813 1392 sto
846 1341 951 1407 (Ill
987 1342 1112 1406 Reg.
1156 1340 1324 1407 xvu);
1360 1344 1418 1392 et
1463 1339 1800 1409 Apostolus:
1840 1338 1996 1392 Sicut
2037 1354 2104 1391 ex

504 1426 624 1481 Deo
647 1442 835 1481 coram
866 1428 967 1480 Deo
997 1430 1061 1481 in
1093 1426 1308 1480 Christo
1342 1430 1625 1497 loquimur
1645 1429 1720 1495 (II
1738 1427 1861 1482 Cor.
1880 1432 1992 1493 xu),
2024 1426 2105 1481 ita

2188 451 2242 506 id
2266 458 2352 506 est
2371 468 2543 522 super
2561 467 2656 505 eos
2676 449 2771 521 qui
2791 454 2922 504 ante
2941 450 3165 504 fuerant
3178 447 3518 513 terreni,sed
3536 452 3675 501 tunc
3693 458 3782 500 re-

2188 540 2544 595 novabuntur
2564 555 2665 609 per
2676 538 2916 616 gratiam
2937 537 3182 608 Spiritus
3195 536 3394 591 sancti.
3410 535 3571 591 Unde
3592 540 3651 588 et
3666 534 3783 603 ipso

2189 629 2464 685 Dominus
2480 628 2537 682 in
2558 628 2783 698 signum
2805 627 3155 683 credentium
3186 624 3509 697 specialiter
3522 624 3629 679 hoc
3646 621 3785 681 dixit

2185 714 3785 786 futurumSigna,inquit,eosquicrediderunt,h&csequen-

2191 812 2306 860 tur:
2323 808 2393 861 In
2413 808 2635 860 nomine
2659 822 2775 858 meo
2798 806 3069 860 damonia
3080 806 3318 872 ejicient,
3335 804 3546 877 linguis
3566 804 3784 869 loquon-

2194 901 2288 949 tur
2314 898 2468 950 necis
2511 896 2705 962 (Marc.
2750 891 2880 962 xvi).
2915 891 3006 947 Ita
3050 908 3186 962 ergo
3230 892 3349 946 haec
3376 890 3558 947 bestia
3594 889 3781 958 ignem

2190 983 2357 1037 faciet
2383 982 2722 1036 descendere
2748 981 2818 1037 de
2846 980 3005 1047 coelo,
3037 981 3175 1051 quia
3200 979 3597 1050 pradicatores
3626 977 3783 1031 Anti-

2191 1072 2390 1126 christi
2440 1073 2583 1127 falsa
2626 1071 2943 1126 imitatione
2971 1086 3073 1141 per
3114 1068 3526 1139 impositionem
3556 1078 3780 1131 manus,

2192 1160 2328 1215 dare
2356 1160 2472 1215 suis
2502 1159 2834 1230 sequacibus
2862 1158 3133 1230 Spiritum
3163 1162 3421 1212 sanctum
3441 1172 3504 1211 se
3531 1156 3775 1224 ﬁngent.

2186 1250 2257 1307 Et
2282 1249 2416 1303 hinc
2445 1248 2834 1303 vehementior
2862 1248 2973 1301 erit
2997 1246 3334 1318 persecutio,
3358 1258 3470 1315 quo
3497 1244 3641 1299 illud
3656 1243 3784 1314 Spi-

2185 1339 2329 1393 ritus
2358 1338 2535 1392 sancti
2563 1338 2795 1404 donum,
2812 1335 2991 1390 bestia
3013 1336 3095 1389 vel
3123 1334 3331 1390 habere
3349 1334 3437 1387 vel
3460 1333 3599 1391 dare
3627 1338 3786 1403 puta-

2187 1426 2356 1494 bitur,
2388 1443 2498 1498 quo
2521 1426 2821 1480 Ecclesium
2848 1440 3009 1479 suam
3040 1424 3312 1478 Dominus
3339 1422 3589 1478 eminere
3610 1420 3788 1477 voluit

503 1514 564 1569 et
593 1514 673 1568 illi
703 1515 762 1568 in
803 1531 969 1568 omne
1012 1515 1159 1585 quod
1192 1514 1435 1569 locuturi
1461 1520 1596 1569 sunt
1624 1520 1681 1569 et
1707 1515 1908 1581 acturi,
1939 1519 2112 1586 caput
2192 1532 2363 1587 super
2378 1516 2567 1570 omnia
2580 1530 2755 1584 regna
2774 1513 3138 1579 mundignam
3157 1528 3285 1566 cum
3298 1510 3788 1585 multavideantur

506 1604 674 1657 suum
700 1600 805 1657 sibi
826 1608 1175 1674 praeponent,
1199 1603 1360 1673 quasi
1388 1603 1448 1657 in
1469 1609 1772 1675 conspectu
1801 1604 1923 1673 ejus
1952 1610 2110 1675 pote-

506 1691 710 1746 statem
742 1708 913 1763 super
940 1692 1209 1763 populum
1240 1698 1562 1748 exerceant.

572 1776 651 1835 Et
670 1782 798 1848 fecit
821 1785 1049 1847 terram,
1073 1780 1130 1834 id
1161 1785 1249 1834 est
1266 1788 1495 1835 terrena
1522 1797 1757 1851 corpora
1785 1781 2100 1835 hominum.

500 1864 572 1925 Et
601 1866 976 1923 inhabitantes
994 1872 1057 1923 in
1080 1874 1250 1935 terra,
1267 1869 1322 1922 id
1337 1876 1423 1923 est
1448 1871 1667 1923 animas
1696 1870 1756 1923 in
1777 1869 2105 1941 corporibus

502 1957 875 2035 quiescentes,
890 1964 947 2012 et
967 1974 1192 2013 omnem
1213 1976 1375 2014 suam
1399 1959 1832 2015 sollicitudinem
1849 1959 1908 2013 in
1929 1965 2106 2015 terre-

499 2047 589 2102 nis
611 2046 778 2123 rebus
805 2048 1366 2120 ponentcs.Adorare
1380 2051 1607 2102 bestiam
1622 2053 1894 2117 primum,
1929 2048 1986 2103 id
2017 2054 2105 2105 est

499 2134 934 2201 Antichristum,
962 2137 1032 2190 de
1062 2153 1173 2208 quo
1203 2154 1375 2208 supra
1404 2137 1655 2191 dixerat:
1710 2139 1827 2193 Vidi
1854 2139 1917 2191 de
1950 2140 2103 2191 mari

501 2227 877 2279 ascendentem
918 2226 1166 2291 bestiam,
1198 2227 1484 2280 habentem
1530 2229 1713 2294 capita
1739 2232 1958 2294 septem,
1991 2232 2098 2280 etc.

574 2312 746 2379 Cujus
771 2317 968 2366 curata
995 2318 1071 2365 est
1090 2315 1260 2381 plaga
1290 2317 1506 2376 mortis.
1539 2313 1596 2367 id
1618 2319 1704 2368 est
1728 2314 1826 2382 qui
1848 2329 1910 2367 se
1938 2313 2104 2384 ﬁngit

502 2400 879 2453 resurrexisse
907 2416 943 2453 a
970 2400 1228 2465 mortuis,
1251 2400 1397 2454 sicut
1419 2402 1537 2471 jam
1554 2417 1726 2471 supra
1754 2400 1968 2457 dictum
1992 2406 2098 2455 est.

503 2487 713 2542 Omnes
734 2487 882 2541 enim
900 2488 997 2559 qui
1018 2504 1146 2543 eum
1168 2489 1447 2559 recepturi
1467 2491 1822 2560 sunt,utique
1835 2489 2102 2560 prostrati

507 2572 566 2630 et
595 2576 828 2648 cerpore
857 2582 916 2630 et
968 2577 1158 2631 anima
1205 2577 1363 2631 illum
1394 2577 1730 2644 adorabunt,
1765 2585 1822 2632 et
1871 2578 1927 2632 in
1981 2578 2101 2649 ipso

506 2652 775 2719 damnato
788 2665 1015 2720 homine
1036 2665 1353 2720 adorabunt
1372 2665 1655 2721 diabolum
1677 2668 1736 2721 in
1757 2684 1822 2721 eo
1839 2667 2102 2725 habitan-

496 2758 638 2809 tem.
665 2753 786 2819 QUO
816 2754 875 2808 in
905 2755 1025 2809 loco
1049 2755 1385 2825 gravissima
1407 2755 1487 2808 vis
1514 2755 1901 2810 seductionum
1925 2761 2108 2810 osten-

503 2829 675 2906 ditur,
709 2859 831 2914 quae
860 2847 918 2897 et
937 2843 1160 2897 animas
1190 2849 1244 2897 et
1272 2860 1511 2915 corpora
1539 2844 1936 2899 miserabiliter
1950 2855 2106 2898 man-

502 2929 679 3003 cipat.
715 2932 822 2996 Qui
864 2932 1013 2986 enim
1042 2932 1096 2986 vi
1140 2932 1309 2996 cadit,
1344 2949 1456 2986 non
1506 2934 1789 3000 seductus,
1822 2934 1941 2988 solo
1977 2949 2103 2988 cor-

503 3029 641 3091 pore
669 3020 983 3091 captivatus
1013 3025 1115 3074 est.
1135 3021 1244 3084 Qui
1274 3025 1463 3075 autem
1492 3021 1802 3086 seducitur,
1829 3027 1890 3077 et
1914 3026 2104 3077 mente

506 3114 566 3163 et
588 3125 820 3178 corpore
844 3109 1179 3180 captivatur.

580 3194 647 3250 Et
684 3200 811 3264 fecit
841 3200 1003 3264 signa
1023 3214 1248 3266 magna,
1275 3199 1409 3269 quia
1430 3215 1544 3254 non
1566 3199 1750 3255 solum
1774 3197 1976 3265 verbis,
2009 3199 2112 3255 sed

511 3281 685 3338 etiam
696 3278 852 3337 falsis
864 3284 1150 3339 miraculis
1161 3287 1368 3340 multos
1380 3288 1794 3343 seducetJtaut
1808 3291 1993 3356 ignem
2013 3290 2106 3355 fa-

509 3372 649 3425 ceret
662 3371 860 3425 decazto
878 3374 937 3425 in
948 3378 1230 3440 conspectu
1245 3374 1537 3428 hominum
1548 3377 1969 3432 descendere.De
1979 3377 2103 3442 hoc,

510 3450 786 3515 Dominus
801 3456 858 3514 in
875 3459 1179 3531 Evangelio
1190 3460 1340 3515 dicit:
1356 3461 1697 3530 Consurgent
1706 3465 2109 3531 pseudochristi

512 3554 563 3603 et
574 3534 1064 3619 pseudopropheta,
1100 3556 1151 3605 et
1183 3551 1395 3605 dabunt
1432 3554 1594 3619 signa
1624 3557 1675 3605 et
1706 3554 1985 3620 prodigia,
2029 3557 2108 3611 ita

511 3639 577 3690 ut
602 3638 664 3691 in
694 3652 941 3692 errorem
966 3639 1266 3703 ducantur,
1300 3642 1351 3692 si
1376 3641 1501 3706 ﬁeri
1541 3645 1732 3708 potest,
1760 3644 1930 3695 etiam
1956 3644 2110 3696 electi

516 3724 736 3796 (Matth.
761 3731 933 3792 xxtvl.
954 3728 1104 3782 inter
1126 3744 1250 3798 qum
1269 3727 1440 3781 etiam
1461 3728 1624 3798 signa
1638 3735 1695 3782 et
1710 3728 1984 3784 miracula
2002 3730 2109 3784 hoc

514 3813 628 3867 erit
647 3815 975 3882 maximum,
1008 3815 1157 3886 quod
1196 3815 1385 3886 ignem
1418 3815 1583 3871 faciet
1611 3818 1681 3871 de
1709 3817 1847 3872 coelo
1875 3817 2107 3873 descen-

515 3898 951 3975 dere.Legimus
972 3903 1029 3958 in
1058 3892 1248 3958 Veteri
1275 3906 1656 3971 Testamento,
1675 3907 1824 3976 quod
1854 3907 2110 3962 diabolus

507 3993 668 4063 justo
680 3990 781 4047 Dei
804 3991 1017 4063 judicio
1046 3998 1103 4048 et
1122 3992 1398 4065 permissu
1412 3994 1750 4049 descendere
1770 3994 1901 4050 fecit
1919 3996 2110 4066 ignem

434 4116 439 4119 -
517 4072 588 4137 de
617 4080 756 4137 caelo
787 4094 958 4153 super
1004 4098 1208 4154 pecora
1252 4081 1404 4137 beati
1457 4082 1582 4149 Job,
1616 4083 1711 4154 qui
1756 4089 1937 4139 tactas
1983 4099 2114 4139 oves

511 4186 833 4241 puerosque
858 4170 1229 4242 consumpsit.
1262 4170 1407 4235 Quid
1436 4187 1569 4241 ergo
1598 4172 1827 4238 mirum,
1856 4173 1905 4227 si
1930 4172 2117 4229 factu-

2193 1604 2485 1660 nobiscum
2506 1602 2757 1661 heretici
2777 1601 2984 1656 habere
2996 1600 3337 1664 communia,
3346 1600 3449 1655 hoc
3466 1599 3789 1670 speciem.

2118 1678 2165 1737 Β
2188 1694 2397 1749 donum
2428 1694 2549 1748 sola
2594 1710 2655 1747 se
2695 1692 2975 1762 gloriatur
3002 1689 3212 1744 habere
3241 1689 3507 1745 Ecclesia.
3546 1688 3662 1745 Sed
3703 1688 3789 1743 illi

2187 1784 2424 1838 forsitan
2453 1788 2626 1853 agent
2667 1781 3002 1851 quibusdam
3025 1779 3341 1851 prastigiis,
3373 1783 3439 1835 ut
3467 1778 3551 1833 illi
3580 1777 3787 1847 quibm

2188 1888 2389 1925 manus
2420 1869 2810 1941 imposuerint,
2861 1870 3170 1939 loquantur
3213 1867 3424 1937 linguis
3466 1867 3783 1921 multaru-

2186 1960 2465 2031 gentium.
2480 1959 2551 2013 Et
2571 1959 2677 2013 hoc
2700 1958 2760 2012 in
2783 1962 3084 2028 conspectu
3102 1956 3356 2027 gentium
3376 1956 3682 2010 carnaliter
3696 1964 3786 2009 sa-

2185 2048 2482 2120 pientium.
2519 2047 2788 2103 Homines
2815 2045 2967 2101 enim
2993 2051 3281 2111 vocantur,
3309 2044 3408 2115 qui
3429 2059 3543 2099 non
3569 2043 3782 2109 divina,

2187 2139 2286 2193 sed
2314 2137 2563 2193 humana
2606 2135 2854 2207 sapiunt,
2886 2135 3021 2205 quia
3063 2151 3165 2205 per
3188 2135 3335 2190 hanc
3362 2133 3785 2189 simulaﬁonan

2186 2243 2299 2282 non
2342 2225 2534 2280 oculos
2580 2223 2984 2293 spiritualium,
3013 2224 3111 2276 sed
3143 2222 3454 2276 camellam
3493 2220 3787 2273 ludiﬁcare

2185 2312 2515 2384 probantur.
2546 2312 2764 2365 Aliter:
2794 2310 3036 2380 legimus
3062 2309 3123 2365 in
3169 2308 3359 2364 Veteri
3395 2308 3783 2371 Testamento,

2186 2402 2334 2473 quod
2359 2402 2431 2456 ad
2452 2416 2642 2475 vqcem
2664 2400 2797 2454 Elite
2821 2397 3110 2455 descendit
3130 2397 3279 2467 ignis
3296 2397 3367 2453 de
3386 2397 3548 2460 celo,
3577 2401 3638 2450 et
3654 2411 3787 2449 con-

2186 2488 2428 2560 sumpsit
2456 2489 2596 2542 duos
2624 2487 3137 2558 quinquagenarias
3181 2503 3309 2542 cum
3348 2486 3466 2541 suis
3505 2486 3790 2556 quinqno

2184 2578 2363 2650 ginta.
2398 2580 2594 2635 Sermo
2623 2577 2814 2647 itaque
2843 2576 2979 2632 Elim
3002 2576 3149 2646 ignis
3169 2576 3295 2641 fuit,
3314 2580 3372 2629 et
3386 2574 3500 2646 ipsi
3520 2573 3797 2629 excitave-

2185 2672 2320 2722 runt
2339 2673 2536 2721 contra
2546 2666 2791 2737 seipsum
2813 2666 3000 2736 ignem
3021 2664 3794 2719 irrisorieciamandozliomo

2192 2756 2311 2822 Dei,
2339 2755 2635 2819 descende,
2659 2769 2758 2809 rex
2799 2760 2856 2808 te
2893 2759 3070 2808 vocat.
3093 2753 3249 2823 Ignis
3274 2768 3408 2823 ergo
3447 2752 3795 2821 intelligitur

2189 2844 2373 2898 fervor
2403 2849 2461 2898 et
2488 2844 2658 2910 zelus,
2691 2859 2804 2914 quo
2831 2843 3219 2899 emendentur
3234 2842 3436 2905 sancti,
3461 2841 3613 2895 Elius
3642 2839 3797 2894 acili-

2194 2938 2283 2988 cet
2309 2939 2367 2987 et
2397 2933 2607 2999 Enoch,
2641 2937 2700 2987 et
2735 2931 2922 2988 caeteri
2959 2932 3369 3003 praedicatores,
3399 2930 3673 2984 βάνονται
3695 2944 3797 2983 eos

2195 3038 2335 3093 quos
2382 3020 2624 3076 viderint
2653 3021 2916 3076 recedere
2942 3037 2979 3075 ει
3005 3020 3138 3085 ﬁde,
3170 3025 3231 3074 et
3258 3019 3374 3073 zelo
3402 3018 3641 3073 fervoris
3667 3034 3796 3073 suo-

2190 3110 2342 3166 censi
2360 3108 2818 3165 condemnabunt
2832 3125 2927 3164 eos
2942 3120 3045 3167 suo
3058 3106 3580 3178 auathematersa
3595 3108 3797 3177 itaque

2192 3199 2374 3255 bestia
2402 3199 2590 3269 ignem
2638 3199 2810 3254 faciet
2850 3197 3191 3253 descendere
3220 3197 3290 3251 de
3316 3196 3476 3263 colo,
3507 3195 3646 3266 quia
3686 3196 3798 3267 ipsi

2192 3288 2416 3359 reprobi
2443 3303 2703 3358 perverse
2731 3287 2949 3358 agendo
2977 3286 3286 3341 accendent
3312 3301 3373 3340 se
3411 3284 3659 3339 ﬂammis
3687 3282 3797 3337 zeli

2191 3379 2250 3433 in
2277 3378 2534 3433 caelestes
2560 3377 2779 3433 animas
2799 3377 3108 3432 electorum
3125 3376 3194 3429 ut
3209 3386 3305 3429 eos
3322 3372 3801 3429 condemnenth

2191 3468 2298 3523 hoc
2326 3472 2414 3521 est
2434 3466 2583 3535 quod
2623 3465 2795 3521 etiam
2842 3464 3230 3535 supradictum
3266 3467 3372 3527 est,
3407 3461 3541 3532 quia
3578 3461 3632 3514 si
3662 3461 3795 3532 quis

2194 3572 2287 3611 eos
2313 3554 2553 3611 voluerit
2580 3569 2804 3617 nocere,
2843 3552 2992 3623 ignis
3036 3551 3208 3607 exibit
3233 3551 3306 3605 de
3347 3562 3445 3605 ore
3473 3564 3698 3618 eorum,
3730 3556 3792 3604 at

2192 3642 2482 3697 devorabit
2510 3642 2766 3699 inimicos
2794 3642 3041 3697 illorum.

2260 3733 2329 3787 Et
2354 3732 2565 3786 seducet
2586 3731 2963 3786 inhabitantes
2991 3736 3202 3786 terram
3223 3729 3454 3801 propter
3474 3731 3658 3799 signa,
3673 3742 3796 3801 qua

2189 3821 2323 3875 data
2347 3825 2478 3874 sunt
2502 3822 2596 3875 illi
2616 3820 2797 3885 facere
2823 3822 2887 3873 in
2924 3825 3208 3889 conspectu
3247 3821 3442 3885 bestia,
3463 3817 3652 3873 dicens
3683 3821 3791 3873 λιι

2193 3909 2496 3962 bitantibus
2523 3910 2586 3960 in
2613 3912 2786 3973 terra,
2812 3912 2873 3960 ut
2904 3908 3120 3975 faciant
3152 3910 3456 3975 imaginem
3471 3908 3796 3977 bestiam“:

2194 3997 2351 4051 habet
2387 4000 2617 4065 plagam
2642 3996 2841 4064 gladii,
2875 4001 2927 4050 et
2954 3998 3117 4052 vicit.
3140 3996 3249 4050 Pei-
3279 4002 3509 4062 timum,
3531 4002 3601 4050 ut
3642 4010 3793 4066 sape

2197 4084 2409 4141 dictum
2443 4090 2548 4149 est,
2582 4084 2795 4141 terreni
2814 4084 3228 4156 intelliguntur,
3245 4085 3343 4157 qui
3360 4082 3573 4139 idcirco
3598 4083 3793 4139 seduci

2197 4179 2464 4245 poterunt
2486 4189 2522 4227 α
2550 4173 2826 4228 ministris
2850 4174 3200 4238 Antichristi,
3234 4174 3500 4245 quoniam
3524 4173 3652 4245 plus
3678 4178 3797 4228 ter»

516 4275 615 4314 rus
645 4264 732 4313 est
752 4255 853 4330 per
870 4260 1278 4314 Antichristum
1304 4260 1452 4332 quod
1475 4261 1595 4330 jam
1624 4261 1756 4316 fecit
1782 4278 1885 4333 per
1911 4266 2114 4317 semet-
2131 4312 2178 4334 η
2198 4279 2336 4319 rene
2361 4276 2531 4334 quam
2562 4263 2812 4318 cmlestia
2840 4262 3104 4333 diligunt.
3131 4264 3441 4334 imaginem
3471 4262 3667 4318 bestia
3706 4256 3797 4316 h-

517 4312 979 4427 ipsum'fTamen
1007 4364 1120 4403 non
1166 4312 1340 4404 faciet
1359 4349 1465 4404 hoc
1475 4312 1552 4403 'in
1580 4367 1684 4405 sua
1711 4312 1980 4423 potentia,
2013 4351 2112 4405 sed
2131 4312 2179 4371 Β
2195 4312 2486 4418 cient,1hoc
2502 4358 2593 4406 est
2611 4352 2779 4407 ﬁdem
2798 4312 3341 4415 illiusotenebunt—Tet
3364 4352 3797 4407 simulationem

518 4434 620 4490 Dei
640 4432 1025 4506 permissione,
1062 4442 1125 4492 ut
1143 4437 1203 4491 hi
1222 4437 1318 4508 qui
1339 4438 1389 4492 ei
1408 4444 1541 4493 sunt
1553 4439 1821 4494 credituri
1834 4441 1991 4510 justo
2012 4440 2113 4494 Dei

513 4520 724 4595 judicio
755 4523 1126 4596 decipiantur.
1165 4526 1373 4581 Aliter:
1398 4527 1639 4597 legimus
1659 4528 1715 4582 in
1731 4528 1964 4584 Actibus
1984 4545 2115 4599 apo-

516 4610 817 4684 stolorum,
847 4615 995 4686 quod
1024 4615 1115 4670 die
1145 4616 1501 4671 Pentecostes
1534 4617 1775 4688 Spiritus
1798 4624 2026 4673 sanctus
2053 4618 2113 4672 in

514 4702 667 4773 ignis
696 4701 907 4758 visione
938 4704 1225 4760 descendit
1251 4722 1421 4777 super
1440 4707 1742 4777 apostolos,
1775 4724 1885 4777 quo
1910 4706 2111 4778 repleti

516 4797 789 4862 ceperunt
822 4797 974 4862 loqui
1003 4796 1181 4849 variis
1212 4798 1426 4864 tinguis
1446 4798 1735 4862 magnalia
1755 4797 2108 4865 Dei(Act.m).

516 4878 625 4946 Qui
654 4881 823 4937 etiam
856 4882 937 4937 eis
976 4900 1115 4954 quos
1143 4883 1519 4954 baptizabant,
1536 4884 1801 4955 deinceps
1839 4885 2111 4956 Spiritum

516 4976 775 5025 sanctum
796 4971 1023 5037 dabant,
1041 4978 1106 5027 ut
1129 4966 1385 5027 similiter
1398 4973 1658 5029 omnibus
1684 4973 1893 5044 linguis
1913 4975 2113 5046 inque.

517 5062 734 5125 rentur,
753 5059 898 5115 sicut
927 5060 1165 5130 legimus
1194 5060 1393 5114 fecisse
1421 5061 1650 5116 Petrum
1679 5067 1737 5116 et
1766 5063 1925 5118 alios.
1950 5063 2109 5118 Unde

517 5146 575 5201 et
605 5144 800 5202 Simon
828 5149 1003 5202 allata
1028 5149 1269 5219 pecunia
1296 5149 1470 5204 dixit:
1501 5151 1642 5205 Date
1671 5151 1810 5205 mihi
1835 5152 1982 5207 hanc
2006 5169 2107 5222 po-

514 5241 881 5304 testatem,ut
905 5237 1218 5308 cuicunque
1263 5238 1585 5309 imposuere
1614 5240 2111 5310 manum.accipiat

516 5322 790 5398 Spiritum
820 5331 1097 5390 sanctum,
1128 5331 1194 5380 ut
1221 5327 1396 5397 possit
1419 5328 1571 5399 loqui
1592 5329 1853 5384 omnibus
1876 5329 2103 5400 linguis.

514 5414 596 5468 De
626 5412 1002 5491 cceloitaque,
1034 5414 1092 5467 id
1120 5420 1205 5468 est
1232 5415 1301 5469 de
1330 5417 1550 5487 seipsis,
1572 5418 1849 5473 faciebant
1878 5419 2104 5475 descen-

515 5496 649 5557 dere
675 5503 885 5574 ignem,
918 5502 1025 5558 hoc
1054 5508 1139 5559 est
1164 5503 1441 5575 Spiritum
1462 5512 1743 5579 sanctum,
1765 5507 1835 5564 de
1859 5525 1970 5579 quo
1997 5509 2107 5567 Do-

2196 4442 2317 4511 ejus
2338 4440 2936 4511 imitabuntunNeque
2952 4440 3101 4496 enim
3132 4441 3239 4495 hoc
3265 4441 3562 4512 pueriliter
3578 4441 3800 4494 intelli-

2193 4546 2329 4601 gere
2345 4530 2634 4595 debemus,
2655 4530 2803 4601 quod
2826 4529 3031 4585 tacturi
3056 4535 3191 4584 sunt
3209 4530 3456 4600 aliquam
3485 4529 3798 4599 imaginem

2196 4635 2366 4690 quam
2395 4634 2584 4674 secum
2607 4619 2810 4686 ferant,
2839 4619 2939 4673 sed
2966 4618 3272 4689 imaginem
3303 4619 3458 4673 illius
3487 4612 3801 4685 facient,“

2194 4713 2283 4763 est
2311 4708 2481 4763 ﬁdem
2510 4708 2635 4778 ejus
2666 4707 2975 4774 habebunt,
2995 4713 3054 4762 et
3084 4707 3508 4762 simulationem
3530 4708 3649 4778 caus
3667 4706 3805 4761 imi-

2193 4796 2485 4856 tubuntur.
2519 4802 2787 4867 tanquam
2826 4796 2903 4851 sit
2925 4811 3054 4850 vere
3084 4795 3257 4850 Filius
3278 4795 3398 4861 Det,
3433 4800 3493 4849 et
3518 4794 3805 4850 veraciter

2192 4885 2563 4941 resurrexerit
2585 4902 2623 4939 a
2641 4885 2900 4940 mortuis.
2933 4883 3117 4939 Habet
3144 4890 3339 4939 autem
3367 4882 3596 4955 plagam
3615 4883 3802 4955 gladii

2193 4979 2250 5029 et
2269 4974 2737 5041 vixit,secundum
2769 4973 2918 5044 quod
2944 4989 3117 5045 supra
3136 4973 3349 5028 dictum
3374 4974 3621 5044 est.me
3638 4973 3805 5029 Anti-

2191 5064 2434 5118 christus
2463 5063 2613 5118 dicet
2641 5075 2700 5117 se
2729 5062 3090 5117 interfectum
3117 5068 3175 5117 et
3200 5062 3577 5117 resurreth
3593 5074 3627 5115 a
3646 5074 3805 5116 mor-

2191 5152 2397 5208 tuis.In
2422 5156 2728 5223 conspectu
2750 5150 2920 5222 hujus
2947 5150 3139 5207 bestiae
3163 5152 3344 5206 multa
3366 5151 3534 5221 signa
3559 5147 3796 5214 facient,

2193 5241 2396 5313 quibus
2415 5243 2686 5297 seducent
2709 5247 2942 5295 terram:
2970 5241 3098 5312 quia
3125 5239 3444 5311 ubicunque
3460 5240 3689 5306 fuerint,
3712 5239 3805 5295 its

2190 5332 2239 5402 ej
2248 5348 2313 5385 us
2330 5331 2673 5385 voluntatem
2689 5329 3088 5401 implebunt,et
3106 5340 3308 5400 eatu
3320 5323 3405 5383 illi
3424 5329 3805 5400 μωωωεδ

2188 5421 2845 5492 noscunt.facient,quasi
2855 5434 3081 5492 semper
3092 5420 3487 5492 illipmsentes
3497 5418 3799 5473 assistant.

2240 5511 2323 5565 .Et
2341 5511 2539 5565 datum
2561 5515 2639 5566 est
2664 5513 2756 5565 an
2777 5516 2840 5566 ut
2856 5511 3015 5566 dant
3032 5513 3303 5580 spiritum
3329 5511 3581 5580 mea:
3596 5508 3808 5565 meo.
