4048 6172
253 342 390 409 uel

1147 334 1530 407 EXPOSITlO
1562 336 1644 405 IN'
1670 334 2194 406 APOCALYPSIN.
2231 376 2300 391 —
2327 334 2468 403 LIB.
2499 336 2598 402 1v.

3387 333 3532 408 110i

248 477 314 531 Id
341 480 431 532 est
466 476 607 548 ipsis
636 464 909 531 ministris
936 468 1268 531 Antichristi
1303 478 1500 532 datum
1541 482 1629 532 est
1652 494 1686 532 a
1711 478 1848 542 Deo,
1868 479 1921 541 A
1942 476 2110 530 ﬁdem
2126 474 2458 530 verbotenus
2471 472 2701 539 habent,
2716 471 2814 526 sed
2828 487 2998 543 opera
3019 466 3150 526 ﬁdei
3169 487 3282 527 non
3300 472 3530 528 habent.

248 565 356 620 hoc
384 571 491 631 est,
524 566 865 636 permissum
895 570 980 619 est
1020 571 1085 619 ut
1125 566 1287 621 daret
1328 566 1588 638 spiritum
1621 566 1859 641 imagini

249 653 468 710 bestiae.
498 650 697 725 Imago
729 642 940 720 bestiae,
972 653 1093 731 ipse
1122 655 1290 709 homo
1320 656 1622 710 damnatus
1649 655 1859 711 intelli-

247 742 427 812 gitur,
459 744 520 796 in
550 760 663 815 quo
701 742 959 797 diabolus
986 743 1282 809 habitabit,
1329 744 1419 798 cui
1466 744 1861 815 praedicatores

212 840 219 843 “
246 832 380 887 falsi
400 832 666 909 spiritum
687 832 921 898 dabunt,
938 832 1044 887 hoc
1063 838 1167 898 est,
1186 832 1592 903 plenitudinem
1614 833 1858 903 Spiritus

247 921 435 975 sancti
464 921 523 975 in
552 937 618 975 eo
648 921 1001 992 requiescere
1028 921 1234 976 dicent.
1258 916 1508 977 Dicimus
1538 922 1688 975 enim
1712 938 1814 976 nos
1839 939 1852 974 :

249 1010 386 1062 Date
409 1010 676 1065 honorem
691 998 817 1064 Deo.
836 1008 905 1064 Et
923 1026 1121 1067 rursus
1141 1028 1152 1062 :
1173 1012 1437 1065 Erattabo
1461 1016 1527 1073 te,
1552 1013 1691 1065 Deus
1704 1026 1857 1064 meus

251 1113 353 1151 rea:
364 1088 536 1169 (Psal.
549 1100 709 1167 xxxx).
727 1096 1021 1164 Quomodo
1033 1099 1181 1153 enim
1194 1099 1279 1153 illi
1296 1100 1567 1153 honorem
1583 1099 1720 1153 dare
1735 1114 1860 1171 pos-

253 1184 491 1241 sumus?
503 1192 605 1239 aut
624 1186 902 1257 quomodo
914 1187 1073 1240 illum
1087 1173 1334 1242 exaltare
1346 1188 1613 1256 valemus,
1634 1188 1730 1259 qui
1747 1203 1860 1242 non

251 1270 430 1329 habet
454 1292 565 1345 quo
596 1266 907 1329 exaltetur?
946 1274 1059 1330 Sed
1083 1276 1393 1331 exaltemus
1422 1276 1603 1343 illum,
1636 1277 1860 1348 quando

254 1364 540 1417 excelsum
569 1363 960 1434 praedicamus.
990 1358 1113 1419 Tali
1139 1365 1304 1419 modo
1332 1365 1427 1419 isti
1452 1364 1669 1419 dabunt
1694 1365 1861 1436 spiri-

252 1456 382 1506 tum
413 1451 652 1521 imagini
679 1451 890 1517 bestiae,
920 1452 1287 1523 praedicantes
1317 1470 1444 1507 eum
1482 1454 1712 1524 plenum
1738 1470 1861 1509 esse

256 1539 578 1594 divinitate.
592 1540 738 1596 Nam
757 1545 814 1596 et
833 1541 1110 1599 Photinus
1130 1541 1266 1597 dicit
1287 1559 1299 1594 :
1324 1543 1438 1612 Ego
1460 1542 1685 1597 Christo
1706 1542 1861 1612 prin-

255 1627 473 1699 cipium
501 1645 569 1683 ex
598 1627 782 1683 Maria
800 1629 1007 1697 tribuo,
1031 1630 1089 1684 id
1109 1636 1196 1685 est
1223 1631 1328 1685 hoc
1346 1631 1622 1685 annuntio
1643 1631 1777 1702 quia
1797 1647 1865 1684 ex

255 1707 443 1770 Maria
495 1717 722 1771 initium
776 1718 1102 1793 sumpserit.
1150 1720 1218 1773 Et
1272 1725 1335 1772 ut
1383 1722 1644 1788 loquatur
1680 1723 1862 1789 imago

257 1807 460 1860 bestiae.
494 1805 705 1860 Datum
734 1811 822 1861 est
845 1807 947 1887 illi,
980 1807 1331 1863 subauditur.
1362 1809 1509 1863 Nam
1538 1824 1651 1862 non
1680 1803 1923 1863 solumB

256 1893 539 1964 Spiritum
589 1900 847 1949 sanctum
903 1895 961 1950 in
1009 1912 1076 1950 eo
1130 1896 1480 1969 requiescere
1525 1897 1734 1963 dicent,
1765 1897 1864 1951 sed

254 1982 435 2035 etiam
463 1973 852 2053 praedicabunt
876 1984 1033 2038 illum
1063 1985 1242 2056 loqui,
1270 1984 1326 2038 id
1352 1990 1439 2039 est
1463 1989 1697 2041 ventura
1719 2001 1863 2057 prae-

252 2070 466 2137 dicere,
502 2088 605 2142 per
651 2072 914 2142 spiritum
963 2074 1291 2147 prophetiae.
1334 2072 1626 2129 Intantum
1657 2074 1865 2145 quippe

252 2158 440 2230 signis
467 2165 525 2213 et
551 2159 839 2214 miraculis
870 2160 1210 2232 pmvalebit,
1244 2166 1311 2216 ut
1335 2177 1371 2214 a
1397 2161 1513 2217 suis
1552 2162 1610 2216 et
1651 2162 1865 2233 Spiritu

253 2252 457 2301 sancto
485 2249 687 2320 plenus
711 2249 994 2318 credatur,
1027 2255 1086 2305 et
1112 2254 1351 2306 ventura
1373 2246 1675 2323 praedicere
1700 2267 1865 2323 posse

252 2335 592 2390 aestimetur.
633 2324 902 2393 Diabolus
939 2339 1089 2394 enim
1117 2356 1218 2411 per
1246 2356 1308 2394 os
1337 2341 1460 2411 ejus
1487 2340 1770 2411 loquetur,
1811 2344 1868 2394 et

252 2424 379 2478 suis
409 2425 722 2480 cultoribus
760 2428 942 2482 multa
969 2428 1192 2482 fallacia
1220 2428 1376 2483 dabit
1400 2444 1688 2500 responsa,
1721 2428 1869 2483 sicut

254 2508 397 2567 olim
420 2513 705 2584 loquendo
743 2530 845 2584 per
872 2531 973 2570 ora
1000 2515 1301 2570 idolorum.
1331 2518 1400 2570 Et
1437 2519 1610 2583 faciat
1648 2523 1711 2570 ut
1738 2520 1867 2585 qui-

256 2618 479 2669 cunque
499 2618 612 2656 non
625 2605 981 2657 adoraverint
998 2606 1302 2673 imaginem
1321 2607 1863 2672 bestim,occidantur.

256 2689 324 2743 Id
355 2696 445 2743 est
468 2690 791 2761 quicunque
810 2707 922 2745 non
951 2692 1236 2747 audierint
1263 2708 1377 2759 eos,
1404 2699 1469 2747 ut
1495 2694 1682 2747 colant
1709 2693 1866 2747 Anti-

257 2779 541 2833 christum
562 2796 665 2850 pro
685 2780 824 2846 Deo,
851 2780 1264 2837 interﬁciuntur
1284 2781 1356 2836 ab
1382 2781 1494 2836 illis
1516 2787 1574 2835 et
1596 2780 1667 2836 ab
1695 2782 1865 2852 hujus

257 2867 456 2921 saeculi
484 2867 830 2939 principibus
875 2870 972 2947 qui
1019 2886 1115 2924 eos
1154 2875 1462 2940 sequentur
1492 2884 1504 2918 :
1542 2871 1690 2926 sicut
1716 2871 1866 2925 Elias

259 2961 321 3010 et
349 2956 544 3010 Enoch
573 2962 632 3011 et
658 2957 826 3011 multi
858 2958 975 3014 alii.

331 3035 405 3100 Et
432 3046 601 3112 faciet
629 3062 814 3100 omnes
845 3049 1098 3116 pusilios,
1131 3054 1183 3102 et
1213 3065 1457 3117 magnos,
1493 3054 1542 3104 et
1571 3050 1785 3115 divites,
1820 3055 1869 3104 et

1941 564 2175 636 Proprie
2196 570 2383 619 autem
2404 564 2474 617 ad
2495 562 2633 617 illud
2656 568 2879 632 tempus
2898 560 3145 631 pertinet
3167 562 3289 629 hoc,
3309 563 3533 633 quando

1937 654 2070 708 mali
2101 658 2296 725 aperte
2316 654 2479 708 illum
2497 656 2806 724 sequentur
2826 649 3066 723 reprobo
3086 650 3195 705 ﬁde
3214 655 3273 705 et
3294 650 3539 724 rcproba

1939 741 2177 796 actione.

1994 872 2060 929 Et
2078 888 2144 928 ne
2154 874 2277 943 quis
2288 875 2457 944 possit
2474 874 2701 928 cendere
2712 878 2815 928 aut
2829 873 3147 940 emere,nisi
3162 872 3263 943 qui
3280 869 3542 931 habuerit

1939 964 2309 1018 characterem
2324 966 2425 1017 etut
2440 979 2639 1017 nomen
2656 962 2846 1039 bestia,
2861 966 2961 1016 aut
2978 974 3275 1017 numerum
3288 960 3540 1019 nominis

1939 1056 2076 1121 ejus.
2101 1053 2403 1122 Negotium
2425 1052 2575 1106 istud
2603 1051 2975 1122 spiritualiter
3002 1057 3090 1106 est
3106 1051 3403 1121 agendum.
3431 1048 3541 1108 Do;

1940 1141 2130 1195 minus
2147 1141 2351 1212 quippe
2364 1140 2724 1194 committens
2744 1140 2859 1195 suis
2880 1138 3137 1194 ﬁdelibus
3149 1141 3309 1194 tanta
3322 1141 3540 1195 talenta

1941 1229 2227 1295 doctrinae,
2263 1230 2402 1283 dicit
2433 1247 2445 1283 :
2497 1228 2878 1305 Negotiamini
2917 1224 3049 1282 dum
3078 1228 3259 1286 venio.
3291 1226 3364 1284 Et
3398 1226 3541 1285 bene

1942 1318 2264 1390 praedicatio
2293 1318 2519 1389 negotio
2548 1322 2926 1389 comparatur.
2955 1318 3146 1372 Sancti
3177 1318 3325 1371 enim
3355 1314 3542 1375 docto:

1944 1422 2034 1462 res
2064 1407 2377 1462 doctrinam
2406 1411 2744 1479 prmrogant,
2778 1410 2835 1462 et
2866 1406 3035 1461 ﬁdem
3057 1425 3091 1462 a
3110 1406 3333 1480 populis
3352 1421 3544 1480 reporé

1942 1502 2086 1563 tant,
2117 1496 2284 1551 ﬁdem
2315 1496 2739 1567 impartiuntur,
2773 1501 2830 1551 et
2858 1510 3052 1551 eorum
3084 1496 3339 1567 protinus
3366 1496 3545 1553 vitam

1944 1591 2192 1641 sumunt.
2238 1586 2514 1657 Tempore
2554 1586 2744 1654 itaque
2788 1580 3117 1638 Antichristi
3146 1602 3312 1640 nemo
3340 1584 3544 1640 talium

1947 1674 2024 1743 (id
2050 1680 2135 1729 est
2159 1675 2434 1729 bonorum
2463 1674 2917 1745 praedicatorum)
2940 1674 3149 1744 poterit
3177 1670 3416 1729 vendere
3443 1678 3546 1730 aut

1946 1778 2032 1818 em
2040 1779 2133 1817 ere
2142 1762 2215 1829 ,id
2227 1769 2502 1828 est,nemo
2514 1762 2722 1834 poterit
2732 1760 3034 1833 praedicare
3046 1759 3220 1817 libere
3232 1762 3540 1832 Christum,

1946 1852 2076 1924 quia
2091 1851 2407 1907 carceribus
2420 1850 3543 1923 recludentur,etinsuperinterﬁcientur,

1946 1941 2055 1995 nisi
2095 1941 2191 2012 qui
2220 1940 2481 1995 habuerit
2513 1940 2895 1995 characterem
2925 1941 3135 2008 bestiae,
3168 1938 3225 1995 id
3260 1944 3346 1996 est
3371 1942 3546 1997 ﬁdem

1945 2028 2097 2084 illius
2125 2030 2391 2090 tenuerit.
2421 2036 2476 2084 et
2496 2044 2703 2084 nomen
2730 2029 2852 2099 ejus
2879 2034 2937 2084 et
2954 2044 3254 2084 numerum
3275 2027 3545 2099 nominis,

1946 2119 2015 2173 de
2044 2134 2155 2189 quo
2183 2120 2243 2173 in
2269 2117 2634 2189 sequentibus
2656 2117 2925 2172 dicemus.
2950 2118 3255 2173 Character
3277 2122 3466 2174 autem
3489 2124 3549 2176 et

1945 2210 2151 2263 nomen
2171 2206 2365 2262 bestiae
2389 2213 2446 2261 et
2473 2222 2746 2261 numerus
2768 2201 3014 2261 nominis
3030 2208 3169 2277 ejus,
3195 2218 3373 2262 unum
3393 2210 3547 2263 sunt.

1946 2297 2153 2351 Verum
2185 2292 2294 2351 ista
2323 2295 2591 2350 mereatio
2620 2308 2733 2350 non
2775 2290 3017 2350 cessabit
3044 2290 3103 2348 in
3144 2293 3231 2349 his
3261 2296 3359 2366 qui
3386 2294 3553 2354 electi

1947 2386 2176 2448 fuerint,
2211 2385 2499 2456 quoniam,
2534 2389 2702 2455 prout
2728 2385 3044 2450 valuerunt,
3067 2384 3345 2439 talentum
3374 2380 3554 2442 divini

1946 2468 2100 2529 verbi
2129 2486 2361 2544 erogare
2391 2470 2686 2527 curabunt.
2737 2473 2822 2526 Ad
2847 2471 2949 2526 has
2980 2470 3128 2526 enim
3158 2473 3439 2529 nundinas
3464 2471 3554 2531 illi

1948 2561 2326 2632 negotiatores
2381 2562 2679 2615 occurrent
2727 2559 2913 2614 eximii
2956 2579 2967 2613 :
3012 2560 3160 2616 Elias
3197 2558 3455 2617 videlicet
3495 2566 3557 2617 et

1948 2651 2155 2715 Enoch,
2181 2650 2277 2720 qui
2305 2649 2514 2703 intuitu
2533 2662 2746 2703 merces
2769 2649 3031 2703 Ecclesiae
3051 2650 3347 2721 praeclaras
3368 2654 3555 2706 osten-

1947 2739 2104 2807 dent,
2138 2744 2202 2793 ut
2230 2750 2344 2793 non
2375 2738 2555 2792 solum
2598 2734 2729 2791 ﬁdei
2767 2737 3102 2792 Christianae
3130 2732 3322 2805 dediti,
3355 2756 3556 2795 verum

1949 2829 2118 2883 etiam
2140 2827 2247 2899 ipsi
2266 2840 2359 2882 eas
2380 2825 2792 2898 concupiscant,
2819 2824 2914 2898 qui
2934 2827 3318 2881 characterem
3334 2824 3555 2886 bestiae.

1948 2916 2284 2971 videbantur
2304 2914 2531 2982 habere,
2559 2914 2797 2970 Domino
2828 2916 2898 2970 de
2931 2925 3043 2970 uno
3072 2933 3268 2971 eorum
3290 2914 3510 2973 dicente
3533 2937 3546 2974 :

1951 3003 2100 3062 Elias
2127 3006 2378 3073 veniens,
2405 3004 2668 3060 restituet
2697 3000 2853 3059 vobis
2886 3005 3096 3065 omnia.

250 3150 555 3204 pauperes,
578 3138 627 3188 et
660 3136 853 3191 liberos
885 3141 936 3190 et
962 3153 1139 3191 servos
1179 3138 1372 3191 habere
1401 3138 1774 3192 characterem
1802 3141 1868 3193 in
1884 3122 1927 3182 ο
2020 3144 2123 3198 Hic
2141 3147 2216 3197 est
2234 3144 2538 3211 sapientia:
2561 3142 2668 3209 Qui
2686 3142 2844 3196 habet
2860 3144 3224 3210 intellectum,
3244 3158 3357 3216 quo
3375 3144 3556 3215 possit

256 3224 491 3278 dextera
512 3238 688 3277 manu
709 3229 810 3277 aut
831 3227 895 3278 in
912 3226 1194 3293 frontibus
1216 3230 1350 3281 suis.
1375 3226 1575 3280 Pusilli
1594 3230 1746 3293 sunt,
1771 3227 1868 3297 qui

257 3312 479 3366 malum
497 3312 648 3382 quod
667 3312 993 3384 intelligunt
1011 3319 1069 3368 et
1086 3315 1302 3384 volunt,
1327 3316 1596 3386 perﬁcere
1612 3332 1726 3370 non
1745 3332 1871 3386 pos-

257 3404 419 3455 sunt.
445 3400 639 3470 Magni
662 3405 796 3455 sunt
825 3402 921 3473 qui
949 3403 1260 3458 secundum
1292 3420 1458 3458 suum
1484 3403 1708 3459 libitum
1737 3420 1871 3474 ope-

256 3495 469 3543 rantur
497 3490 732 3543 malum.
758 3490 994 3558 Divites,
1021 3492 1117 3562 qui
1147 3497 1502 3547 terrenarum
1526 3509 1717 3547 rerum
1748 3508 1874 3562 pos-

258 3594 539 3643 sessores,
563 3578 651 3632 vel
674 3578 845 3632 etiam
871 3579 1114 3651 superbi.
1141 3581 1262 3645 Quo
1283 3587 1478 3635 contra
1498 3580 1645 3636 beati
1666 3598 1871 3652 paupe-

257 3682 357 3720 res
407 3665 614 3736 spiritu
651 3666 937 3722 dicuntur.
979 3669 1127 3723 Nam
1178 3673 1237 3723 et
1269 3669 1365 3723 ille
1415 3686 1546 3725 suos
1583 3670 1871 3724 ministros

259 3755 471 3809 multis
517 3754 724 3809 ditabit
766 3756 993 3824 divitiis,
1041 3774 1143 3829 pro
1191 3758 1396 3829 quibus
1436 3760 1496 3813 in
1547 3757 1870 3829 superbiam

531 3844 918 3901 elevabuntur.
950 3848 1235 3918 Pauperes
1262 3848 1373 3902 ﬁde
1412 3852 1471 3902 et
1498 3846 1660 3902 bonis
1685 3845 1870 3925 cperi-

257 3933 374 3986 bus
407 3933 826 4004 intelliguntur.
850 3935 973 4000 Quo
1001 3941 1198 3992 contra
1219 3937 1524 4007 Apostolus
1551 3935 1684 3990 dicit
1714 3936 1784 3989 de
1809 3952 1871 3990 se

260 4029 325 4078 et
348 4024 461 4078 sibi
491 4024 798 4081 similibus:
836 4029 1124 4096 Tanquam
1150 4029 1298 4082 nihil
1321 4028 1574 4083 habentes
1602 4031 1651 4081 et
1677 4029 1868 4081 omnia

249 4115 599 4183 possidentes
628 4117 711 4186 (Il
738 4115 861 4171 Cor.
890 4122 990 4185 η).
1026 4115 1208 4172 Liberi
1237 4120 1294 4170 et
1330 4116 1475 4171 servi
1503 4121 1655 4182 sunt,
1697 4116 1868 4170 alieni

259 4218 299 4255 a
322 4200 566 4272 iustitia,
588 4206 646 4256 et
669 4203 816 4258 servi
839 4210 1197 4275 peccatorum
1224 4205 1378 4261 facti.
1402 4204 1630 4260 Talibus
1659 4204 1867 4275 quippe

258 4290 408 4345 dicit
430 4291 767 4361 Apostolus:
787 4292 926 4348 Cum
945 4296 1089 4348 servi
1107 4296 1288 4349 essetis
1298 4296 1523 4361 peccati,
1546 4294 1706 4347 liberi
1728 4294 1870 4360 fuis-

261 4382 596 4449 tisjustitia
626 4381 796 4450 (Rom.
820 4382 1003 4449 γι).Ιὰ
1033 4386 1140 4447 est,
1171 4382 1343 4436 alieni
1368 4382 1603 4437 fuistisa
1621 4381 1864 4452 justitia.

258 4468 339 4523 Hi
367 4466 629 4522 homines
657 4468 871 4523 habent
907 4471 1292 4527 characterem
1331 4470 1524 4525 bestiae
1552 4470 1613 4525 in
1641 4470 1871 4526 dextera

1949 3230 2441 3301 haecintelligendo
2459 3236 3045 3301 penetrare.computet
3060 3244 3364 3287 numerum
3380 3234 3557 3289 bestia

1951 3320 2365 3377 Obscuritatem
2383 3319 2555 3390 hujus
2570 3319 2678 3375 loci
2697 3319 3059 3375 considerans
3068 3319 3267 3377 beatus
3284 3322 3552 3391 Joannes,

1950 3409 2232 3464 intentum
2248 3408 2424 3463 voluit
2450 3409 2716 3481 lectorem
2748 3408 2967 3463 facere:
3000 3414 3170 3480 atque
3197 3410 3402 3465 idcirco
3423 3425 3557 3467 eum

1950 3495 2306 3566 praemonuit,
2337 3500 2403 3550 ut
2429 3510 2730 3550 numerum
2751 3494 2943 3548 bestiae
2967 3496 3328 3566 perspiceret,
3343 3503 3401 3551 et
3420 3498 3557 3567 quia

1952 3601 2128 3654 purus
2141 3585 2309 3641 homo
2325 3584 2432 3637 erit
2443 3583 2843 3649 Antichristus,
2860 3583 3058 3652 plenus
3073 3588 3265 3638 tamen
3277 3584 3553 3653 daemone,

1951 3672 2270 3741 subjungit:
2291 3673 2573 3726 Numerus
2593 3673 2745 3724 enim
2766 3671 3009 3724 hominis
3030 3675 3126 3726 est.
3145 3673 3226 3725 Ac
3243 3672 3292 3726 si
3304 3672 3553 3727 diceret:

1950 3760 2238 3815 Attendite
2257 3760 2576 3829 diligenter,
2590 3759 2725 3829 quia
2739 3759 2905 3813 homo
2921 3759 3031 3813 erit
3048 3774 3232 3827 verus,
3248 3775 3363 3814 non
3378 3760 3553 3829 Deus,

1951 3849 2099 3904 sicut
2122 3849 2244 3919 ipse
2262 3848 2529 3918 jactando
2556 3847 2722 3901 dicet.
2763 3848 2830 3901 Et
2858 3859 3129 3901 numerus
3160 3851 3278 3916 ejus
3314 3851 3557 3904 sescenti

1950 3940 2241 4006 sexaginta
2269 3953 2378 3991 sesc.
2413 3936 2626 3991 Omnes
2651 3934 2780 3989 libri
2810 3935 2952 3991 Novi
2984 3936 3330 3992 Testamenti
3357 3937 3554 3993 Graeco

1953 4043 2211 4081 sermone
2230 4031 2364 4081 sunt
2382 4025 2595 4097 scripti.
2614 4028 2822 4095 prater
2839 4024 3201 4095 Evangelium
3228 4026 3475 4081 Matthaai
3495 4031 3555 4081 et

1950 4115 2260 4186 Epistolam
2282 4112 2447 4168 Pauli
2464 4114 2537 4168 ad
2565 4111 2849 4168 Hebrmos.
2873 4112 3019 4178 Quia
3037 4128 3171 4185 ergo
3191 4111 3282 4169 hic
3300 4114 3442 4169 liber
3459 4115 3557 4187 (ut

1948 4203 2152 4273 caeteri)
2169 4202 2360 4257 Gmce
2389 4202 2630 4273 scriptus
2656 4208 2757 4265 est,
2783 4201 2991 4258 idcirco
3017 4216 3217 4259 sensus
3246 4204 3417 4276 hujus
3439 4206 3557 4261 loci

1949 4308 2107 4346 more
2136 4292 2458 4346 Graecorum
2481 4290 2980 4364 estrequirendus,
3015 4289 3165 4365 apud
3195 4308 3337 4365 quos
3353 4308 3556 4351 omnes

1950 4377 2152 4435 littera;
2190 4395 2461 4435 numeros
2506 4381 2566 4434 in
2612 4397 2673 4435 se
2721 4381 3031 4436 continent.
3066 4382 3331 4437 Dicamus
3357 4382 3554 4455 itaque

1948 4469 2226 4535 Amnes,
2243 4469 2392 4540 quod
2411 4469 2819 4541 interpretatur
2833 4472 3032 4525 honori
3047 4476 3385 4539 contrarius,
3400 4473 3553 4545 quod

256 4572 444 4611 manu
482 4562 541 4610 et
564 4556 627 4611 in
652 4557 931 4615 frontibus
956 4559 1093 4625 suis,
1122 4565 1181 4614 et
1207 4565 1340 4616 sunt
1367 4559 1537 4615 etiam
1567 4575 1715 4614 nunc
1750 4563 2158 4622 tamDnomen
2204 4558 2286 4612 illi
2320 4558 2459 4613 bene
2505 4560 2790 4626 convenit,
2822 4560 2919 4631 qui
2946 4561 3343 4627 Antichristus,
3376 4561 3435 4615 id
3464 4567 3552 4616 est

255 4649 427 4699 extra
456 4645 764 4700 Ecclesium
793 4662 964 4717 quam
993 4648 1165 4703 intra.
1211 4648 1382 4703 Extra
1409 4648 1710 4703 Ecclesium
1739 4654 1872 4702 sunt

249 4733 465 4796 Judmi,
527 4733 682 4789 intra
739 4735 871 4790 falsi
928 4736 1256 4793 Christiani.
1322 4737 1471 4801 Quid
1523 4742 1713 4792 autem
1771 4752 1874 4809 per

248 4816 557 4879 dexteram
620 4839 856 4879 manum
920 4825 1287 4897 reproborum
1340 4825 1695 4897 intelligitur,
1760 4826 1871 4881 nisi

245 4911 521 4982 operatio
562 4912 838 4968 illorum?
876 4914 947 4969 Et
974 4915 1109 4985 quid
1140 4931 1242 4987 per
1280 4916 1545 4977 frontem.
1584 4915 1696 4970 nisi
1731 4916 1870 4970 ﬁdes

242 5000 646 5071 exprimitur?
668 5002 895 5058 Habent
938 5019 1074 5075 ergo
1120 5006 1501 5061 characterem
1538 5005 1600 5060 in
1642 5007 1872 5060 dextera

238 5106 441 5145 manu
471 5096 530 5145 et
551 5091 611 5145 in
647 5092 927 5147 frontibus
958 5092 1096 5161 suis,
1126 5095 1259 5166 quia
1286 5095 1382 5149 ubi
1412 5095 1730 5149 debuerunt
1771 5094 1868 5147 hn-

240 5178 398 5234 bere
424 5193 570 5248 pura
597 5195 768 5250 opera
797 5180 1068 5240 virtutum
1108 5187 1166 5236 et
1206 5182 1356 5247 ﬁdei,
1385 5182 1465 5237 ibi
1504 5183 1869 5236 inveniuntur

232 5266 489 5323 macula
516 5267 767 5323 criminis
795 5269 1101 5341 deturpati.
1134 5274 1195 5327 in
1224 5288 1397 5326 manu
1442 5271 1653 5328 habent
1688 5272 1867 5326 Judaei

234 5356 387 5427 ejus
434 5355 840 5423 characterem,
884 5358 1017 5431 quia
1059 5374 1231 5430 opera
1267 5360 1475 5414 diaboli
1515 5360 1769 5415 faciunt:
1807 5360 1867 5415 in

229 5446 473 5508 fronte,
510 5445 646 5515 quia
681 5446 742 5501 in
786 5462 918 5505 eum
953 5448 1215 5517 credunt,
1263 5454 1323 5504 et
1374 5449 1534 5502 illum
1587 5449 1866 5521 recepturi

231 5538 616 5605 exspectant,
649 5536 815 5605 juxta
834 5536 975 5593 illud
1002 5556 1016 5592 :
1044 5537 1163 5608 Ego
1182 5538 1321 5593 .veni
1348 5538 1408 5591 in
1436 5537 1667 5591 nomine
1688 5537 1867 5592 Patris

224 5622 401 5689 mei,
433 5624 492 5674 et
519 5637 635 5677 non
663 5624 989 5696 suscepistis
1016 5640 1109 5678 me
1135 5641 1146 5679 :
1179 5624 1322 5681 alius
1346 5623 1527 5679 veniet
1553 5624 1614 5678 in
1641 5624 1869 5679 nomine

221 5727 393 5803 suo,
419 5710 587 5797 illum
612 5713 950 5789 suscipietis.
982 5713 1257 5772 Similiter
1293 5714 1506 5774 habent
1551 5717 1611 5771 et
1654 5712 1738 5771 illi
1775 5712 1872 5787 qui

1953 4647 2176 4702 Christo
2203 4648 2522 4702 contrarius
2539 4648 2762 4703 dicitur.
2789 4649 2908 4701 Hoc
2941 4647 3149 4702 etenim
3178 4661 3385 4702 nomen
3412 4662 3552 4720 prae.

1951 4736 2243 4791 cedentem
2280 4737 2340 4791 in
2386 4752 2448 4792 se
2489 4736 2740 4792 continet
2778 4750 3099 4802 numerum,
3132 4737 3238 4790 hoc
3272 4737 3440 4791 modo
3469 4749 3483 4790 ε
3517 4750 3552 4790 α

1950 4841 2146 4891 unum,
2171 4845 2196 4879 ν
2217 4826 2686 4897 quinquaginta,t
2704 4829 3004 4891 trecentos,
3023 4840 3047 4878 ε
3066 4824 3335 4895 quinque,
3357 4844 3395 4897 μ
3414 4836 3551 4896 qua-

1950 4916 2229 4984 draginta,
2252 4932 2279 4968 o
2300 4915 2675 4986 septuaginta,
2699 4932 2731 4965 σ
2749 4912 3036 4968 ducentos.
3073 4906 3339 4967 Dicamus
3366 4913 3552 4969 adhuc

1950 5009 2007 5057 et
2030 5003 2223 5057 aliter:
2246 5002 2517 5062 Annona,
2541 4998 2689 5072 quod
2708 5002 3143 5071 interpretatur:
3169 5000 3331 5069 Nego.
3349 4996 3427 5055 Et
3443 5001 3550 5057 hoc

1948 5106 2156 5146 nomen
2168 5091 2308 5145 bene
2322 5090 2404 5143 illi
2420 5089 2806 5160 aptatur,quia
2821 5089 3109 5143 Christum
3124 5089 3354 5159 negabit
3368 5090 3551 5146 Deum

1948 5197 2090 5245 esse,
2119 5195 2292 5251 seque
2336 5178 2521 5233 Deum
2570 5177 2929 5232 conﬁtebitur
2967 5177 3196 5247 injuste.
3230 5181 3300 5235 Et
3340 5178 3401 5234 in
3441 5180 3551 5238 hoc

1950 5284 2172 5340 quoque
2212 5268 2440 5322 nomine
2478 5280 2749 5321 numerus
2786 5266 2907 5337 ipse
2950 5267 3291 5323 continetur.
3331 5269 3477 5324 Nam
3515 5284 3550 5325 α

1948 5374 2125 5413 unum
2151 5354 2415 5418 ostendit.
2441 5376 2468 5426 ρ
2497 5364 2742 5420 centum,
2768 5377 2792 5409 ν
2818 5356 3247 5428 quinquaginta,
3277 5374 3305 5410 ο
3328 5365 3552 5431 captaa.

1947 5447 2124 5518 ginta,
2140 5465 2165 5499 ν
2181 5445 2641 5516 quadringentos,
2660 5467 2696 5515 μ
2715 5445 3110 5517 quadraginta,
3128 5466 3148 5499 ε
3162 5447 3428 5518 quinque;
3453 5448 3550 5518 qui

1948 5535 2119 5590 simul
2148 5533 2321 5599 ducti,
2352 5532 2568 5589 faciunt
2595 5543 2884 5592 sexcentos
2906 5535 3196 5606 sexaginta
3226 5547 3341 5589 eos.
3384 5534 3550 5588 Dica-

1950 5640 2078 5679 mus
2106 5628 2165 5678 et
2187 5623 2353 5679 aliter
2384 5640 2396 5676 :
2428 5623 2653 5690 TEITAN,
2687 5625 2836 5695 quod
2861 5624 3061 5678 Latine
3089 5626 3169 5677 sol
3193 5620 3418 5676 dicitur.
3452 5623 3549 5677 Sol

1953 5717 2145 5772 autem
2155 5712 2414 5775 Christus
2423 5718 2511 5770 est
2520 5728 2624 5787 per
2640 5712 3129 5794 signiﬁcationem,
3143 5713 3243 5782 qui
3258 5712 3553 5767 illuminat
