4048 6172
523 283 668 340 1103

972 248 1350 336 Immonis
1393 279 1885 335 HALBERSTAT.
1920 276 2105 332 EPIS(

2189 275 2342 330 OPP.
2369 276 2555 331 PARS
2582 275 2629 330 ι.
2662 304 2728 315 -
2759 272 3139 345 comem.
3176 273 3366 333 BIBL.

3663 269 3806 327 “Oi

525 406 1033 462 omnemhominem
1046 410 1348 461 venientem
1362 408 1424 458 in
1437 402 2117 471 huncmundumannI).
2138 404 2186 460 A
2205 400 2397 455 decem
2429 400 2596 455 verba
2626 398 2918 454 cohibetur
2950 418 2962 453 :
2993 404 3165 470 atque
3192 404 3493 455 enarrante
3526 398 3801 463 Veritate,

523 496 725 551 Teitan
753 512 975 567 quoque
994 495 1311 566 appellatur
1331 494 1491 564 gigas
1514 515 1525 549 :
1550 492 1699 547 unde
1720 496 1775 546 et
1798 492 1853 545 in
1884 490 2118 561 Virgilio

523 584 781 655 legimus:
793 587 1118 651 Titaniaque
1128 582 1566 637 astra.Christus
1583 581 1731 635 enim
1740 579 1995 651 gigas,de
2008 593 2117 648 quo

523 672 825 728 Psalmista
839 672 1002 726 dicit:
1030 673 1344 725 Exsultavit
1364 676 1427 724 ut
1444 673 1599 738 gigas
1623 671 1783 735 (Psal.
1802 678 1972 727 xVIII).
1993 668 2119 737 Ipse

522 761 717 833 itaque
732 759 1109 815 Antichristus
1128 760 1231 814 hoc
1252 775 1456 813 nomen
1475 758 1582 813 sibi
1598 757 1872 811 fallaciter
1885 772 2120 826 usurpa-

522 849 626 915 bit,
645 854 702 904 et
721 849 869 904 dicet
886 866 947 904 se
966 866 1088 904 esse
1107 850 1280 903 solem
1303 848 1558 913 illum,de
1575 863 1685 918 quo
1705 846 1976 917 scriptum
1994 850 2081 898 est
2100 861 2112 897 :

522 935 693 1011 Vobis
711 936 1040 992 timentibus
1067 953 1275 992 nomen
1304 953 1492 991 meum
1514 935 1729 990 orietur
1753 935 1837 988 sol
1860 932 2131 1005 justitiae.‘

520 1024 750 1082 Litterae
763 1032 953 1082 autem
972 1028 1143 1099 hujus
1157 1027 1401 1082 nominis
1419 1032 1600 1081 totum
1620 1026 1779 1081 illum
1802 1025 2117 1096 praeceden-

518 1119 638 1170 tem
666 1116 918 1171 continet
949 1132 1271 1182 numerum,
1304 1116 1362 1169 id
1396 1120 1482 1170 est
1512 1120 1801 1170 sexcentos
1829 1113 2117 1183 sexaginta

520 1217 638 1257 sex.
662 1223 691 1257 τ
712 1205 921 1276 quippe
942 1209 1223 1260 trecentos
1243 1204 1525 1275 exprimit,
1542 1224 1562 1257 ε
1584 1203 1850 1274 quinque,
1871 1202 2113 1267 idecem,

517 1290 727 1347 iterum
771 1313 800 1346 τ
835 1298 1136 1359 trecentos,
1170 1313 1202 1345 α
1238 1309 1434 1359 unum,
1467 1313 1492 1344 ν
1533 1290 1978 1362 quinquaginta;
2019 1290 2116 1361 qui

517 1378 688 1435 simul
715 1382 899 1451 juncti
932 1382 1141 1435 faciunt
1168 1387 1458 1434 sexcentos
1488 1380 1778 1450 sexaginta
1805 1396 1919 1433 sex.
1955 1378 2117 1441 Quod

516 1481 725 1522 nomen
754 1469 923 1537 (sicut
955 1468 1223 1537 diximus)
1248 1467 1355 1521 sibi
1396 1467 1775 1521 Antichristus
1800 1465 2113 1537 usurpabit,

517 1555 734 1610 audens
761 1573 821 1611 se
850 1557 1170 1611 hominibus
1189 1557 1371 1610 lucem
1395 1556 1666 1626 proﬁteri,
1690 1572 1820 1609 cum
1849 1555 1923 1609 sit
1949 1572 2116 1625 apos-

514 1648 637 1698 tata
655 1645 890 1715 angelus
910 1645 968 1699 in
992 1661 1056 1699 eo
1075 1646 1486 1714 transfigurans
1505 1661 1564 1697 se
1584 1645 1643 1698 in
1666 1645 1929 1715 angelum
1951 1643 2109 1697 lucis.

2200 494 2524 560 Operatores
2553 487 2727 541 vinem
2758 487 2991 542 denario
3011 488 3545 543 remunerabuntur.
3567 488 3801 555 Sexage-

2200 578 2392 632 narius
2422 577 2477 631 in
2520 594 2585 630 eo
2616 576 2895 647 perfectus
2927 582 3031 639 est,
3081 576 3216 647 quia
3246 577 3437 631 omnia
3465 594 3591 646 quae
3620 576 3682 629 in
3711 591 3801 628 sex

2201 665 2397 720 diebus
2416 675 2740 737 operantur,
2762 664 2973 719 eisdem
2995 665 3247 735 decalogi
3268 665 3553 718 mandatis
3581 664 3801 718 conclu-

2200 753 2448 808 duntur:
2472 759 2642 825 atque
2669 754 2989 824 evangelica
3013 759 3359 825 protestante
3383 753 3630 824 eloquio,
3650 758 3797 807 terra

2201 841 2343 897 bona
2371 842 2617 897 fructum
2657 842 3069 913 sexagesimum
3101 843 3305 896 reddit.
3339 843 3715 897 Centenarius
3741 840 3795 894 in

2198 947 2265 985 eo
2294 933 2573 1003 perfectus
2601 936 2707 997 est,
2731 931 2862 1003 quia
2882 931 3015 985 dum
3047 931 3299 1000 decalogi
3329 931 3601 984 mandata
3619 930 3794 984 decies

2197 1020 2572 1091 multiplicata
2597 1020 3038 1090 comprehcndit,
3058 1020 3242 1073 omnis
3274 1019 3624 1090 operationis
3646 1035 3793 1073 sum-

2201 1124 2351 1162 mam
2372 1108 2671 1163 concludit.
2694 1109 2816 1163 Nisi
2837 1109 2985 1162 enim
3009 1108 3364 1163 centenarius
3381 1124 3656 1162 numerus
3679 1124 3795 1178 per-

2199 1196 2498 1251 fectionem
2520 1197 2861 1267 designaret,
2876 1213 3235 1269 nequaquam
3254 1197 3528 1252 Dominus
3545 1196 3620 1250 ad
3639 1197 3797 1251 disci-

2197 1286 2359 1356 pulos
2379 1286 2617 1340 diceret:
2641 1286 2833 1341 0mnis
2853 1289 2953 1355 qui
2970 1289 3263 1354 reliquerit
3282 1287 3530 1354 domum,
3550 1291 3655 1340 aut
3674 1287 3792 1352 fra-

2200 1378 2328 1440 tres,
2353 1376 2435 1428 vel
2456 1390 2687 1440 sorores,
2710 1379 2809 1428 aut
2824 1379 3065 1443 patrem,
3088 1379 3189 1427 aut
3213 1379 3473 1447 matrem,
3502 1380 3608 1428 aut
3635 1375 3793 1440 ﬁlios,

2198 1468 2298 1516 aut
2318 1462 2481 1529 ﬁlias,
2495 1469 2770 1530 autagros
2787 1469 3013 1531 propter
3035 1478 3233 1516 nomen
3255 1479 3460 1528 meum,
3479 1466 3800 1531 centuplum

2196 1554 2440 1620 accipiet,
2487 1556 2537 1605 et
2570 1554 2744 1605 vitam
2783 1556 3046 1605 aeternam
3084 1552 3377 1619 possidebit
3417 1551 3632 1617 (Matth.
3665 1552 3796 1620 xu}.

2196 1639 2341 1703 Quia
2360 1655 2491 1693 vero
2520 1656 2617 1693 sex
2642 1639 2842 1693 diebus
2864 1638 3016 1692 Deus
3037 1644 3241 1692 cuncta
3262 1654 3432 1709 opera
3451 1656 3556 1693 sua
3573 1638 3726 1705 fecit,
3749 1644 3805 1692 et

515 1731 699 1797 Quam
714 1733 784 1787 ob
795 1750 1046 1799 causam,
1062 1734 1110 1787 si
1123 1733 1294 1787 etiam
1311 1732 1957 1803 hocaliquisintelligere
1971 1733 2109 1798 vult,
2126 1751 2174 1811 B
2197 1743 2291 1781 sex
2322 1733 2456 1782 sunt
2483 1733 2679 1783 aetates
2699 1727 2870 1798 hujus
2896 1727 3106 1793 saeculi,
3138 1733 3288 1781 recte
3313 1744 3414 1798 per
3439 1728 3593 1781 hunc
3611 1744 3806 1782 nume-

511 1820 729 1876 Latinis
744 1821 947 1876 litteris
958 1839 1233 1893 ponamus
1246 1838 1470 1886 nomen,
1484 1822 1544 1875 in
1559 1838 1668 1887 quo
1681 1821 1827 1876 idem
1842 1838 2112 1875 numerus

510 1909 848 1977 inveniatur,
870 1912 975 1965 hoc
987 1911 1152 1965 modo
1170 1930 1182 1964 :
1205 1911 1305 1964 Dic
1322 1911 1456 1964 Lux.
1477 1911 1604 1980 Ipse
1624 1909 1773 1964 enim
1796 1914 1882 1977 (ut
1898 1909 2110 1962 dictum

511 2001 617 2066 est)
650 1998 919 2053 fatebitur
947 2015 1009 2053 se
1055 2015 1178 2053 esse
1223 1999 1428 2062 lucem,
1470 2013 1601 2050 nam
1637 1998 1674 2049 d
1703 1996 2056 2067 quingentos,
2092 1999 2113 2049 i

510 2101 707 2152 unum,
726 2103 754 2140 c
771 2092 1020 2152 centum,
1040 2090 1058 2141 l
1080 2086 1514 2157 quinquaginta,
1531 2102 1563 2138 υ
1579 2085 1846 2156 quinque,
1860 2102 1897 2138 ω
1916 2085 2111 2138 decem

509 2174 848 2245 exprimunt.
873 2175 1007 2240 Quae
1030 2175 1089 2229 in
1117 2191 1295 2229 unum
1323 2174 1586 2240 collectae,
1611 2173 1823 2227 faciunt
1848 2172 2111 2227 similiter

508 2268 799 2317 sexcentos
827 2263 1120 2334 sexaginta
1141 2279 1256 2316 sex.
1287 2262 1595 2316 Possumus
1629 2261 1813 2315 adhuc
1842 2260 2104 2315 eumdem

506 2364 829 2417 numerum,
860 2349 908 2404 si
930 2366 1032 2420 per
1059 2350 1283 2404 Graecas
1311 2349 1529 2403 litteras
1550 2347 1847 2414 scribatur,
1870 2347 2106 2402 Gothico

504 2438 753 2503 nomine,
796 2438 1045 2510 reperire
1087 2438 1193 2491 hoc
1219 2437 1420 2491 modo:
1455 2437 1813 2492 ansemxos.
1847 2455 1875 2506 γ
1903 2436 2110 2508 quippe

504 2525 634 2594 tria,
657 2546 679 2579 ε
698 2526 968 2598 quinque,
995 2547 1019 2579 ν
1039 2524 1466 2598 quinquaginta,
1492 2545 1522 2577 σ
1541 2525 1831 2590 ducentos,
1855 2545 1885 2591 η
1907 2529 2055 2592 octo,
2080 2544 2108 2594 ρ

501 2621 752 2683 centum,
779 2637 792 2667 ι
814 2616 1027 2682 decem,
1048 2636 1077 2669 κ
1098 2613 1314 2685 viginti,
1340 2634 1367 2667 ο
1388 2613 1766 2685 septuaginta,
1791 2632 1821 2664 σ
1838 2612 2108 2666 ducentos

504 2703 771 2758 ostendit.
806 2703 916 2769 Qui
945 2703 1116 2759 simul
1161 2701 1333 2765 ducti,
1375 2701 1591 2756 faciunt
1628 2704 1917 2755 sexcentos
1946 2715 2109 2754 sexa-

501 2791 664 2864 ginta
682 2808 797 2847 sex.
812 2791 1211 2863 Interpretatio
1236 2797 1426 2846 autem
1449 2790 1693 2844 nominis
1722 2789 1975 2860 ejusdem
1997 2793 2100 2855 est,

500 2878 755 2950 gentium
770 2883 1050 2936 seductor:
1072 2881 1133 2935 in
1153 2897 1218 2936 eo
1239 2879 1459 2936 Christo
1478 2878 1814 2941 contrarius,
1831 2877 1979 2949 quod
1999 2876 2104 2932 iste

502 2970 783 3038 seductor,
825 2968 922 3024 ille
965 2986 1096 3024 vero
1142 2969 1351 3023 dicitur
1391 2968 1645 3039 gentium
1683 2968 1944 3021 salvator.
1979 2967 2105 3021 Sive

506 3074 644 3129 ergo
671 3058 794 3125 hoc,
820 3059 933 3113 sive
960 3058 1057 3113 illo
1084 3059 1269 3123 modo,
1303 3058 1418 3112 sive
1447 3058 1506 3111 in
1532 3057 1744 3123 Graeca,
1772 3055 1887 3109 sive
1915 3055 1974 3108 in
2004 3056 2107 3109 La-

501 3146 643 3214 tina,
665 3147 781 3201 sive
802 3147 862 3201 in
882 3146 1121 3201 Gothica
1149 3147 1344 3216 lingua
1367 3145 1457 3199 hic
1477 3162 1746 3200 numerus
1768 3143 2098 3215 accipiatur,

502 3249 619 3287 non
643 3234 949 3303 incongrue
960 3234 1030 3287 ad
1055 3233 1387 3287 Antichristi
1409 3249 1705 3304 personam
1726 3230 2104 3286 refertur.Sed

484 3325 592 3375 rest
618 3320 801 3374 adhuc
830 3320 980 3390 quod
1003 3321 1072 3374 de
1103 3321 1300 3374 eodem
1321 3336 1555 3374 numero
1584 3319 1774 3377 subtili
1804 3319 2104 3388 investiga-

503 3407 657 3463 tione
694 3423 1014 3479 pensemus,
1048 3412 1112 3461 ut
1149 3408 1315 3478 plura
1356 3407 1426 3461 de
1464 3424 1530 3461 eo
1571 3408 1868 3461 offerentes
1905 3406 2103 3461 lectori

501 3493 725 3566 plenius
744 3493 1176 3549 satisfaciamus.
1198 3493 1429 3548 Dicatur
1448 3510 1581 3564 ergo
1606 3512 1618 3547 :
1645 3495 1930 3548 Numerus
1950 3493 2101 3547 enim

501 3582 756 3656 ejusdem
785 3570 1222 3638 sexcentesimus
1265 3582 1645 3653 sexagesimus
1682 3588 1891 3637 sextus.
1924 3582 2102 3637 Sena-

502 3671 622 3728 rius
641 3672 847 3745 quippe
862 3688 1133 3727 numerus
1149 3672 1299 3742 apud
1321 3672 1647 3726 saecularem
1663 3671 1954 3725 scientiam
1975 3670 2101 3724 ideo

502 3760 782 3833 perfectus
815 3764 919 3823 est,
967 3759 1101 3830 quia
1142 3760 1357 3830 primus
1402 3759 1461 3813 in
1508 3759 1761 3813 numeris
1788 3759 2105 3829 completur

501 3847 758 3921 partibus
778 3847 914 3913 suis,
937 3846 995 3901 id
1023 3851 1129 3913 est,
1157 3851 1314 3901 sexta
1336 3846 1425 3900 sui
1456 3852 1634 3917 parte,
1662 3846 1833 3901 tertia
1860 3852 1917 3900 et
1942 3846 2105 3900 dimi-

503 3937 634 3992 dia:
660 3952 783 4008 qua:
800 3940 934 3990 sunt
955 3950 1153 4001 unum,
1175 3940 1233 3989 et
1256 3935 1387 4000 duo,
1413 3940 1470 3988 ot
1491 3934 1634 3988 tria:
1662 3950 1785 4004 quae
1804 3934 1863 3987 in
1882 3949 2107 3988 summa

504 4023 696 4096 ducta,
711 4041 809 4080 sex
825 4024 1059 4079 faciunt.
1077 4024 1193 4077 Nec
1212 4023 1354 4077 alius
1374 4030 1506 4077 ante
1526 4023 1814 4077 senarium
1834 4038 2106 4077 numerus

502 4113 801 4186 reperitur,
835 4111 934 4183 qui
954 4112 1072 4166 suis
1092 4111 1347 4182 partibus
1366 4112 1500 4165 dum
1531 4111 1815 4176 dividitur,
1839 4116 1962 4165 tota
1982 4110 2104 4181 ejus

502 4218 727 4258 summa
753 4200 1120 4271 compleatur,
1149 4199 1360 4270 quique
1386 4199 1522 4253 dum
1553 4214 1589 4252 a
1617 4204 1774 4253 sexta
1802 4198 1891 4253 sui
1919 4204 2102 4269 parte,

500 4290 561 4346 id
588 4295 691 4353 est,
723 4288 795 4343 ab
824 4304 938 4343 uno
959 4288 1020 4342 in
1048 4287 1364 4353 denarium,
1395 4303 1428 4341 a
1454 4287 1625 4341 tertia
1654 4292 1843 4341 autem
1870 4286 1932 4341 in
1955 4286 2102 4341 vice-

2195 1833 2324 1871 rum
2361 1833 2660 1888 possumus
2707 1816 3026 1887 intelligere
3061 1832 3228 1869 omne
3257 1821 3484 1886 tempus
3512 1816 3805 1887 praesentis

2194 1905 2336 1960 vitm.
2353 1905 2496 1969 Quia
2517 1922 2650 1976 ergo
2667 1905 2834 1959 homo
2849 1904 2960 1965 ille,
2978 1904 3127 1959 filius
3143 1905 3499 1975 perditionis,
3519 1905 3808 1959 Christum

2193 2009 2253 2048 se
2270 2010 2391 2048 esse
2411 1994 2690 2048 fallaciter
2700 1993 3024 2059 afﬁrmabit,
3041 1999 3310 2064 tanquam
3323 1993 3444 2063 ipse
3457 1994 3534 2047 sit
3546 1993 3811 2047 conditor

2194 2082 2471 2148 omnium,
2488 2100 2612 2153 quae
2635 2083 2692 2136 in
2715 2099 2810 2137 sex
2830 2081 3028 2135 diebus
3050 2089 3278 2152 peracta
3295 2083 3617 2143 volvuntur,
3637 2098 3811 2152 seque

2192 2171 2363 2241 alpha
2382 2176 2438 2225 et
2451 2186 2670 2242 omega,
2690 2169 3028 2241 principium
3051 2177 3107 2223 et
3124 2170 3378 2235 finem,et
3398 2171 3576 2224 Deum
3594 2170 3808 2224 scilicet

2189 2263 2322 2313 ante
2337 2261 2624 2326 saecula,et
2632 2259 2917 2314 hominem
2930 2259 3307 2313 mentieturin
3320 2260 3430 2313 ﬁne
3444 2259 3802 2324 saeculorum,

2190 2354 2341 2402 recte
2379 2364 2651 2403 numerus
2680 2347 2873 2402 bestia:
2902 2363 3003 2418 per
3031 2347 3381 2401 intellectum
3410 2352 3795 2418 computatus,

2192 2436 2631 2491 sexcentesimus
2655 2440 2712 2490 et
2749 2436 3130 2506 sexagesimus
3159 2441 3348 2489 sextus
3377 2451 3545 2489 omne
3571 2442 3801 2506 tempus

2190 2524 2317 2578 vitm
2345 2524 2637 2595 praesentis
2666 2524 3167 2595 comprehendens,
3193 2530 3250 2577 et
3272 2523 3560 2578 diabolicae
3580 2524 3800 2577 fraudis

2190 2611 2523 2683 nequitiam,
2558 2617 2614 2666 et
2641 2612 2868 2666 ﬁnalem
2897 2612 3086 2665 saeculi
3114 2611 3424 2666 terminum
3451 2612 3720 2666 ostendit.

2781 2700 3016 2755 CAPUT
3053 2699 3198 2753 XIV.

2255 2790 2324 2843 Et
2352 2791 2487 2856 vidi,
2514 2794 2563 2843 et
2593 2805 2704 2843 ecce
2734 2788 2931 2856 Agnus
2959 2790 3140 2842 stabat
3167 2804 3340 2857 supra
3366 2795 3609 2843 montem
3630 2788 3795 2853 Sion,

2189 2883 2377 2932 etcum
2388 2894 2446 2931 eo
2458 2882 2675 2932 centum
2690 2879 3067 2947 quadraginta
3079 2881 3322 2945 quatuor
3338 2880 3524 2931 millia
3538 2878 3798 2931 habentes

2187 2981 2386 3019 nomen
2414 2968 2548 3033 ejus,
2573 2964 2633 3018 id
2654 2969 2758 3029 est,
2782 2964 3013 3019 Christi.
3039 2965 3106 3018 Et
3134 2980 3334 3019 nomen
3360 2968 3549 3019 Patris
3576 2969 3718 3032 ejus,
3740 2964 3800 3019 id

2187 3057 2292 3117 est,
2308 3051 2410 3105 Dei
2434 3050 2639 3118 Patris,
2657 3053 2928 3119 scriptum
2949 3052 3012 3104 in
3034 3052 3314 3118 frontibus
3337 3055 3473 3105 suis.
3500 3052 3659 3117 Sion,
3674 3068 3803 3124 quae

2185 3139 2598 3211 interpretatur
2625 3138 2953 3211 speculatio,
2976 3139 3225 3193 Ecclesia
3243 3145 3347 3201 est,
3377 3156 3500 3210 quae
3528 3139 3683 3194 bona
3708 3141 3801 3195 fu-

2184 3233 2314 3283 tura
2338 3228 2748 3283 incessabiliter
2767 3228 3201 3298 contemplatur,
3220 3233 3276 3281 et
3301 3245 3425 3298 quae
3448 3228 3624 3283 etiam
3645 3230 3800 3283 mala

2184 3315 2298 3370 sint
2326 3317 2574 3371 cavenda
2600 3316 2918 3370 denuntiat.
2952 3317 3112 3370 Mons
3161 3315 3295 3370 Sion
3335 3316 3476 3370 nihil
3514 3323 3605 3371 est
3639 3317 3798 3371 aliud

2187 3421 2355 3475 quam
2369 3405 2490 3475 ipsa
2503 3405 2634 3459 Sion
2644 3444 2658 3471 ,
2672 3405 2730 3458 id
2746 3410 2832 3458 est
2846 3404 3189 3468 Ecclesia,de
3201 3420 3312 3475 qua
3323 3404 3793 3460 Psalmistadicit:

2185 3495 2362 3547 Mater
2381 3494 2517 3549 Sion
2545 3495 2709 3561 dicet,
2735 3495 2894 3546 homo
2914 3494 3078 3561 (Psal.
3113 3496 3347 3560 Lxxva),
3377 3500 3521 3560 etc.;
3549 3499 3607 3547 et
3634 3493 3791 3559 alibi,

2186 3583 2295 3649 Qui
2307 3584 2590 3648 conﬁdunt
2608 3585 2671 3636 in
2688 3584 2921 3636 Domino
2933 3584 3075 3635 sicut
3090 3598 3252 3635 mons
3265 3582 3398 3637 Sion
3413 3582 3794 3650 (Psal.cxxIv).

2184 3672 2378 3740 Agnus
2394 3675 2585 3724 autem
2597 3670 2853 3725 Christus
2871 3676 2975 3733 est,
2995 3670 3065 3723 de
3086 3686 3197 3740 quo
3211 3670 3457 3724 Joannes
3476 3669 3643 3724 dicit:
3666 3671 3793 3724 Ecce

2183 3757 2378 3826 Agnus
2390 3760 2491 3812 Dei
2502 3760 2684 3825 (Joan.
2702 3761 2764 3828 ι).
2785 3759 2973 3826 Agnus
2992 3760 3172 3812 stabat
3185 3773 3359 3826 supra
3376 3763 3618 3812 montem
3630 3758 3791 3824 Sion,

2186 3846 2321 3917 quia
2346 3846 2466 3917 ipse
2487 3846 2744 3901 Christus
2760 3845 3020 3917 praesidet
3048 3846 3307 3900 Ecclesia;
3323 3862 3459 3901 suae.
3482 3846 3593 3900 Sed
3607 3846 3668 3900 in
3689 3846 3795 3900 hoc

2185 3933 2307 3989 loco
2327 3934 2520 3989 ﬁnitus
2543 3950 2814 3989 numerus
2834 3934 3065 4004 ponitur
3081 3950 3184 4006 pro
3204 3934 3448 4001 inﬁnito,
3466 3933 3523 3987 id
3544 3940 3651 4001 est,
3666 3951 3793 3990 cen-

2186 4027 2310 4078 tum
2344 4022 2721 4093 quadraginta
2759 4026 3002 4092 quatuor
3040 4022 3221 4076 millia
3248 4039 3349 4092 pro
3386 4020 3791 4076 innumerabili

2186 4111 2549 4165 multitudine
2579 4111 2904 4165 electorum.
2950 4108 3286 4180 Specialiter
3313 4126 3445 4163 vero
3472 4110 3564 4163 hic
3586 4126 3797 4163 nume-

2184 4216 2282 4254 rus
2309 4215 2405 4254 eos
2434 4199 2713 4270 significat
2742 4199 2840 4269 qui
2866 4197 3106 4268 virgines
3127 4204 3263 4252 sunt
3291 4203 3351 4251 et
3369 4203 3560 4252 mente
3589 4203 3648 4251 et
3665 4214 3796 4251 cor-

2184 4304 2320 4358 pore
2345 4306 2357 4341 :
2389 4286 2522 4358 quia
2542 4287 2706 4341 multi
2733 4292 2867 4340 sunt
2901 4285 3147 4356 virgines
3178 4301 3429 4356 corpore,
3454 4301 3571 4340 non
3595 4290 3794 4339 tamen

501 4378 726 4431 narium
756 4375 958 4445 surgit,
1000 4374 1162 4445 quasi
1191 4374 1529 4444 quadratum
1558 4374 1855 4428 denarium
1882 4373 2092 4430 reddit.
2117 4365 2168 4424 D
2184 4381 2392 4430 mente.
2417 4377 2562 4431 Nam
2590 4381 2647 4430 et
2674 4375 2797 4447 ipsa
2824 4375 3011 4442 verba,
3038 4375 3243 4447 quibus
3272 4374 3539 4429 dicuntur
3558 4380 3795 4429 centum

502 4464 614 4519 Sed
642 4470 706 4518 ut
735 4463 1026 4529 solidetur,
1058 4477 1286 4515 rursum
1324 4478 1358 4515 a
1393 4468 1549 4516 sexta
1576 4461 1664 4516 sui
1696 4468 1858 4533 parte
1888 4479 2011 4534 quae
2041 4461 2102 4516 in

500 4552 797 4608 denarium
816 4550 1016 4621 surgit,
1035 4549 1108 4604 ad
1127 4549 1513 4604 centenarium
1539 4552 1811 4621 pervenit,
1832 4551 2022 4622 sicque
2041 4550 2101 4606 in

498 4643 619 4699 suis
646 4641 902 4714 partibus
929 4639 1352 4711 multiplicatus,
1386 4645 1675 4695 sexcentos
1713 4645 2091 4700 consummat.

500 4732 611 4789 Sed
638 4731 773 4803 quia
798 4734 999 4785 cuncta
1025 4728 1142 4783 haec
1170 4745 1272 4800 per
1299 4744 1471 4783 sacrae
1494 4728 1795 4799 Scripturae
1814 4728 2096 4784 celsitudi-

496 4835 629 4876 nem
657 4817 1000 4892 proticiendo
1031 4816 1499 4883 transcendimus,
1531 4815 1610 4870 ibi
1661 4816 1970 4882 senarium,
2018 4814 2096 4871 ibi

496 4905 1052 4980 sexagenarium,ibi
1079 4903 1483 4970 centenarium,
1512 4904 1663 4959 unde
1689 4904 1969 4975 perfectus
1993 4920 2098 4959 nu-

496 5010 690 5056 merus
731 4996 824 5064 sit,
871 4993 1208 5050 invenimus.
1238 4993 1304 5048 In
1335 4993 1630 5064 Scriptura
1677 4993 1885 5048 etenim
1934 5009 2097 5047 sacra

494 5100 766 5141 numerus
785 5083 1042 5139 senarius
1070 5082 1197 5136 ideo
1220 5081 1499 5153 perfectus
1519 5087 1623 5148 est,
1651 5081 1783 5152 quia
1807 5082 1868 5136 in
1896 5081 2093 5136 mundi

493 5172 712 5243 origine
733 5171 1024 5239 Dominus,
1047 5187 1117 5226 ea
1136 5186 1259 5241 quae
1284 5170 1465 5241 primo
1493 5170 1585 5224 die
1614 5170 1805 5241 cepit,
1825 5177 1980 5225 sexto
2000 5171 2091 5225 die

493 5276 662 5333 opere
672 5259 987 5331 complevit,
1001 5275 1128 5315 cum
1146 5258 1452 5325 hominem,
1466 5263 1695 5329 propter
1707 5275 1872 5330 quem
1891 5266 2092 5314 cuncta

489 5357 794 5417 creaverat,
819 5350 891 5405 ad
908 5349 1216 5419 imaginem
1236 5364 1398 5402 suam
1417 5346 1567 5401 fecit.
1597 5348 1872 5402 Denarius
1894 5364 2088 5404 nume-

487 5456 587 5497 rus
609 5439 671 5494 in
699 5456 765 5494 eo
792 5437 1070 5510 perfectus
1099 5442 1204 5501 est,
1229 5435 1360 5505 quia
1387 5435 1476 5489 lex
1502 5435 1563 5489 in
1582 5434 1776 5490 decem
1795 5436 2086 5508 praeceptis

487 5524 860 5596 concluditur,
882 5522 1179 5596 omnisque
1199 5522 1363 5595 culpa
1382 5537 1494 5578 non
1524 5523 1767 5595 amplius
1793 5540 1962 5597 quam
1985 5540 2089 5596 per

2184 4465 2559 4537 quadraginta
2588 4471 2834 4535 quatuor
2861 4464 3040 4518 millia
3075 4481 3203 4518 cum
3234 4463 3472 4518 Domino
3496 4463 3633 4529 visa,
3673 4478 3795 4518 non

2182 4558 2377 4608 carent
2430 4552 2718 4623 mysterio.
2781 4552 3149 4607 Centenarius
3198 4551 3352 4605 enim
3404 4566 3677 4605 numerus
3728 4551 3795 4605 in

2182 4641 2371 4696 divina
2421 4641 2715 4711 Scriptura
2771 4655 2918 4712 sape
2944 4640 3226 4711 perfectus
3255 4638 3592 4703 ostenditur,
3634 4638 3795 4692 unde

2180 4734 2313 4783 est:
2353 4729 2528 4783 Terra
2575 4728 2722 4782 bona
2773 4728 2906 4783 fecit
2957 4729 3201 4783 fructum
3256 4726 3613 4797 centuplum,
3635 4726 3796 4797 quod

2179 4817 2394 4872 scilicet
2454 4816 2526 4870 ad
2577 4816 2910 4886 virginalem
2968 4816 3254 4887 pertinere
3319 4815 3592 4886 probatur
3648 4831 3793 4885 per-

2177 4905 2498 4960 fectionem.
2531 4904 2880 4975 Rursusque,
2926 4905 3109 4958 Homo
3147 4904 3379 4975 quidam
3428 4901 3628 4958 habuit
3660 4919 3801 4958 cen-

2175 5000 2299 5050 tum
2329 5008 2478 5048 oves.
2510 4993 2633 5058 Quo
2658 4993 2717 5047 in
2748 4993 2868 5047 loco
2895 5008 3123 5047 summa
3148 4993 3482 5063 angelorum
3509 4997 3567 5046 et
3596 4992 3795 5047 homi-

2175 5098 2313 5138 num
2341 5081 2698 5152 intelligitur,
2746 5086 2975 5137 centum
3016 5081 3223 5153 quippe
3261 5097 3391 5135 oves
3416 5081 3568 5137 Deus
3598 5081 3798 5136 omni-

2175 5176 2375 5242 potens
2405 5170 2622 5233 habuit,
2659 5170 2794 5241 quia
2836 5170 3168 5241 angelorum
3196 5174 3256 5224 et
3296 5168 3590 5223 hominum
3618 5174 3801 5223 natu-

2173 5275 2299 5313 ram
2328 5258 2400 5312 ad
2429 5275 2490 5313 se
2522 5258 2824 5313 videndum
2860 5259 3089 5326 creavit,
3121 5264 3180 5313 et
3221 5258 3449 5324 iterum,
3500 5258 3612 5325 Qui
3662 5262 3804 5312 reti.

2168 5350 2350 5419 querit
2381 5349 2610 5402 domum
2646 5352 2695 5401 et
2726 5350 2951 5415 fratres,
2984 5353 3303 5418 etc.,usque
3333 5346 3667 5415 Gentuplum
3697 5362 3801 5401 ac-

2168 5430 2356 5504 cipiet,
2384 5441 2433 5490 et
2460 5439 2635 5490 vitam
2670 5441 2935 5491 aeternam
2952 5436 3267 5505 possidebit.
3290 5433 3797 5504 Quadragenarius

2170 5539 2392 5597 quoque
2417 5540 2692 5581 numerus
2723 5524 2784 5581 in
2808 5524 3082 5597 mysterio
3110 5530 3200 5581 est
3219 5520 3604 5588 consecratus;
3634 5524 3797 5582 unde
