4006 6164
232 246 384 305 1105

1168 249 1550 308 EXPOSITIO
1594 252 1671 307 IN
1697 250 2225 308 APOCALYPSIN.
2269 283 2333 293 —
2366 253 2509 319 LIB,
2538 252 2634 309 IV.

3382 255 3519 315 1106

233 380 295 428 et
312 374 436 445 ipse
456 373 727 429 Dominus
742 373 1119 444 quadraginta
1141 373 1338 430 diebus
1356 377 1654 447 jejunavit,
1687 377 1833 432 sicut
1846 379 1899 438 Α
1920 375 2324 447 pertinent,qui
2345 384 2401 434 et
2419 373 2814 451 praedicatores
2830 379 3124 448 exsistunt,
3150 387 3213 437 ut
3231 383 3350 455 ipse
3364 385 3518 441 scili-

232 462 375 532 olim
412 462 661 518 fecerant
692 461 915 533 Moyses
945 468 1002 517 et
1017 462 1425 518 Elias.Constat
1445 467 1596 520 enim
1618 483 1683 520 ex
1704 483 1838 537 qua-

227 550 487 603 ternario
518 559 576 603 et
598 549 847 603 denario.
881 549 1287 613 Quaternarius
1326 558 1578 606 sacratus
1607 558 1695 608 est
1712 570 1838 625 pro-

228 641 368 707 pter
393 644 636 709 quatuor
663 638 898 692 flumina
920 639 1186 708 paradisi,
1206 639 1323 694 sive
1344 646 1574 713 propter
1592 647 1835 713 quatuor

226 723 410 780 libros
463 727 767 797 Evangelii,
801 727 886 780 vel
944 732 1174 798 propter
1220 734 1464 799 quatuor
1510 731 1832 787 notissimas

227 815 432 869 mundi
460 820 667 886 partes,
708 816 823 869 sive
851 815 1023 869 etiam
1068 821 1299 888 propter
1322 823 1567 889 quatuor
1595 819 1830 876 virtutes

221 904 873 975 principales.Denarius
899 921 1122 976 quoque
1150 905 1412 961 similiter
1426 913 1512 963 est
1540 925 1829 964 consecra-

220 996 585 1063 tus,propter
610 992 803 1046 decem
829 993 971 1063 legis
996 1000 1294 1065 praecepta.
1311 996 1468 1050 Tunc
1497 997 1831 1068 decalogum

224 1080 374 1152 legis
390 1081 868 1152 perﬁcimus,cum
889 1085 1133 1152 quatuor
1152 1082 1324 1138 libros
1342 1084 1624 1156 Evangelii
1639 1086 1698 1140 in
1720 1087 1829 1142 ﬁde

221 1174 285 1223 et
336 1169 664 1240 operatione
692 1168 1058 1224 custodimus.
1094 1170 1442 1226 Millenarius
1463 1173 1631 1227 etiam
1679 1191 1825 1246 saepe

217 1273 327 1328 pro
352 1257 693 1329 perfectione
722 1257 804 1312 rei
833 1258 902 1312 de
932 1274 1044 1329 qua
1074 1258 1694 1331 agitur,ponitur,unde
1715 1268 1819 1329 est,

114 1336 121 1341 ’
224 1343 407 1398 Verbi
434 1344 583 1416 quod
613 1345 898 1399 mandavit
935 1345 993 1417 in
1034 1345 1185 1399 mille
1230 1349 1643 1417 generationes.
1679 1350 1818 1404 Cum

218 1433 377 1488 enim
398 1435 741 1488 credendum
755 1435 831 1489 sit
852 1416 1000 1505 quod
1023 1451 1377 1506 nequaquam
1406 1453 1584 1507 usque
1602 1437 1674 1492 ad
1695 1455 1822 1492 cen-

216 1527 346 1577 tum
365 1523 758 1593 generationes
771 1523 1016 1578 mundus
1029 1524 1380 1589 extendatur,
1413 1526 1547 1596 quid
1575 1526 1727 1580 aliud
1756 1527 1819 1581 in

1917 468 2007 518 cet
2031 466 2276 521 Joannes
2305 473 2362 522 et
2400 468 2631 535 Paulus,
2676 470 2772 541 qui
2802 470 2980 525 dicit:
3023 473 3142 525 Volo
3183 489 3368 528 omnes
3410 492 3517 530 esse

1916 556 2057 607 sicut
2083 558 2352 623 meipsum
2384 559 2439 626 (Ι
2461 558 2585 615 Cor.
2616 558 2739 624 vn),
2777 559 2985 613 idcirco
3006 560 3233 615 dicitur:
3282 563 3348 616 Et
3396 568 3517 618 tan-

1916 657 2086 709 quam
2112 659 2289 697 rocem
2321 648 2564 700 tonitrui
2587 650 2781 714 magni
2794 647 2930 718 .Ipsi
2952 664 3173 720 quoque
3191 655 3325 704 sunt
3345 650 3518 707 citha-

1914 729 2369 792 rmdi,imitantes
2391 734 2612 788 Domini
2631 734 2718 788 sui
2749 734 3226 805 passionem,nam
3244 738 3408 806 (sicut
3422 755 3516 795 su-
3578 808 3581 809 ν

1910 818 2225 888 pradictum
2257 824 2362 889 est)
2385 819 2443 874 in
2469 821 2684 875 cithara
2703 826 2786 875 est
2816 821 3115 892 lignum,et
3134 829 3268 878 sunt
3284 826 3512 883 chordae

1909 906 2129 961 diverso
2158 909 2324 963 modo
2352 914 2546 965 tensae.
2563 911 2806 981 Lignum
2823 910 2948 964 hoc.
2966 911 3180 981 lignum
3199 918 3286 968 est
3315 914 3510 970 Domi-

1910 994 2048 1049 nica
2066 997 2361 1067 passionis,
2383 998 2471 1052 vel
2488 999 2685 1054 crucis.
2707 998 2883 1053 Porro
2911 999 3131 1055 chordae
3151 1001 3351 1057 devota
3377 1009 3511 1058 sunt

1910 1084 2080 1138 corda
2105 1091 2452 1156 sanctorum,
2483 1087 2579 1158 qui
2625 1087 2914 1141 imitantes
2960 1093 3018 1141 et
3044 1089 3353 1144 recolentes
3380 1093 3506 1162 ejus

1908 1171 2246 1241 passionem,
2290 1175 2630 1229 mortiﬁcant
2662 1191 2723 1228 se
2760 1191 2886 1229 cum
2933 1175 3087 1230 vitiis
3126 1182 3185 1231 et
3211 1179 3508 1250 concupis-

1907 1260 2512 1332 centiis,adimplentes
2533 1279 2600 1317 ea
2616 1279 2740 1334 quae
2753 1263 2959 1317 desunt
2976 1264 3330 1334 passionibus
3350 1266 3507 1323 Chri-

1904 1348 1997 1411 sti,
2019 1349 2079 1402 in
2104 1365 2337 1420 corpore
2358 1367 2487 1408 suo.

1974 1438 2040 1491 Et
2067 1440 2369 1493 cantabant
2398 1442 2561 1507 quasi
2577 1443 2858 1494 canticum
2882 1457 3086 1495 novum
3105 1447 3233 1496 ante
3254 1445 3430 1498 sedem
3452 1450 3502 1500 et

1903 1530 2030 1580 ante
2050 1526 2304 1594 quatuor
2329 1531 2609 1582 animalia
2630 1535 2681 1583 et
2710 1530 3272 1584 seniores.Canticum
3293 1547 3502 1587 novum

214 1611 377 1665 mille
402 1612 864 1682 generationibus
901 1611 1010 1666 nisi
1034 1613 1465 1682 generationum
1485 1614 1820 1669 universitas
1844 1689 1855 1691 ᾼ
1902 1620 2130 1669 cantare
2157 1620 2244 1669 est
2266 1615 2335 1670 de
2352 1616 2677 1687 incorrupta
2699 1617 2904 1671 mentis
2925 1622 2982 1671 et
3001 1619 3250 1688 corporis
3270 1619 3504 1691 integri-

210 1699 592 1770 designatur?
621 1701 780 1755 Unde
802 1704 857 1755 et
893 1701 952 1753 in
973 1700 1078 1755 hac
1103 1701 1441 1772 Apocalypsi
1470 1702 1651 1756 sancti
1682 1720 1811 1758 cum
1835 1689 2014 1757 Btate
2038 1703 2306 1773 gaudere.
2339 1704 2449 1758 Sed
2486 1720 2613 1759 cum
2643 1705 2750 1776 ipsi
2788 1705 2903 1759 sint
2942 1706 3122 1771 sedes,
3158 1712 3214 1760 et
3245 1689 3491 1777 quatuor

213 1788 444 1842 Christo
464 1788 619 1842 mille
647 1789 810 1843 annis
839 1789 1104 1843 dicuntur
1131 1790 1533 1861 regnaturi,_id
1563 1796 1818 1857 est,sem-

216 1893 324 1946 per
343 1882 402 1930 et
417 1878 609 1932 omnia
628 1879 818 1932 futura
838 1884 1114 1949 tempora.
1138 1879 1201 1933 In
1224 1880 1328 1933 hoc
1347 1879 1539 1951 itaque
1555 1897 1809 1947 numero,

210 1969 279 2019 ut
307 1965 522 2020 dictum
543 1972 649 2032 est,
679 1983 901 2021 summa
928 1983 1123 2022 eorum
1144 1968 1496 2039 exprimitur,
1530 1970 1626 2040 qui
1648 1970 1814 2040 virgi-

208 2069 317 2108 nes
349 2060 483 2110 sunt
509 2061 700 2110 mente
728 2060 785 2110 et
802 2072 1055 2127 corpore.
1077 2057 1320 2129 Ideoque
1341 2057 1812 2113 considerandum

208 2144 506 2214 est,.quia,
532 2145 579 2198 si
610 2149 769 2199 tanta
799 2161 994 2199 eorum
1035 2147 1414 2201 numerositas
1440 2147 1548 2202 erit
1576 2147 1672 2219 qui
1696 2147 1810 2201 vir-

203 2232 508 2303 ginitatem
536 2240 918 2300 servaverunt,
950 2239 1015 2288 ut
1041 2235 1285 2289 Joannes
1307 2241 1365 2289 et
1392 2236 1807 2303 Paulus,multo

202 2321 403 2392 plures
433 2326 599 2377 erunt
617 2326 675 2376 et
709 2323 897 2377 caeteri
927 2323 1128 2381 sancti.
1144 2325 1265 2388 Quo
1285 2325 1345 2378 in
1364 2326 1487 2379 loco
1510 2326 1682 2379 etiam
1702 2327 1808 2380 hoc

204 2410 707 2481 notandum,quod
722 2412 778 2465 hi
799 2428 972 2483 supra
1001 2418 1251 2466 montem
1283 2413 1417 2468 Sion
1447 2418 1599 2468 stare
1618 2414 1810 2469 dicun-

200 2503 322 2564 tur,
354 2515 484 2553 cum
531 2500 639 2570 ipsi
681 2500 796 2555 sint
839 2517 999 2555 mons
1045 2500 1201 2566 Sion,
1229 2502 1362 2572 quia
1390 2502 1651 2557 videlicet
1697 2504 1806 2559 nisi

202 2589 336 2659 quis
360 2589 531 2643 etiam
561 2605 734 2660 supra
766 2589 1132 2661 semetipsum
1161 2591 1497 2657 ascenderit,
1526 2592 1595 2646 de
1622 2592 1805 2647 bestia

199 2692 320 2730 non
347 2676 811 2747 triumphabitJn
841 2694 1048 2749 magna
1069 2680 1220 2733 enim
1251 2679 1454 2734 mentis
1471 2680 1803 2734 celsitudine

200 2770 359 2818 stare
387 2763 573 2830 debet,
608 2765 704 2836 qui
733 2769 932 2820 contra
958 2766 1149 2821 saeculi
1172 2767 1482 2840 principem
1514 2773 1798 2823 certamen

197 2852 413 2906 inierit.
442 2854 781 2908 Intuendum
807 2854 979 2909 etiam
1005 2857 1154 2927 quod
1174 2857 1370 2927 Agnus
1396 2857 1488 2910 hic
1506 2862 1658 2912 stare
1678 2874 1802 2929 per-

200 2940 453 3005 hibetur,
474 2959 606 2996 cum
633 2942 815 2997 Lucas
843 2943 913 2998 de
941 2961 1007 2999 eo
1033 2944 1213 3000 dicat:
1242 2947 1513 3000 Dominus
1530 2950 1686 3001 Jesus
1715 2963 1801 3000 as-

1897 1790 2184 1856 animalia,
2219 1796 2277 1845 et
2303 1791 2574 1857 seniores,
2608 1793 2745 1863 quid
2774 1799 2861 1846 est
2888 1793 3037 1863 quod
3063 1798 3196 1847 ante
3223 1795 3416 1850 sedem
3438 1799 3497 1850 et

1897 1883 2140 1948 quatuor
2167 1879 2435 1934 animalia
2453 1887 2512 1935 et
2526 1881 2774 1935 seniores
2789 1886 3017 1936 cantare
3034 1882 3299 1937 dicuntur
3310 1883 3335 1936 Ἰ
3346 1883 3493 1948 Quia

1894 1967 2152 2022 videlicet
2168 1984 2393 2039 semper
2411 1974 2542 2023 ante
2565 1986 2625 2023 se
2645 1970 2980 2035 consistunt,
3013 1970 3275 2042 quinulla
3296 1988 3488 2027 rerum

1893 2056 2250 2110 mutabilium
2286 2056 2558 2112 varietate
2606 2074 2640 2112 a
2663 2059 3137 2130 contemplatione
3168 2060 3488 2115 Conditoris

1892 2144 2109 2199 animos
2138 2145 2525 2203 reﬂectunt.Et
2551 2162 2707 2201 nemo
2730 2153 2946 2216 poterat
2975 2150 3154 2202 dicere
3179 2152 3484 2217 canticum,

1890 2232 1949 2287 id
1977 2239 2082 2300 est,
2111 2249 2276 2288 nemo
2307 2239 2532 2305 poterat
2561 2235 2810 2305 gaudere
2834 2236 2904 2290 de
2925 2236 3255 2306 incorrupta
3279 2238 3486 2292 mentis

1891 2327 1949 2376 et
1975 2323 2224 2393 corporis
2254 2322 2724 2393 virginitateJVisi
2746 2328 2849 2379 illa
2862 2330 3079 2379 centum
3110 2327 3490 2395 quadraginta

1890 2418 2131 2482 quatuor
2148 2416 2230 2467 mi
2235 2414 2475 2479 llia,non
2490 2413 2694 2468 Petrus
2705 2414 2933 2478 scilicet,
2961 2431 3073 2469 non
3093 2415 3238 2471 alius
3254 2416 3491 2487 quilibet

1887 2501 2175 2573 apostolus
2203 2500 2546 2556 connubium
2572 2507 2853 2574 expertus.
2881 2504 3028 2557 Nam
3045 2508 3103 2557 et
3124 2504 3180 2557 in
3209 2504 3330 2576 ipso
3357 2522 3490 2560 con-

1881 2590 2037 2660 jugio
2066 2595 2356 2661 peccatum
2385 2591 2686 2644 Psalmista
2708 2591 3045 2656 considerat,
3076 2591 3270 2646 dicens
3299 2610 3313 2646 :
3351 2594 3484 2648 Ecce

1884 2681 2034 2732 enim
2066 2679 2454 2746 iniquitatibus
2486 2684 2772 2746 conceptus
2791 2677 3017 2745 sum,'et
3059 2682 3123 2734 in
3156 2681 3370 2735 delictis
3394 2698 3484 2751 pe-

1874 2769 2024 2834 perit
2044 2783 2129 2820 me
2149 2772 2328 2820 mater
2356 2783 2477 2821 mea
2503 2768 2672 2827 (Psal.
2706 2770 2779 2833 ι).
2808 2767 3004 2821 Dicere
3042 2772 3236 2823 tamen
3278 2785 3483 2840 possu-

1882 2871 2026 2921 mus,
2061 2856 2210 2926 quod
2238 2855 2511 2910 veraciter
2547 2855 2833 2910 afﬁrmare
2862 2872 2977 2910 non
3030 2857 3325 2923 audemus,
3349 2859 3483 2929 quia

1880 2960 1995 2998 non
2021 2959 2218 2999 omnes
2244 2945 2489 3015 virgines
2517 2945 2577 2999 in
2605 2943 2703 2998 illo
2743 2943 2906 3000 beato
2934 2961 3110 3015 regno
3140 2947 3480 3018 conjugatos

195 3031 386 3085 vendit
414 3035 477 3085 in
507 3035 777 3095 calum,ct
791 3034 931 3087 sedet
954 3050 990 3087 a
1009 3035 1218 3087 dextris
1238 3036 1337 3088 Dei
1358 3037 1501 3105 (Act.
1533 3038 1594 3104 ι).
1637 3036 1798 3091 Unde
1817 3046 1860 3106 ο
1883 3033 2223 3104 praecedunt,
2249 3033 2348 3087 sed
2363 3033 2422 3087 hi
2452 3032 2786 3104 specialiter,
2812 3034 2909 3104 qui
2935 3038 2993 3088 et
3012 3034 3125 3088 vita
3144 3040 3201 3089 et
3225 3035 3480 3091 moribus

197 3119 492 3173 sciendum
514 3120 647 3191 quia
660 3121 875 3187 sedere,
907 3123 1198 3193 regnantis
1226 3128 1314 3178 est
1341 3124 1425 3178 vel
1448 3124 1755 3195 judicantis
1780 3142 1793 3178 :

195 3214 353 3262 stare
381 3224 531 3274 vero,
568 3209 873 3264 laborantis
897 3212 982 3264 vel
1011 3212 1288 3281 juvantis.
1323 3213 1467 3276 Quia
1495 3230 1629 3283 ergo
1671 3218 1799 3284 post

193 3297 477 3352 devictam
505 3303 744 3353 mortem
765 3298 988 3354 Christo
1006 3301 1321 3371 resurgenti
1348 3318 1382 3355 a
1406 3303 1644 3357 mortuis
1663 3302 1796 3357 data

194 3392 285 3440 est
312 3391 562 3457 potestas
588 3387 647 3441 in
672 3389 810 3443 coelo
840 3394 897 3443 et
918 3394 976 3443 in
1004 3394 1176 3450 terra,
1195 3390 1324 3460 jure
1346 3406 1474 3445 eum
1495 3391 1674 3445 Lucas
1702 3408 1793 3446 se-

191 3474 333 3529 dere
351 3475 659 3531 dicit.Hinc
687 3477 859 3531 etiam
881 3483 938 3532 et
965 3478 1284 3547 Stephanus
1304 3478 1454 3533 inter
1479 3496 1679 3535 manus
1707 3480 1793 3534 la-

192 3563 517 3634 pidantium
540 3565 774 3636 positus,
806 3566 1033 3621 intuens
1070 3566 1130 3619 in
1183 3567 1407 3632 cmlum,
1446 3567 1615 3622 dixit:
1664 3569 1793 3622 Ecce

189 3654 350 3707 video
377 3656 527 3708 catos
556 3659 789 3723 apertos,
820 3660 869 3708 et
895 3657 1081 3709 Jesum
1109 3660 1347 3709 stantem
1374 3672 1410 3709 a
1436 3657 1644 3710 dextris
1672 3660 1793 3711 vir-

190 3744 334 3795 tutis
362 3743 458 3796 Dei
495 3740 638 3813 (Act.
668 3746 792 3812 vn).
833 3744 998 3798 Stant
1026 3760 1249 3815 quoque
1290 3760 1417 3798 cum
1461 3744 1558 3798 illo
1600 3745 1785 3811 electi,

187 3831 330 3902 quia
357 3830 615 3886 laborant
641 3832 699 3886 in
727 3833 990 3904 praesenti
1008 3834 1142 3899 vita,
1159 3839 1217 3886 et
1243 3832 1299 3886 in
1329 3832 1636 3887 certamine
1655 3839 1790 3888 sunt

184 3919 502 3976 constituti.
534 3922 800 3977 Habentes
829 3938 1029 3976 nomen
1075 3924 1212 3991 ejus,
1243 3927 1293 3976 et
1344 3938 1545 3976 nomen
1602 3925 1787 3977 Patris

183 4012 308 4077 ejus
335 4012 605 4078 scriptum
634 4014 698 4064 in
734 4012 1014 4079 frontibus
1062 4014 1199 4065 suis.
1232 4012 1359 4066 Non
1383 4011 1652 4066 debemus
1682 4012 1786 4066 hoc

183 4097 497 4152 carnaliter
514 4098 850 4170 intelligere,
876 4100 1025 4171 quod
1073 4100 1287 4155 scilicet
1335 4100 1581 4155 habeant
1607 4100 1785 4172 picta-

182 4185 333 4239 ciola
356 4186 635 4243 frontibus
663 4189 781 4242 suis
827 4188 1231 4260 circumligata,
1265 4190 1324 4243 in
1348 4189 1549 4260 quibus
1579 4190 1652 4244 sit
1678 4207 1785 4245 no-

182 4291 322 4330 men
347 4276 495 4346 Agni
520 4277 608 4331 vel
623 4276 805 4332 Patris
830 4279 950 4348 ejus
972 4278 1264 4350 scriptum,
1293 4279 1393 4333 sed
1410 4279 1470 4333 in
1491 4279 1607 4334 suis
1635 4279 1784 4334 fron-

1881 3128 1939 3176 et
1975 3127 2258 3177 tormento
2288 3121 2583 3192 passionis,
2606 3121 2925 3193 virginitate
2945 3122 3177 3194 insuper
3197 3124 3481 3179 custodita

1878 3215 2244 3282 comquantur
2268 3210 2615 3282 martyribus
2638 3211 3151 3281 conjugatis.Verbi
3177 3212 3399 3282 gratia:
3428 3212 3478 3268 si

1875 3301 2119 3355 Joannes
2147 3299 2434 3371 apostolus
2452 3299 2509 3354 in
2530 3316 2694 3354 cruce
2712 3300 2914 3355 fuisset
2930 3300 3146 3354 levatus
3165 3306 3231 3355 ut
3249 3301 3474 3359 Petrus.

1876 3388 1924 3442 si
1952 3405 2145 3442 verum
2176 3393 2263 3442 est
2277 3388 2428 3458 quod
2456 3388 2526 3442 de
2555 3388 2722 3442 Petro
2742 3387 3030 3454 dicitur,id
3060 3393 3147 3443 est
3171 3389 3321 3460 quod
3344 3406 3478 3445 uxo-

1875 3492 1994 3530 rem
2040 3476 2320 3542 habuerit,
2360 3477 2558 3547 utique
2608 3478 2954 3547 praecelleret
2994 3493 3143 3543 eum,
3186 3477 3319 3549 quia
3374 3478 3473 3533 ille

1876 3566 2050 3635 virgo,
2081 3564 2171 3619 hic
2192 3581 2321 3618 vero
2351 3571 2502 3618 esset
2527 3581 2642 3619 non
2670 3550 2850 3634 virgo.
2875 3565 3035 3619 Unde
3062 3581 3165 3619 nec
3186 3566 3471 3620 canticum

1872 3653 2011 3707 illud
2040 3653 2227 3707 dicere
2253 3669 2382 3706 cum
2412 3652 2756 3717 Joanne,nec
2783 3654 3006 3721 Agnum
3027 3668 3364 3722 quocunque
3383 3652 3469 3707 ie-

1870 3741 1963 3807 rit,
1993 3746 2179 3812 potest
2197 3740 2373 3811 sequi.
2398 3740 2505 3807 Qui
2531 3743 2702 3809 empti
2728 3745 2865 3794 sunt
2889 3741 2953 3793 de
2977 3744 3149 3796 terra.
3180 3741 3304 3805 Quo
3332 3758 3467 3812 pre-

1869 3830 1995 3884 tio?
2031 3830 2237 3900 Utique
2265 3829 2510 3900 pretioso
2535 3828 2809 3899 sanguine
2825 3828 3061 3894 Christi,
3087 3830 3252 3900 cujus
3273 3830 3467 3886 amore

1867 3925 2001 3974 sunt
2024 3919 2237 3973 elevati'
2260 3934 2296 3971 a
2320 3923 2494 3981 terra,
2524 3922 2581 3972 et
2601 3917 2820 3972 caelibes
2846 3917 3050 3973 effecti.
3462 3932 3463 3935 ‘

1938 4011 2014 4065 Hi
2034 4015 2167 4063 sunt
2183 4011 2283 4077 qui
2300 4025 2427 4062 cum
2444 4010 2777 4062 mulieribus
2805 4024 2919 4061 non
2935 4014 3068 4062 sunt
3083 4010 3458 4078 coinquinati,

1864 4099 1922 4153 id
1949 4102 2053 4164 est,
2088 4113 2202 4152 non
2217 4100 2352 4151 sunt
2375 4096 2575 4167 polluti
2601 4101 2659 4150 et
2681 4096 2950 4151 maculati
2980 4112 3106 4151 cum
3131 4096 3464 4151 mulieribus

1865 4195 2054 4241 mente
2074 4192 2132 4241 et
2168 4184 2578 4257 corpore.Nihil
2607 4186 2757 4240 enim
2785 4186 3015 4257 prodest
3048 4201 3172 4240 esse
3189 4184 3463 4257 virginem

1864 4291 2116 4347 corpore,
2160 4274 2210 4328 si
2246 4273 2544 4345 contigerit
2571 4279 2759 4328 mente
2787 4282 3115 4346 corruptum
3136 4274 3464 4346 quempiam

181 4364 338 4419 tibus
367 4381 573 4420 nomen
603 4367 747 4437 Agni
778 4372 835 4420 et
858 4368 1043 4422 Patris
1072 4349 1321 4438 portant,
1346 4384 1585 4440 quorum
1613 4368 1781 4423 fidem
1800 4349 2005 4429 I)esse,
2046 4366 2290 4431 Virgines
2327 4366 2479 4416 enim
2532 4367 2685 4418 sunt.
2716 4360 2998 4434 Ideoque:
3037 4364 3111 4418 Hi
3147 4369 3464 4432 sequuntur

178 4460 402 4521 tenent,
440 4460 499 4509 et
525 4455 788 4526 Operibus
816 4460 1039 4513 ornant.
1073 4458 1143 4523 Et
1171 4457 1306 4528 quia
1332 4457 1392 4511 in
1419 4457 1649 4511 nomine
1678 4459 1781 4511 Pa-

176 4543 288 4598 tris
308 4550 366 4598 et
378 4544 507 4598 Filii
537 4545 850 4615 signantur,
876 4549 933 4599 et
960 4545 1067 4600 hoc
1093 4545 1254 4617 signo
1284 4546 1467 4601 crucis
1496 4546 1567 4601 ab
1596 4547 1779 4601 omni—

176 4633 288 4688 bus
309 4638 541 4688 tuentur
567 4634 819 4688 adversis
833 4679 845 4691 .

247 4723 320 4776 Et
341 4724 540 4777 audivi
555 4739 734 4778 vocem
768 4725 833 4778 de
851 4727 976 4779 calo
998 4730 1268 4793 tanquam
1295 4742 1473 4780 vocem
1500 4740 1782 4794 aquarum

174 4814 571 4877 multarum,et
585 4817 1042 4882 tanquamrocem
1056 4816 1296 4868 tonitrui
1306 4815 1590 4882 magni.Et
1603 4830 1783 4868 vocem

173 4915 349 4968 quam
396 4901 608 4967 audivi,
657 4904 801 4956 sicut
842 4903 1270 4958 cithar-(edorum
1313 4904 1773 4957 citharizantium

172 4991 237 5041 in
266 4989 502 5043 citharis
529 4991 887 5046 suis.Coslum
914 4991 1201 5063 enimipsa
1219 4997 1306 5046 est
1330 4991 1768 5062 Ecclesia,quam

170 5076 245 5132 ob
275 5093 508 5132 causam
538 5083 596 5133 et
623 5079 703 5133 illi
716 5080 813 5151 qui
841 5097 969 5135 cum
990 5082 1149 5151 Agno
1177 5081 1773 5151 sedent,ipsisuntcm-

166 5166 392 5222 lum.Et
418 5168 555 5239 quia
570 5169 731 5222 multi
754 5186 855 5240 per
882 5169 1110 5224 Domini
1140 5168 1579 5223 misericordiam
1610 5168 1774 5238 virgi-

167 5271 274 5309 nes
298 5271 367 5309 ex
394 5254 656 5310 omnibus
678 5256 943 5325 gentibus
974 5263 1105 5312 sunt
1125 5256 1652 5327 colligendi,idcirco
1676 5273 1775 5311 eo-

165 5360 299 5398 rum
336 5360 441 5397 vox
471 5343 670 5399 similis
698 5346 819 5400 voci
872 5363 1150 5417 aquarum
1181 5346 1488 5400 multarum
1532 5346 1762 5404 dicitur.

164 5435 345 5504 Aquae
375 5432 528 5487 enim
561 5435 771 5499 multae,
803 5439 868 5488 ut
919 5435 1071 5489 idem
1108 5433 1359 5489 Joannes
1392 5433 1545 5498 dicit,
1581 5433 1773 5504 populi

165 5522 336 5577 multi
354 5523 586 5578 sunt.Et
605 5524 738 5599 quia
757 5523 929 5582 etiam
947 5525 1091 5579 tales
1110 5524 1182 5580 ad
1196 5539 1495 5585 numerum
1513 5521 1772 5603 judicum

1861 4454 2086 4522 Agnum
2118 4468 2438 4522 quocunque
2464 4454 2616 4516 ierit,
2639 4452 2695 4506 id
2713 4457 2817 4519 est,
2850 4452 3149 4506 imitantur
3174 4452 3464 4508 illum.Se-

1862 4543 1958 4614 qui
1983 4542 2133 4596 enim
2166 4540 2474 4607 Christum,
2494 4540 2708 4595 imitari
2735 4546 2838 4595 est.
2870 4540 3033 4595 Unde
3055 4547 3113 4594 et
3139 4541 3259 4611 ipse
3296 4540 3459 4608 dicitj:

1864 4634 1972 4700 Qui
1995 4634 2140 4685 mihi
2166 4632 2566 4695 ministrat,me
2594 4635 2859 4698 sequatur
2877 4629 3247 4697 (Joan.xn),id
3260 4633 3346 4682 est
3368 4644 3461 4682 me

1862 4718 2472 4789 imitetur.Sequuntur
2493 4717 2587 4770 isti
2606 4716 3227 4787 Christum,quia,sicut
3241 4715 3335 4769 ille
3347 4715 3461 4768 vir-

1862 4827 1953 4881 go,
1978 4809 2059 4864 ita
2078 4814 2135 4862 et
2153 4808 2247 4861 isti
2262 4806 2641 4875 virginitatem
2660 4804 3080 4858 custodiunt.Et
3098 4802 3229 4873 quia
3246 4818 3378 4857 eum
3398 4802 3460 4857 in

1864 4898 2125 4970 praesenti
2137 4912 2250 4967 prae
2269 4894 2486 4949 caeteris
2497 4910 2714 4964 sequun
2722 4893 2898 4959 tur,in
2918 4892 3108 4946 futuro
3121 4891 3461 4946 familiarius

1857 4985 2568 5053 adhaarebunt.Sequentur
2596 4998 2819 5052 quoque
2847 4980 3007 5035 illum
3029 4981 3218 5036 caeteri
3239 4981 3460 5058 ﬁdeles,

1855 5076 1951 5148 qui
1969 5075 2349 5146 virginitatem
2373 5071 2622 5142 corporis
2645 5071 3097 5135 amiserunt,non
3117 5087 3459 5145 quocunque

1854 5166 1951 5220 ille
1981 5164 2130 5230 ierit,
2158 5162 2256 5217 sed
2287 5175 2622 5232 quocunque
2650 5159 2759 5231 ipsi
2788 5159 3092 5231 potuerint.
3111 5160 3247 5225 Quae
3287 5161 3462 5217 etiam

1854 5253 2159 5309 multitudo
2179 5256 2525 5315 sanctorum,
2559 5249 2664 5303 etsi
2696 5264 2810 5302 non
2835 5248 3043 5320 poterit
3072 5248 3259 5305 dicere
3278 5250 3463 5306 canti-

1852 5359 1981 5398 cum
2012 5342 2175 5405 illud,
2199 5341 2396 5395 audire
2424 5345 2617 5394 tamen
2636 5338 2847 5410 poterit
2865 5345 2924 5393 ct
2944 5339 3326 5395 condelectari
3348 5344 3465 5393 tam

1853 5430 2145 5488 excellenti
2158 5429 2406 5484 donoJli
2416 5431 2717 5497 emptisunt
2729 5445 2794 5483 ea:
2808 5431 3067 5484 omnibus
3080 5431 3345 5498 primitia
3358 5428 3465 5480 Deo

1855 5528 1907 5579 et
1937 5523 2113 5591 Agna.
2150 5520 2312 5579 Sicut
2326 5519 2477 5585 enim
2495 5534 2569 5575 ex
2589 5520 2768 5579 multo
2785 5536 2960 5599 grege
2975 5518 3220 5597 optimus
3238 5514 3467 5595 eligitur
