4048 6172
510 203 654 270 1107

932 202 1314 263 HAYMONIS
1351 202 1844 279 HALBERSTAT.
1885 200 2112 269 EPISC.
2152 200 2314 267 OPP.
2353 198 2541 266 PARS
2576 198 2625 262 Ι.
2667 226 2731 245 -
2771 198 3147 261 COMMENT.
3187 200 3373 259 BIBL.

3654 201 3789 267 nos

515 346 716 407 agnus,
745 335 803 386 et
829 331 974 397 sicut
999 347 1065 386 ex
1085 331 1280 389 multis
1306 328 1579 390 fructibus
1610 328 1899 402 eliguntur
1920 326 2449 403 primi-Avidelicet
2479 326 2617 385 illud
2649 327 2796 403 quod
2812 327 3179 403 Evangelium
3207 329 3789 403 ρτοωίιῆμκιει-ωιί.

512 420 628 491 tiae,
658 420 739 475 ita
770 424 827 483 et
850 420 943 479 isti
965 420 1252 490 eliguntur
1301 436 1366 473 ex
1394 417 1755 475 multitudine
1784 418 2112 486 electorum,
2195 422 2283 475 ter
2303 415 2685 473 manebit.Per
2705 417 2845 477 illud
2865 418 3015 475 enim
3037 418 3187 493 quod
3200 419 3593 486 nuntiat,illud
3605 420 3789 494 expri-

520 510 638 586 qui.
661 515 930 580 tanquam
956 508 1234 584 primitias
1265 507 1595 583 semetipsos
1629 507 1946 573 atterentes,
1982 523 2114 567 .cen-
2195 508 2371 569 mitur
2396 508 2546 578 quod
2584 506 2896 568 nuntiatur.
2935 509 2995 566 Ut
3044 511 3445 579 evangelizaret
3481 512 3788 577 sedentibus

516 594 789 669 tesimum'
812 598 1064 663 referunt
1104 598 1367 659 fructum.

587 687 666 755 Et.
686 690 751 745 in
777 703 867 753 ore
888 692 1139 758 ipsorum
1171 704 1282 742 non
1320 692 1395 747 est
1424 691 1715 745 inventum
1736 687 2111 747 mendacium.

2196 614 2362 669 super
2387 602 2620 661 terram,
2653 602 2701 653 et
2728 612 2893 671 super
2921 613 3139 655 omnem
3164 603 3379 671 gentem
3424 605 3475 655 et
3500 602 3710 657 tribum
3740 604 3789 655 et

2199 689 2454 759 linguam
2502 690 2552 739 et
2592 687 2885 757 populum,
2921 685 3107 743 dicens
3136 703 3256 745 uoce
3306 703 3537 761 magno.
3568 686 3790 749 Hocest

508 774 764 849 Quaestio
793 775 885 835 hic
914 776 1114 845 oritur,
1164 794 1340 855 quare
1368 778 1474 835 hoc
1510 775 1663 839 dicat
1688 778 1952 842 Joannes,
1985 791 2115 834 cum
2198 776 2347 850 quod
2375 774 2647 835 Dominus
2661 775 2720 830 in
2741 774 3039 847 Evangelia
3058 775 3232 839 dicit:
3260 776 3475 850 Oportet
3490 778 3790 851 producti

519 862 823 931 Psalmista
868 866 1050 923 dicat:
1096 866 1286 925 Omnis
1318 868 1475 925 homo
1503 866 1741 921 mendas:
1768 866 1935 935 (Psal.
1966 866 2110 939 cxv).
2197 866 2561 934 Evangelium
2593 866 2656 922 in
2687 869 2793 921 toto
2822 864 3051 932 mundo,
3084 870 3133 922 et
3171 870 3304 921 tunc
3326 869 3501 923 veniet
3538 869 3691 937 ﬁnis.
3725 896 3787 908 —

520 953 677 1017 solus
705 960 896 1017 autem
933 955 1085 1013 Deus
1115 971 1282 1013 verax
1308 956 1332 1008 ?
1369 955 1530 1020 Quod
1566 954 1647 1015 ita
1702 954 1956 1021 solvitur,
1984 954 2119 1030 quia

522 1041 707 1115 omnis
721 1044 909 1110 homo,
928 1043 1264 1121 inquantum
1288 1059 1355 1103 ex
1384 1060 1445 1097 se
1474 1047 1576 1110 est,
1602 1044 1838 1103 mendax
1869 1047 1955 1099 est
1985 1059 1997 1093 :
2030 1043 2118 1101 in-

523 1136 799 1207 quantum
822 1138 1011 1191 autem
1042 1150 1207 1191 verax
1230 1138 1335 1196 est,
1368 1150 1434 1191 ex
1482 1132 1603 1189 Deo
1647 1137 1749 1189 est.
1783 1132 1943 1187 Unde
1989 1148 2118 1189 cum

521 1218 795 1287 Dominus
815 1222 1223 1291 interrogasset
1259 1222 1561 1292 discipulos
1581 1237 1734 1287 suos,
1766 1221 1989 1279 dicens:
2027 1222 2117 1277 Vos

521 1314 711 1364 autem
743 1327 902 1379 quem
926 1328 1009 1363 me
1037 1327 1143 1363 esse
1174 1312 1358 1364 dicitis
1392 1316 1414 1362 ?
1460 1309 1751 1383 respondit
1772 1311 2003 1365 Petrus:
2040 1311 2119 1365 Tu

520 1414 575 1453 es
597 1399 847 1453 Christus
886 1400 1061 1455 Filius
1092 1402 1188 1454 Dei
1214 1399 1419 1453 vivi.Et
1444 1398 1537 1453 ille
1562 1418 1573 1453 :
1594 1401 1786 1455 Beatus
1816 1416 1886 1462 cs,
1924 1398 2120 1453 Simon

523 1486 799 1547 Bar-Jona
827 1488 1181 1556 (Matt/LXVI).
1212 1488 1350 1543 Ecce
1370 1487 1608 1545 homoin
1622 1487 1969 1545 confessione
1994 1486 2121 1541 Filii

526 1573 629 1633 Dei
649 1576 956 1638 verax,imo
972 1576 1362 1633 veracissimus
1392 1577 1699 1633 homo.Sed
1727 1576 1877 1633 unde
1915 1577 2121 1633 verax?

2206 956 2407 1013 Timete
2434 955 2756 1019 Dominum,
2781 952 2839 1008 id
2868 952 3182 1016 esuhwem
3207 955 3584 1013 reverentiam
3610 956 3790 1013 norni-

2200 1043 2288 1105 nis
2318 1044 2460 1114 ejus,
2484 1048 2533 1098 et
2552 1044 2674 1099 date
2705 1043 2799 1098 illi
2809 1041 3092 1109 honorem,
3114 1040 3172 1097 id
3191 1048 3295 1113 est,
3318 1044 3553 1103 adorata
3568 1060 3717 1115 eum,
3735 1050 3791 1102 et

2200 1132 2458 1205 subjicite
2488 1130 2872 1198 illi.0uoniam
2895 1133 3041 1189 venit
3064 1131 3427 1201 horajudicii
3444 1136 3659 1203 ejus,ut
3675 1132 3793 1189 red.

2201 1223 2299 1279 dat
2326 1220 2628 1293 unicuique
2657 1218 2964 1275 secundum
3003 1235 3175 1290 opera
3194 1221 3389 1277 sua.Et
3411 1221 3643 1277 adorata
3669 1222 3791 1274 eum

2201 1314 2301 1383 qui
2326 1313 2451 1379 fecit
2478 1311 2669 1363 caelum
2698 1311 2747 1361 et
2779 1314 3009 1373 terram,
3034 1324 3190 1361 mare
3212 1313 3262 1362 et
3290 1310 3465 1377 fontes
3491 1324 3789 1376 aquamm.

2202 1404 2283 1457 Ac
2310 1399 2358 1454 si
2415 1396 2657 1453 diceret:
2718 1396 2908 1453 Nolite
2956 1396 3193 1455 adorare
3240 1397 3676 1465 Antichristum,
3703 1397 3793 1469 qui

2203 1486 2595 1546 tantummodo
2625 1485 2697 1540 ad
2726 1489 2949 1560 tempus
2994 1486 3317 1558 Praevalebit
3351 1487 3411 1545 in
3472 1487 3796 1558 corporibus

2203 1577 2520 1643 hominum,
2544 1575 2643 1631 sed
2660 1592 2809 1645 eum,
2844 1575 2942 1648 qui
2962 1580 3261 1651 postquam
3278 1575 3547 1635 occiderit
3576 1593 3794 1648 corpus,

522 1679 639 1726 non
669 1681 703 1717 a
726 1682 806 1731 se,
839 1664 937 1718 sed
967 1681 1000 1720 a
1030 1665 1145 1721 Deo
1185 1665 1353 1721 Patre
1396 1665 1491 1738 qui
1535 1665 1595 1719 in
1632 1666 1785 1721 cmlis
1844 1670 1949 1719 est.
1981 1646 2188 1720 CumB
2206 1667 2377 1726 habet
2394 1668 2731 1738 potestatem
2758 1646 3004 1719 animam
3024 1646 3250 1721 mittere
3276 1663 3335 1721 in
3362 1646 3709 1737 gehennam.
3736 1664 3803 1723 Et

524 1756 715 1815 autem
733 1752 867 1806 alibi
882 1753 1155 1809 Dominus
1168 1769 1395 1829 pcenam
1412 1753 1687 1823 passionis
1716 1769 1830 1811 sum
1858 1753 2123 1827 praedice-

523 1841 929 1918 ret,respondit
950 1842 1150 1901 Petrus
1178 1860 1189 1896 :
1213 1842 1378 1901 Absit
1404 1860 1439 1899 a
1453 1842 1910 1911 te,Domine,non
1928 1843 2129 1899 morie-

523 1930 624 1997 ris.
647 1931 763 2005 Ego
792 1931 1002 1987 moriar
1057 1948 1158 2007 pro
1206 1936 1282 1989 te.
1315 1932 1453 1995 Ecce
1505 1932 1673 1989 homo
1726 1931 1985 1989 mendax.
2017 1931 2127 1987 Sed

525 2019 678 2089 unde
706 2019 989 2081 mendax?
1018 2021 1213 2095 utique
1261 2021 1395 2093 quia
1442 2037 1556 2079 non
1584 2020 1736 2092 sapis
1762 2037 1830 2079 ea
1872 2037 1995 2095 quae
2023 2020 2126 2079 Dei

523 2114 678 2177 sunt,
708 2110 809 2167 sed
838 2126 961 2181 quae
994 2110 1305 2165 hominum.
1332 2109 1373 2162 Ε
1379 2126 1478 2181 rgo
1508 2110 1687 2165 omnis
1737 2110 1904 2167 homo
1943 2126 2125 2180 quan-

528 2201 654 2256 tum
702 2198 771 2255 de
806 2215 888 2265 se,
910 2199 1150 2255 mendax
1178 2217 1190 2252 :
1222 2204 1496 2270 quantum
1544 2199 1613 2253 de
1645 2199 1783 2262 Deo,
1805 2215 1989 2269 verax.
2018 2199 2128 2256 Sed

528 2301 659 2346 cum
684 2286 803 2343 haec
831 2286 903 2342 ad
923 2302 1118 2341 omnes
1146 2292 1369 2345 sanctos
1390 2288 1728 2359 pertineant,
1761 2304 1935 2359 quare
1955 2287 2024 2345 de
2045 2303 2131 2343 so-

528 2374 601 2437 lis
628 2373 939 2449 virginibus
967 2374 1287 2451 specialiter
1314 2376 1522 2435 dicitur
1553 2394 1565 2429 :
1590 2378 1659 2433 In
1683 2391 1773 2431 ore
1804 2392 1995 2431 eorum
2018 2392 2129 2433 non

532 2469 611 2533 est
640 2466 930 2523 inventum
960 2466 1312 2521 mendacium
1347 2470 1370 2517 ?
1396 2465 1527 2521 Sine
1547 2464 1879 2537 dubio,quia
1904 2465 2133 2521 adcom-

534 2552 891 2635 parationem
919 2553 1183 2621 aliorum,
1202 2554 1307 2611 soli
1332 2552 1576 2627 virgines
1596 2554 1864 2611 dicuntur
1881 2570 2127 2613 veraces.

532 2642 646 2712 Sed
687 2658 791 2697 nec
819 2640 1025 2699 mirum
1055 2642 1103 2695 si
1129 2642 1211 2697 illi
1237 2643 1557 2715 specialiter
1584 2659 1809 2699 veraces
1842 2643 2126 2707 dicuntur,

533 2730 632 2804 qui
660 2730 904 2799 veritati,
939 2748 1062 2807 qua
1084 2731 1342 2789 Christus
1366 2737 1470 2798 est,
1496 2732 1817 2803 virginitate
1845 2733 2051 2787 mentis
2075 2738 2133 2791 et

532 2820 784 2899 corporis
827 2820 1069 2894 amplius
1106 2820 1379 2878 inhaerere
1405 2822 1718 2879 videantur.
1748 2822 1881 2879 Sine
1910 2826 2132 2881 macula

532 2911 685 2975 enim
740 2913 892 2973 sunt,
936 2914 993 2964 et
1042 2909 1145 2965 hoc
1193 2908 1453 2979 similiter
1502 2909 1952 2983 intelligendum,
2001 2911 2135 2985 quia

2207 1758 2382 1815 nolite
2397 1755 2632 1811 adorare
2649 1770 2778 1811 eum
2796 1754 2892 1825 qui
2913 1758 3146 1825 putatur
3156 1753 3412 1809 conditor
3431 1770 3557 1809 esse
3578 1759 3805 1811 creatu-

2206 1844 2510 1919 _rae,spiritu
2525 1842 2870 1899 seductionia
2889 1842 3157 1914 repletus,
3178 1842 3275 1901 sed
3292 1843 3483 1913 potius
3501 1842 3712 1915 ipsum,
3739 1842 3807 1899 de

2208 1952 2318 2009 quo
2343 1932 2481 1991 dicit
2498 1931 2696 1988 Daniel
2709 1931 2872 2002 (caui)
2897 1949 2908 1987 :
2932 1933 3168 1988 Potestas
3184 1934 3556 2002 ejus,potsstas
3579 1936 3806 1994 ales-na,

2208 2040 2327 2095 qua:
2348 2038 2459 2077 non
2479 2023 2789 2091 auferetur,
2813 2025 2860 2075 et
2876 2036 3111 2088 regnum
3131 2024 3249 2090 eius
3268 2020 3412 2090 quod
3426 2036 3541 2077 non
3558 2035 3813 2077 corrum-

2205 2110 2773 2184 petur.EtApostolus
2793 2127 2803 2163 :
2829 2111 3059 2179 Propter
3079 2109 3225 2177 quod
3252 2109 3450 2165 etDeus
3474 2108 3647 2165 illum
3664 2109 3816 2163 emat-

2210 2202 2365 2267 tavit,
2404 2204 2451 2251 et
2482 2198 2707 2254 donavit
2737 2200 2829 2253 illi
2867 2212 3088 2260 nomen,
3121 2196 3265 2267 quod
3303 2200 3379 2250 est
3430 2210 3599 2264 super
3656 2211 3814 2251 omne

2211 2290 2573 2352 nomen,etc.,
2593 2301 2772 2359 usque
2796 2287 2931 2357 quia
2955 2286 3225 2341 Dominus
3252 2290 3434 2357 noster
3459 2286 3619 2341 λείας
3649 2283 3814 2341 Chri-

2212 2383 2328 2431 stus
2352 2380 2413 2430 in
2439 2378 2623 2445 gloria
2650 2380 2725 2429 est
2761 2376 2853 2431 Ilei
2879 2376 3065 2431 Patris
3094 2374 3419 2447 (Phih’pJI).
3444 2373 3537 2445 Illi
3581 2372 3809 2444 (inquit)

2212 2466 2342 2523 date
2357 2466 2711 2531 honorem,et
2728 2480 2840 2520 non
2854 2462 3225 2533 Antichristo,
3250 2463 3347 2537 qui
3360 2461 3680 2521 contrarius
3709 2462 3817 2517 ho-

2212 2554 2337 2613 nori
2348 2553 2406 2608 in
2428 2554 2747 2613 charactere
2768 2557 2826 2609 et
2841 2551 3069 2609 nomine
3082 2568 3148 2609 ac
3166 2568 3405 2611 numero
3425 2551 3673 2609 nominis
3689 2552 3818 2622 ejus

2214 2659 2336 2702 esse
2378 2643 2753 2718 cognoscitur.
2785 2643 2851 2700 In
2878 2641 3017 2697 omlo
3051 2646 3241 2699 autem
3270 2647 3328 2695 et
3364 2647 3521 2696 terra
3566 2646 3628 2695 et
3672 2638 3821 2697 mari

2214 2732 2396 2791 omnis
2434 2737 2692 2789 creatura
2716 2731 2776 2789 in
2805 2736 3059 2806 tempore
3085 2730 3311 2787 condita
3336 2731 3781 2787 demonstratur.

2285 2823 2351 2881 Et
2376 2824 2607 2891 angelus
2636 2823 2786 2879 alius
2823 2825 3037 2875 secutus
3064 2824 3140 2875 est
3162 2821 3500 2889 eum,dicsns
3533 2838 3551 2874 :
3583 2819 3815 2885 Cecidit,

2214 2913 2402 2971 cecidit
2435 2912 2678 2978 Babylon
2707 2912 2810 2967 illa
2840 2922 3046 2980 magna
3075 2908 3292 2977 civitas,
3322 2925 3440 2980 qua
3466 2924 3504 2963 α
3541 2910 3675 2964 vino
3721 2909 3823 2963 ira

531 3014 663 3060 cum
690 2997 805 3057 sint
833 2997 1004 3057 etiam
1033 2997 1209 3059 sancti
1247 2998 1369 3057 sine
1396 2998 1635 3067 macula,
1667 2998 1724 3057 id
1756 3005 1842 3056 est
1861 3000 1984 3057 sine
2003 3016 2127 3057 cor-
2148 3005 2193 3067 Ο
2213 3001 2604 3068 fornicationis
2634 3014 2746 3055 sua
2763 3000 2971 3068 potavit
2999 3014 3184 3053 omnes
3211 3003 3414 3067 gentes.
3447 2995 3517 3053 In
3568 3012 3636 3051 eo
3668 2994 3823 3066 quod

531 3086 816 3165 raptione,
839 3091 1033 3162 utpote
1070 3088 1191 3157 jam
1227 3087 1469 3163 peccatis
1514 3088 1777 3147 omnibus
1823 3088 2135 3162 expurgati,

536 3176 611 3247 ad
640 3175 1121 3247 comparationem
1165 3176 1268 3235 Dei
1316 3176 1614 3235 mendaces
1669 3181 1803 3237 sunt
1850 3182 1908 3237 et
1944 3193 2139 3237 macu-

536 3264 660 3325 lati.

610 3353 680 3415 Et
706 3354 825 3407 vidi
850 3356 1095 3412 alterum
1126 3356 1389 3425 angelum
1432 3358 1709 3411 volantem
1757 3371 1859 3427 per
1888 3356 2137 3414 medium

540 3443 755 3515 cretum,
788 3442 1073 3499 habentem
1102 3443 1468 3512 Evangelium
1492 3444 2010 3504 .eternum.Primus
2041 3460 2139 3505 an-

538 3530 701 3609 gelus
728 3530 848 3608 ipse
864 3534 951 3587 est
965 3532 1179 3605 Agnus,
1198 3532 1267 3586 de
1292 3550 1402 3604 quo
1430 3533 1689 3603 superius
1712 3549 1893 3591 sermo
1913 3532 2140 3591 habitus

545 3624 652 3686 est,
676 3624 763 3674 est
790 3619 941 3675 enim
970 3620 1206 3679 nuntius
1224 3626 1473 3692 paternae
1497 3621 1819 3679 voluntatis.
1856 3622 2015 3677 Alter
2039 3637 2143 3677 au-

542 3712 661 3775 tem
688 3709 923 3782 angelus
954 3709 1091 3765 ordo
1122 3710 2145 3782 praedicatorumintelligitur.Dicitur

545 3802 738 3859 autem
759 3797 923 3865 alter,
952 3814 1067 3871 non
1091 3799 1240 3872 quod
1270 3799 1527 3857 Christus
1556 3801 1791 3871 ejusque
1819 3800 2145 3872 praedicato-v

545 3901 640 3939 res
666 3902 813 3940 unus
838 3902 953 3941 non
982 3886 1114 3950 sint,
1148 3888 1283 3958 quia
1299 3887 1419 3960 ipse
1438 3893 1524 3945 est
1551 3893 1740 3961 caput,
1771 3889 1933 3944 electi
1963 3905 2143 3947 mem-

550 3973 669 4043 bra,
696 3974 796 4031 sed
826 3975 974 4047 quod
995 3977 1055 4033 in
1082 3977 1407 4033 narratione
1429 3994 1541 4033 non
1566 3994 1733 4035 unus.
1751 3978 1897 4035 Nam
1928 3978 2033 4033 hoc
2060 3983 2148 4032 est

546 4063 656 4135 iste
676 4064 1088 4140 angelus,quod
1112 4066 1286 4123 etiam
1310 4066 1635 4139 sequens,id
1664 4072 1749 4133 est
1777 4067 1913 4123 ordo
1942 4067 2147 4138 praedi-

550 4158 827 4213 Catorum.
881 4153 991 4209 Sed
1039 4154 1172 4228 quia
1216 4170 1363 4213 unus
1404 4154 1653 4213 succedit
1708 4155 1890 4223 alteri,
1940 4156 2147 4213 idcirco

550 4242 696 4301 alius
724 4246 852 4313 post
870 4242 1045 4301 alium
1070 4248 1562 4305 commemoratur.
1590 4243 1757 4299 Volat
1790 4245 2024 4315 angelus
2049 4261 2152 4315 per

549 4330 804 4403 medium
829 4331 973 4397 coeli,
1007 4328 1065 4386 id
1083 4337 1170 4387 est
1196 4332 1375 4393 sancti
1425 4332 1820 4404 praedicatores
1882 4335 2151 4395 incedunt

549 4416 817 4481 velociter
842 4418 1197 4489 pradicando
1211 4420 1500 4479 Christum
1524 4438 1626 4493 per
1656 4423 2150 4481 Ecclesiam.Volat

551 4522 656 4582 per
673 4506 925 4569 medium
945 4507 1309 4580 cmlum,quia
1318 4510 1524 4570 mentis
1549 4513 2021 4583 contemplatione
2041 4528 2149 4567 cm-

550 4596 719 4659 lestia
737 4601 961 4671 petunt,
981 4613 1093 4659 non
1115 4598 1354 4657 terrenis
1381 4598 1842 4667 inhaerentes,sed
1869 4602 2151 4672 subjectos

549 4686 725 4755 etiam
748 4686 986 4761 populos
1014 4686 1086 4743 ad
1106 4687 1358 4748 ccclestia
1380 4693 1437 4743 et
1471 4688 1655 4747 verbis
1684 4696 1739 4747 et
1770 4690 1976 4747 litteris
2004 4690 2148 4749 invi-

548 4775 780 4839 tant.De
805 4774 895 4839 his
924 4776 1131 4849 quippe
1160 4776 1475 4835 volantibus
1494 4779 1952 4849 praedicatoribus
1972 4779 2148 4845 Isaias

549 4864 689 4927 dicit
703 4867 865 4937 (σφι)
892 4883 904 4919 :
935 4863 1043 4935 Qui
1054 4871 1187 4923 sunt
1208 4869 1306 4925 isti
1324 4870 1424 4937 qui
1440 4873 1502 4926 ut
1525 4870 1692 4923 nubes
1710 4872 1971 4937 volant,et
1990 4873 2152 4938 quasi

548 4955 811 5017 columba:
833 4954 907 5014 ad
932 4956 1202 5025 fenestras
1230 4962 1400 5015 suas?
1448 4956 1523 5015 Ut
1549 4955 1725 5016 nubes
1753 4957 1906 5015 enim
1933 4958 2145 5028 volant,

549 5041 685 5118 quia
711 5057 747 5096 a
769 5042 1010 5104 terrenis
1036 5043 1331 5104 desideriis
1357 5044 1557 5116 pennis
1571 5046 1844 5105 virtutum
1872 5046 2148 5106 sublevati

548 5129 755 5207 pluunt
781 5129 982 5199 verbis,
1010 5137 1069 5189 et
1096 5138 1393 5195 coruscant
1423 5133 1726 5193 miraculis.
1757 5134 1845 5191 Ad
1871 5135 2147 5201 fenestras

548 5234 682 5283 suas
716 5218 867 5279 velut
909 5220 1181 5281 columbae
1216 5234 1367 5289 sunt,
1397 5221 1532 5293 quia
1558 5238 1658 5294 per
1684 5223 1791 5283 hoc
1817 5224 1968 5295 quod
1990 5229 2145 5281 exte-

547 5307 671 5369 rius
690 5308 1061 5380 conspiciunt,
1089 5309 1231 5365 nihil
1276 5315 1567 5369 terrenum
1590 5313 2012 5384 concupiscunt,
2044 5313 2144 5370 sed

545 5397 758 5475 gaudia
779 5403 992 5457 aeterna
1012 5398 1226 5471 jugiter
1273 5401 1742 5472 contemplantur.
1765 5402 1891 5473 Ipse
1910 5418 2133 5473 quoque

552 5487 790 5564 angelus
815 5486 1181 5561 Evangelium
1204 5492 1481 5551 aeternum
1524 5488 1734 5549 habere
1760 5490 1987 5563 dicitur,
2015 5491 2151 5564 quia

2219 3089 2327 3163 ista
2355 3088 2589 3162 angelus
2620 3088 2867 3163 primum
2886 3094 3113 3147 secutus
3143 3088 3435 3157 asseritur,
3466 3085 3823 3158 subsequens

2221 3178 2648 3254 praedicatorum
2681 3179 2818 3235 ordo
2847 3180 3124 3237 imitatur.
3153 3176 3303 3234 Bene
3355 3181 3546 3233 autem
3583 3175 3827 3245 angelus

2222 3268 2487 3341 angelum
2515 3265 2794 3339 sequitur,
2825 3265 2921 3341 qui
2959 3264 3156 3322 eadem
3181 3264 3502 3323 annuntiat.
3530 3263 3636 3319 Ille
3668 3263 3825 3319 enim

2219 3357 2393 3415 dixit:
2418 3355 2561 3429 Quia
2589 3358 2738 3411 venit
2769 3356 2909 3408 hora
2925 3355 3139 3423 judicii
3151 3355 3268 3421 ejus
3293 3372 3308 3406 :
3330 3353 3423 3413 hic
3442 3357 3637 3409 autem
3667 3352 3823 3409 dicit;

2223 3445 2643 3510 Gecidit,cecidit
2662 3440 3395 3512 Babylon(ls.xxr).Nomine
3417 3446 3611 3511 autem
3633 3439 3821 3511 Baby-

2220 3532 2366 3589 lonis
2394 3530 2646 3588 confusio
2677 3531 2975 3587 mundanas
3004 3529 3441 3589 conversationis
3461 3528 3825 3599 intelligitur.

2223 3623 2359 3684 Duae
2380 3621 2586 3693 quippe
2598 3620 2851 3676 civitates
2865 3623 2998 3675 sunt
3010 3619 3070 3673 in
3083 3619 3190 3671 hoc
3208 3617 3503 3689 mundo,id
3524 3622 3614 3672 est
3628 3617 3832 3679 Hieru—

2225 3711 2400 3784 salem
2415 3726 2537 3781 qute
2567 3708 2738 3765 habet
2761 3725 2952 3779 regem
2984 3707 3277 3763 Christum
3300 3725 3312 3764 ε
3338 3712 3398 3775 et
3422 3705 3831 3777 Babylon,qua

2224 3800 2395 3856 habet
2426 3814 2619 3872 regem
2650 3796 3250 3865 Nabuchodonosor,id
3266 3803 3354 3853 est
3367 3796 3833 3863 diabolum.Qua-

2225 3905 2353 3945 rum
2382 3904 2497 3942 una
2525 3887 2694 3961 coepit
2720 3885 2790 3940 ab
2810 3885 3155 3952 Abel,altera
3179 3902 3214 3938 a
3243 3885 3382 3940 Cain
3408 3903 3421 3938 :
3447 3900 3564 3941 una
3589 3890 3681 3940 est
3705 3899 3831 3939 cor-

2227 3999 2333 4054 pus
2374 3981 2604 4051 Christi,
2633 3981 2814 4037 altera
2846 3990 3052 4051 corpus
3079 3977 3308 4035 diaboli.
3336 3979 3481 4037 Cum
3512 3983 3709 4034 autem
3736 3977 3831 4043 di-

2229 4075 2367 4129 cunt
2406 4068 2584 4124 sancti
2631 4068 3028 4140 praedicatores
3057 4086 3068 4122 :
3105 4067 3304 4133 Occidi,
3340 4067 3535 4122 cecidit
3565 4067 3831 4134 Babylon,

2230 4158 2582 4230 praeteritum
2598 4162 2822 4229 tempus
2844 4156 3071 4227 ponitur
3090 4171 3194 4226 pro
3217 4154 3668 4220 futuro.Cecidit,
3677 4154 3837 4209 vide—

2231 4248 2363 4306 licet
2390 4262 2491 4319 pro
2519 4263 2585 4301 eo
2614 4246 2763 4319 quod
2792 4252 2879 4303 est
2924 4261 3141 4311 casura,
3174 4245 3260 4301 vel
3283 4244 3448 4299 cadet
3465 4244 3524 4297 in
3560 4248 3838 4303 mter-nam

2232 4335 2652 4393 damnationem
2683 4333 2917 4403 scilicet,
2945 4350 3056 4404 qua
3088 4333 3348 4388 diabolus
3389 4350 3518 4390 cum
3571 4332 3841 4391 omnibus

2228 4426 2347 4484 suis
2374 4423 2641 4482 membris
2664 4420 3183 4493 damnabitur,cum
3208 4421 3498 4479 audierint
3525 4439 3536 4474 :
3561 4423 3844 4488 [κωπῆς.

2230 4516 2457 4582 dicti,in
2476 4517 2657 4583 ignem
2671 4490 3064 4581 διενηαῖηάὰὶ
3081 4517 3321 4582 paratus
3342 4516 3416 4565 est
3436 4512 3717 4567 diaboloet
3739 4527 3845 4567 an-

2230 4606 2365 4673 gelis
2384 4607 2432 4672 ej
2437 4606 2518 4657 usl
2524 4601 2869 4670 Matth.xxv).
2880 4601 3040 4665 Quod
3052 4605 3246 4657 autem
3259 4600 3580 4670 angelus,id
3594 4606 3685 4656 est
3702 4616 3845 4671 pm-

2230 4692 2545 4748 dicatorum
2573 4690 2729 4756 ordo,
2762 4689 2987 4745 ruinam
3016 4688 3243 4760 perﬁdae
3271 4688 3518 4747 civitatis
3546 4689 3839 4759 congemi-

2188 4801 2199 4807 ε
2232 4781 2421 4839 nando
2437 4780 2749 4844 denuntiat,
2757 4795 2860 4852 pro
2877 4778 3305 4839 conﬁrmatione
3317 4778 3399 4835 rei
3419 4778 3836 4850 facitidipsum.

2230 4872 2508 4927 Autcerte
2526 4885 2676 4925 nunc
2700 4869 2870 4925 simul
2889 4884 3018 4923 cum
3038 4866 3176 4940 ipsis
3196 4867 3454 4938 reprobis
3493 4884 3724 4925 omnem
3740 4884 3841 4923 eo-

2229 4976 2358 5018 rum
2374 4958 2614 5032 gloriam
2638 4958 2948 5030 perituram
2967 4956 3504 5025 demonstratguxta
3515 4956 3843 5015 illud:Peri-

2229 5046 2313 5105 bit
2329 5048 2572 5102 mundus
2592 5052 2642 5100 et
2657 5046 3097 5116 concupiscentia
3112 5045 3617 5116 ejus(lJoan.u),ac
3629 5045 3675 5101 si
3688 5045 3842 5101 dico-

2227 5139 2335 5192 ret:
2357 5135 2427 5193 Et
2443 5133 2727 5191 saecularis
2744 5133 3012 5206 gloria,et
3029 5137 3315 5189 amatores
3337 5132 3597 5203 ejusdem
3619 5138 3842 5204 tempo-

2227 5221 2365 5281 ralis
2393 5223 2608 5295 pariter
2634 5222 2975 5279 ceciderunt.
3009 5221 3215 5293 Magna
3233 5219 3352 5276 hinc
3386 5220 3598 5279 dicitur
3611 5221 3840 5289 civitas,

2227 5318 2460 5387 propter
2475 5311 2946 5369 innumerabilem
2986 5308 3356 5382 reproborum
3380 5311 3843 5379 multitudinem,

2227 5402 2314 5459 vel
2326 5407 2556 5474 propter
2574 5400 2970 5459 enormitatem
2992 5398 3492 5455 vitiorum.Vinum
3512 5405 3708 5457 autem
3724 5401 3843 5458 for-

2231 5490 2529 5553 nicationis
2542 5490 2937 5563 intelliguntur
2957 5488 3147 5547 omnia
3163 5488 3363 5546 vitiaet
3369 5495 3622 5563 peccata,
3629 5490 3841 5562 quibus
