4006 6164
256 264 402 325 1109

1174 256 1558 322 mosmo
1586 264 1666 322 IN
1688 250 2219 322 APOCALYPSIN.
2257 288 2319 303 --
2352 258 2490 316 LIB.
2525 258 2620 317 Ν.

3398 266 3538 324 1110

258 389 489 464 reprobi
514 390 654 446 alios
674 391 1295 464 inquinant:pra3cipue
1324 397 1511 447 autem
1539 393 1854 466 philosophi
1871 392 2242 463 Aerigentur.
2271 391 2514 461 Ideoque
2543 389 2590 443 si
2616 388 2739 461 quis
2768 389 3084 445 adoraverit
3102 391 3531 469 Antichristum,

260 478 630 553 et‘principes
656 482 828 551 hujus
855 482 1044 536 saeculi
1067 498 1260 537 omnes
1279 482 1556 553 subjectos
1581 482 1863 536 inebriant

259 569 393 623 vino
413 570 642 632 erroris,
668 570 819 624 unde
841 573 899 623 et
922 586 1148 624 sensum
1171 570 1241 624 ab
1263 571 1342 625 eis
1361 571 1644 639 auferunt,
1674 572 1757 635 ut,
1779 585 1863 623 re-

260 658 397 714 lieto
418 660 707 727 Crantore,
731 662 1002 714 creaturae
1022 659 1284 714 serviant.
1315 661 1458 714 Nam
1484 666 1540 714 et
1566 660 1860 714 fornicatio

260 747 586 818 specialiter
599 758 701 819 pro
729 746 1047 801 idololatria
1074 746 1328 818 ponitur.
1369 748 1528 802 Unde
1561 752 1647 802 est
1678 764 1692 802 :
1722 749 1860 802 Per-

261 835 365 890 des
394 851 581 890 omnes
611 838 712 903 qut
738 837 1103 903 fornicamur
1131 836 1227 889 abs
1256 840 1303 889 te
1324 837 1493 908 (Psat.
1512 837 1701 904 Lxxn).
1734 836 1863 904 Haec

259 923 600 996 Babylon,id
613 927 1063 991 est,eonver:at¢'o
1076 925 1390 989 mundana,
1416 940 1451 978 a
1476 925 1600 978 vino
1619 924 1861 979 fornica—

256 1012 437 1068 tionis
457 1026 575 1069 suas
595 1013 807 1084 potavit
824 1026 1018 1066 omnes
1028 1018 1245 1083 gentes,
1258 1012 1390 1084 quia
1404 1011 1667 1067 vitiorum
1682 1013 1863 1083 omnis

259 1112 491 1157 summa
516 1102 576 1157 in
601 1101 930 1172 temporalis
955 1102 1149 1172 gloriae
1179 1101 1395 1156 ambitu
1425 1102 1719 1157 retinetur.
1750 1104 1860 1158 Pro

261 1190 467 1262 quibus
488 1191 772 1260 omnibus,
803 1206 943 1262 quos
983 1189 1114 1244 vino
1157 1190 1364 1245 erroris
1407 1193 1464 1244 et
1505 1196 1862 1262 peccatorum

259 1278 564 1346 inebriant,
598 1279 929 1350 punientur.

322 1368 391 1422 Et
423 1371 620 1423 tertius
646 1370 878 1435 angelus
906 1368 1121 1421 secutus
1152 1372 1229 1421 est
1254 1384 1340 1422 eos
1367 1369 1552 1423 dicens
1592 1384 1712 1422 voce
1741 1384 1863 1422 ma—

260 1472 396 1526 gna.
424 1457 563 1511 Tres
583 1456 768 1527 angeli
795 1456 889 1512 hic
916 1462 1223 1527 ponuntur,
1245 1461 1478 1533 propter
1502 1457 1669 1511 fidem
1686 1456 1866 1512 Trini-

261 1545 400 1599 tatis
431 1560 602 1615 quam
641 1545 998 1611 annuntiant,
1040 1543 1139 1599 sed
1167 1549 1377 1610 tamen,
1408 1549 1474 1598 ut
1516 1544 1725 1599 dictum
1757 1549 1860 1613 est,

263 1632 416 1704 quod
438 1636 527 1686 est
552 1632 789 1703 primus,
823 1632 929 1687 hoc
975 1636 1109 1687 sunt
1154 1637 1473 1702 sequentes,
1503 1631 1560 1685 id
1598 1637 1684 1713 est
1726 1633 1861 1687 ordo

1944 488 2043 535 aut
2063 481 2365 551 imaginem
2388 479 2537 532 illius
2553 480 2830 549 acceperit
2850 481 2906 543 in
2927 480 3129 545 fronte,
3158 487 3257 535 aut
3275 481 3335 535 in
3363 498 3537 554 manu

1944 587 2066 634 sua,
2097 587 2210 624 non
2241 569 2330 623 hic
2358 568 2427 622 ad
2460 584 2705 639 prmsens
2734 569 2956 640 ﬂagella
2984 569 3230 642 recipiet,
3265 574 3536 642 tanquam

1944 659 2071 713 vino
2098 663 2345 730 potatus,
2374 657 2469 711 sed
2520 656 2579 717 in
2627 656 2817 711 futuro
2864 657 3096 731 perenni
3136 658 3381 731 vindicta
3424 659 3540 737 ple-

1943 752 2146 817 ctetur,
2175 753 2447 817 tanquam
2478 745 2702 801 faecibus
2729 745 3057 805 inebriatus.
3088 748 3157 800 Et
3193 748 3541 802 crueiabz‘tur

1942 839 2068 904 igne
2089 842 2137 889 et
2153 838 2417 905 sulphure
2434 839 2496 889 in
2516 843 2799 903 conspectu
2820 841 3167 890 sanctorum.
3182 835 3324 891 Cum
3344 835 3461 890 sint
3478 835 3540 888 in

1944 923 2162 989 inferno
2173 929 2332 987 tanta
2343 923 3543 1001 tamqueinnumerabiliatormenta,quanta

1944 1028 2046 1067 nec
2061 1012 2169 1067 dici
2195 1028 2297 1067 nec
2318 1013 2582 1068 aestimari
2613 1013 2847 1085 possint,
2872 1012 3113 1070 breviter
3139 1020 3331 1069 tamen
3361 1013 3420 1066 in
3453 1012 3539 1070 his

1945 1100 2163 1157 duobus
2180 1102 2368 1155 omnia
2385 1101 2939 1176 comprehenduntur
2951 1102 3378 1173 tormenta.Erit
3387 1102 3540 1161 enim

1945 1191 2110 1262 ignis,
2136 1206 2250 1244 non
2275 1190 2345 1244 ad
2370 1190 2694 1257 lucendum,
2722 1191 2819 1244 sed
2850 1190 2920 1244 ad
2950 1191 3283 1264 miserorum
3304 1196 3541 1267 corpora

1946 1268 2436 1339 concremandum.
2460 1277 2582 1331 Erit
2602 1294 2823 1352 quoque
2844 1277 2921 1332 ibi
2940 1282 2998 1333 et
3015 1280 3272 1355 sulphur,
3299 1277 3449 1350 quod
3485 1281 3544 1339 et

1945 1367 2257 1429 fomentum
2288 1366 2574 1438 praestabit
2602 1366 2738 1438 igni,
2773 1371 2830 1423 et
2857 1367 3090 1427 fetorem
3117 1369 3314 1441 gignet
3334 1366 3540 1438 intole-

1945 1454 2202 1521 rabilem,
2235 1472 2300 1516 ac
2328 1471 2429 1527 per
2450 1455 2556 1509 hoc
2584 1473 2650 1510 ex
2678 1455 2806 1529 igne
2835 1455 2998 1525 fetor,
3023 1460 3079 1513 et
3106 1473 3171 1525 ex
3197 1456 3374 1515 fetore
3392 1455 3541 1535 ignis

1944 1544 2351 1616 procreabitur,
2375 1561 2499 1599 cum
2522 1561 2697 1607 unum
2724 1545 2926 1603 horum
2955 1546 3026 1600 ad
3054 1550 3402 1613 tormentum
3431 1543 3544 1617 mi—

1945 1647 2204 1691 serorum
2247 1632 2385 1703 satis
2414 1632 2670 1689 sufficere
2698 1639 2905 1708 posset,
2937 1640 3038 1689 aut
3065 1635 3212 1706 ignis
3263 1634 3539 1717 videlicet,

262 1723 718 1794 praedicatorum.
765 1724 883 1777 Voce
912 1737 1141 1791 magna,
1167 1721 1299 1794 quia
1316 1721 1555 1776 bestiam
1586 1738 1645 1776 se
1674 1721 1861 1794 despi-
1877 1748 1924 1808 B
1947 1727 2046 1775 aut
2063 1721 2484 1799 fetor.Sulphur
2503 1722 2707 1797 quippe
2729 1726 2815 1791 (ut
2828 1722 3088 1791 diximus)
3109 1723 3367 1796 fetorem,
3390 1723 3542 1799 ignis

263 1826 393 1866 cere
418 1817 478 1868 et
503 1827 603 1884 pro
628 1812 806 1866 nihilo
833 1811 1058 1877 ducere,
1086 1810 1147 1865 in
1177 1808 1437 1865 libertate
1475 1811 1624 1865 vocis
1672 1817 1861 1866 osten-

264 1899 430 1954 dunt.
462 1898 528 1955 Si
553 1903 678 1968 quis
705 1900 1021 1955 adoravertt
1052 1900 1296 1965 bestiam,
1345 1898 1403 1954 id
1443 1906 1528 1969 est
1558 1900 1863 1967 diabolum,

262 1993 317 2042 et
341 1991 649 2057 imaginem
678 1992 814 2058 ejus,
846 1988 904 2042 id
933 1992 1018 2042 est
1049 1987 1477 2043 Antichristum.
1510 1990 1574 2043 Et
1604 1991 1866 2059 acceperit

263 2077 643 2140 duracterem
664 2080 727 2131 in
742 2078 925 2146 fronte
940 2092 1062 2142 sua,
1079 2076 1137 2131 id
1160 2080 1243 2131 est
1253 2072 1421 2131 fidem
1437 2077 1590 2132 illius
1610 2077 1668 2132 in
1678 2082 1865 2133 mente

262 2181 392 2231 sila,
421 2170 523 2219 aut
559 2168 622 2219 in
651 2178 827 2219 manu
855 2181 976 2227 sua,
1010 2169 1077 2219 ut
1100 2165 1222 2235 ejus
1251 2165 1507 2220 imitetur
1533 2182 1729 2237 Opera.

338 2255 408 2309 Et
440 2255 529 2308 hic
557 2256 695 2308 bibet
722 2255 786 2307 de
820 2256 948 2307 vino
977 2257 1076 2308 ira:
1099 2256 1199 2308 Dei
1227 2256 1401 2308 mixto
1429 2270 1579 2308 mero
1606 2258 1671 2309 in
1700 2257 1865 2310 calice

260 2345 368 2396 ira:
396 2340 910 2410 ipsius.Videamus
946 2340 1041 2413 qui
1070 2342 1185 2395 sint
1212 2342 1307 2413 qui
1337 2341 1549 2397 habent
1576 2341 1867 2398 characte-

258 2439 390 2486 rem
420 2429 611 2484 bestiae
640 2430 698 2484 in
726 2430 909 2485 fronte
934 2435 992 2485 et
1019 2429 1075 2484 in
1106 2447 1297 2496 manu,
1321 2436 1377 2486 et
1395 2432 1489 2502 qui
1514 2432 1865 2487 solummodo

258 2520 328 2575 in
357 2532 545 2574 manu.
576 2519 755 2574 Judaei
780 2519 991 2574 habent
1010 2518 1068 2573 in
1090 2519 1273 2574 fronte
1285 2526 1341 2575 et
1360 2519 1419 2574 in
1437 2537 1626 2587 manu,
1656 2521 1787 2592 quia
1810 2525 1867 2576 et

257 2609 326 2664 in
358 2625 487 2663 eum
518 2608 774 2671 credunt,
802 2613 859 2662 et
886 2608 1017 2662 inde
1047 2624 1175 2662 eum
1200 2609 1486 2680 recepturi
1525 2614 1676 2673 sunt,
1704 2610 1868 2679 juxta

260 2698 427 2756 illud.
463 2696 619 2751 Alius
641 2697 827 2751 veniet
854 2697 909 2750 in
932 2696 1161 2771 nomine
1188 2713 1310 2763 suo,
1343 2694 1503 2750 illum
1544 2697 1822 2768 recipietis
1851 2717 1863 2765 ;

261 2793 323 2842 et
347 2803 518 2857 opera
535 2786 689 2840 illius
707 2784 1472 2857 imitantur,blasphemando
1496 2785 1868 2855 Christum,et

260 2875 628 2946 nequissimis
649 2874 1010 2929 deserviendo
1027 2874 1306 2946 operibus.
1330 2875 1481 2928 Falsi
1498 2880 1688 2929 autem
1710 2875 1869 2930 Chri-

260 2964 438 3020 stiani
464 2962 675 3019 habent
693 2965 817 3034 ejus
840 2964 1222 3018 characterem
1241 2964 1301 3017 in
1335 2980 1524 3027 manu,
1567 2964 1663 3034 qui
1692 2966 1867 3018 confi-

1948 1816 2138 1865 autem
2163 1810 2335 1869 habet
2359 1810 2638 1864 ardorem.
2658 1810 2765 1874 Qui
2790 1810 2937 1867 enim
2959 1811 3029 1864 ad
3049 1828 3311 1887 perversa
3329 1810 3545 1877 desides

1947 1900 2035 1956 ria
2062 1919 2127 1956 ex
2153 1903 2337 1962 carnis
2373 1903 2550 1959 fetore
2588 1901 2807 1966 ardent,
2839 1918 2988 1965 nunc
3035 1901 3278 1967 maxime
3318 1896 3541 1971 libidini

1948 1989 2338 2059 deserviendo,
2364 1990 2597 2061 dignum
2628 1995 2711 2045 est
2734 1994 2799 2057 ut
2816 1989 3173 2062 postmodum
3197 1988 3328 2065 igne
3347 1993 3403 2043 et
3422 1990 3542 2053 sul-

1946 2078 2126 2149 phure
2158 2083 2409 2159 pereant,
2431 2083 2707 2150 quatenus
2729 2095 2793 2131 ex
2811 2078 2965 2155 justa
2984 2094 3149 2149 poena
3168 2076 3389 2134 discant
3407 2076 3545 2149 quid

1949 2184 2018 2221 ex
2045 2166 2257 2239 injusto
2287 2167 2564 2221 desiderio
2593 2166 2830 2224 faciunt.
2862 2167 3205 2237 Angelorum
3225 2171 3416 2236 autem
3444 2182 3543 2227 vo-

1949 2255 2168 2321 cabulo,
2191 2256 2248 2309 in
2273 2272 2510 2330 quorum
2532 2259 2833 2327 conspectu
2850 2252 3087 2308 cruciari
3111 2254 3395 2321 dicuntur,
3426 2270 3541 2316 non

1948 2344 2128 2399 solum
2160 2343 2397 2414 angelici
2417 2343 2669 2423 spiritus,
2692 2360 2885 2400 verum
2907 2342 3079 2403 etiam
3105 2342 3411 2411 electorum
3440 2343 3546 2405 Ec-

1948 2433 2116 2487 clesia
2141 2431 2490 2504 exprimitur.
2521 2431 2680 2496 Quod
2708 2431 2834 2485 ideo
2857 2431 2970 2497 fiet,
2999 2435 3064 2495 ut
3081 2431 3216 2495 dum
3241 2431 3549 2513 impiorum

1949 2522 2229 2576 cruciatus
2243 2522 2383 2592 justi
2406 2522 2773 2597 conspiciunt,
2797 2520 2857 2576 in
2878 2520 2977 2574 Dei
2998 2519 3259 2584 laudibus
3270 2527 3544 2592 crescant,

1948 2628 2052 2681 per
2071 2611 2231 2681 cujus
2258 2610 2701 2667 misericordiam
2730 2615 3030 2664 evaserunt
3059 2608 3207 2680 quod
3235 2608 3428 2669 miseri
3448 2626 3548 2683 pa-

1950 2699 2172 2757 tiuntur
2202 2717 2213 2752 :
2247 2698 2380 2771 quia
2414 2698 2474 2755 in
2507 2715 2567 2752 se
2595 2701 2835 2752 cernunt
2861 2696 3070 2763 bonum
3110 2714 3220 2768 quo
3246 2696 3426 2769 gratis
3453 2714 3546 2759 re-

1949 2787 2230 2841 munerati
2252 2790 2402 2851 sunt,
2427 2791 2485 2840 et
2501 2786 2559 2840 in
2589 2786 2700 2841 illis
2725 2785 3006 2857 aspiciunt
3023 2785 3379 2857 supplicium,
3395 2786 3546 2858 quod

1949 2875 2389 2944 misericorditer
2428 2879 2743 2940 evaserunt.
2776 2875 2996 2945 eritque
3027 2880 3091 2931 ut
3114 2875 3395 2930 malorum
3423 2882 3546 2934 tor-

1950 2975 2224 3031 mentum,
2257 2964 2327 3018 ad
2354 2964 2661 3018 electorum
2680 2964 2941 3035 proficiat
2963 2964 3549 3019 incrementum.Sub-

261 3058 466 3109 tentur
501 3071 562 3108 se
611 3025 775 3108 nosse
803 3053 1002 3119 Deum,
1036 3053 1199 3107 factis
1234 3058 1425 3107 autem
1454 3025 1681 3123 negant.
1720 3025 1927 3115 Dumc‘
1945 3025 2443 3125 jungiturautem,
2476 3058 2524 3107 et
2553 3025 3052 3121 ante-conspectum
3080 3055 3242 3121 Agni.
3275 3054 3404 3108 Non
3433 3070 3545 3125 quo

263 3160 407 3214 ergo
428 3144 712 3198 Christum
736 3142 999 3214 operibus
1019 3142 1315 3213 denegant,
1338 3143 1532 3214 procul
1560 3141 1730 3196 dubio
1753 3144 1869 3198 An,

263 3232 512 3293 tichristi
551 3237 701 3298 sunt,
745 3232 984 3303 ideoque
1022 3232 1401 3297 characterem
1432 3232 1585 3291 illius
1610 3231 1670 3287 in
1698 3248 1869 3295 manu

263 3324 515 3393 portant.
544 3320 756 3376 Idcirco
787 3320 993 3375 dicitur
1021 3325 1078 3375 et
1104 3320 1211 3385 hic,
1231 3321 1364 3393 quia
1394 3320 1647 3377 videlicet
1675 3322 1871 3381 simili-

264 3416 361 3465 ter
389 3408 808 3465 damnabantur
837 3408 964 3464 falsi
996 3395 1435 3491 Christiani,qui
1467 3410 1867 3487 cperibusimi-

264 3503 469 3554 tantur
492 3498 920 3565 Antichristum,
956 3496 1236 3571 quomodo
1268 3503 1323 3557 et
1350 3498 1552 3568 Judaei,
1584 3499 1680 3571 qui
1708 3499 1868 3559 illum

1951 3160 2079 3198 eum
2124 3144 2278 3198 ultra
2318 3143 2492 3197 visuri
2520 3143 2655 3210 sint,
2686 3159 2815 3196 cum
2846 3143 3117 3214 scriptum
3147 3144 3223 3198 sit
3258 3144 3550 3199 :Tollatur

1948 3232 2174 3304 impius,
2205 3249 2277 3286 ne
2305 3231 2494 3288 videat
2517 3232 2757 3301 gloriam
2778 3231 2895 3296 Dei,
2911 3232 3010 3293 sed
3027 3237 3185 3291 tanta
3205 3233 3409 3288 timore
3429 3239 3548 3288 ter-

1950 3321 2246 3389 rebuntur,
2266 3320 2597 3377 utvideatur
2620 3320 2733 3381 illis
2765 3321 2916 3389 Deus
2946 3323 3300 3394 omnipotens
3327 3339 3553 3395 semper

1951 3428 2076 3469 esse
2104 3426 2371 3481 praesens,
2404 3409 2596 3480 eisque
2624 3410 2883 3466 vindictae
2907 3424 3023 3467 sua
3043 3411 3189 3470 iram
3219 3430 3442 3485 semper
3469 3413 3557 3469 in.

1950 3499 2165 3571 ﬂigere,
2184 3499 2334 3557 unde
2349 3500 2376 3554 J
2383 3498 2452 3553 ob
2480 3499 2616 3553 dicit
2640 3517 2653 3555 :
2680 3500 2909 3559 Dimitte
2934 3516 3019 3554 me
3048 3517 3177 3568 ergo
3199 3507 3265 3556 ut
3275 3504 3552 3570 plangam

268 3593 594 3659 sequuntur
619 3588 729 3642 ﬁde
759 3592 815 3642 et
834 3604 1022 3658 opere.
1040 3588 1199 3652 Quod
1220 3593 1306 3642 est
1323 3593 1512 3647 autem
1538 3589 1750 3658 vinum,
1764 3590 1872 3645 hoc
1946 3591 2251 3657 paululum
2276 3593 2495 3657 peccata
2514 3604 2651 3653 mea,
2671 3592 2972 3655 antequam
2991 3590 3194 3645 cadam
3215 3591 3291 3644 ad
3315 3596 3548 3655 terram,

267 3681 362 3732 est
388 3676 548 3742 calix,
580 3675 637 3730 id
685 3680 771 3730 est
814 3676 1057 3743 vindicta
1099 3681 1155 3730 et
1201 3676 1283 3732 ira
1314 3676 1415 3731 Dei
1445 3677 1865 3753 omnipotentis,

264 3771 511 3821 ventura
539 3782 709 3838 super
737 3782 832 3821 eos
862 3766 957 3839 qui
987 3764 1393 3823 Antichristum
1423 3766 1729 3823 adorantet
1747 3766 1870 3825 imi-

262 3860 493 3912 tantur.
531 3853 675 3908 Nam
707 3862 763 3908 et
792 3870 895 3908 nos
925 3854 1060 3911 dum
1086 3854 1277 3911 vinum
1304 3853 1365 3917 in
1394 3854 1625 3911 calicem
1646 3855 1865 3927 damus,

266 3961 389 3999 non
418 3944 653 3997 dicimus
687 3962 698 3997 :
725 3943 865 3998 Ecce
890 3944 1080 4001 vinum
1109 3948 1166 3998 et
1190 3943 1350 4008 calix,
1386 3943 1484 3998 sed
1519 3948 1741 3999 tantum
1770 3950 1871 3999 aut

264 4031 483 4099 vinum,
514 4039 615 4087 aut
641 4033 808 4089 calix.
845 4033 951 4088 Sed
979 4031 1184 4093 idcirco
1208 4032 1397 4105 posuit
1427 4033 1616 4091 vinum
1648 4039 1705 4087 et
1732 4034 1866 4088 cali-

263 4135 411 4191 cem,
445 4126 511 4177 ut
538 4119 860 4176 ostenderet
887 4121 1018 4193 quia
1059 4121 1209 4194 quod
1256 4126 1380 4177 erat
1422 4121 1484 4179 in
1529 4122 1701 4177 calice
1738 4138 1868 4176 cum

263 4227 428 4266 mero
456 4211 714 4279 mixtum,
764 4210 832 4267 ad
876 4210 1354 4283 comparationem
1393 4211 1535 4266 meri
1584 4210 1869 4265 turbidum

264 4306 420 4359 erat.
452 4300 672 4363 Merum
693 4300 899 4372 quippe
928 4299 1168 4357 dicimus
1195 4316 1421 4372 purum.
1455 4301 1598 4359 Sunt
1629 4300 1780 4357 enim
1809 4300 1869 4357 in

1952 3678 2050 3733 ubi
2078 3678 2279 3732 umbra
2308 3679 2501 3731 mortis
2548 3681 2598 3729 ct
2642 3678 3008 3743 sempiternus
3036 3677 3242 3733 hormr
3269 3680 3555 3743 inhabitat

1953 3766 2091 3836 (Job.
2119 3767 2245 3833 xx).

2020 3853 2089 3911 Et
2114 3854 2310 3920 fumus
2337 3858 2740 3919 tormentomm
2770 3870 2961 3911 eorum
2988 3856 3236 3915 ascendet
3263 3856 3330 3915 in
3351 3855 3551 3909 mla

1949 3944 2296 4003 seculorum.
2323 3940 2562 4011 Magnus
2582 3942 2771 4005 fumus
2802 3943 3073 4002 indicium
3100 3947 3187 3998 est
3210 3958 3548 4014 magnarum

1949 4030 2329 4098 ﬂammarum,
2363 4030 2513 4101 quia,
2547 4031 2805 4101 quamvis
2842 4031 2962 4089 sine
2989 4031 3337 4099 nutrimento
3363 4033 3550 4103 lignos-

1949 4136 2097 4186 rum,
2118 4135 2420 4191 corporeus
2435 4124 2626 4181 tamen
2655 4120 2764 4175 erit
2792 4120 2940 4197 ignis
2967 4121 3358 4192 reproborum,
3396 4121 3550 4176 idaov

1952 4225 2060 4279 qua
2081 4208 2300 4269 fumum
2315 4210 2438 4279 ejus
2457 4210 2866 4280 sempiternum
2880 4210 3021 4268 dicit
3037 4210 3236 4266 inesse.
3256 4210 3403 4275 Quia
3412 4226 3549 4282 ergo

1950 4297 2009 4352 in
2035 4297 2166 4371 igne
2194 4296 2463 4368 reprobos
2491 4298 2614 4359 sine
2640 4298 2752 4361 tina
2780 4299 2979 4355 ardere
3014 4299 3309 4371 conspicit,
3338 4299 3550 4355 idcirco
3580 4340 3583 4341 ν

264 4390 377 4449 hoc
406 4390 578 4444 calice
608 4388 776 4444 simul
798 4388 982 4443 mixtae
1002 4388 1167 4451 faeces
1195 4406 1323 4447 cum
1344 4389 1471 4445 vino
1501 4406 1678 4451 mero,
1700 4388 1756 4445 id
1785 4378 1933 4447 estD
1950 4390 2169 4443 fumum
2199 4393 2611 4444 tormentorum
2633 4388 2693 4451 in
2713 4390 2915 4449 Saecula
2932 4389 3267 4447 saeculorum
3288 4391 3553 4446 ascende.

263 4494 432 4550 puro.
450 4478 559 4533 Per
580 4476 768 4533 vinum
800 4477 991 4549 itaque
1012 4494 1252 4544 merum,
1266 4477 1512 4533 vindicta
1531 4475 1706 4537 divini
1739 4493 1867 4531 exa-
1951 4494 2012 4532 re
2027 4477 2183 4532 dicit.
2203 4477 2325 4543 Quo
2342 4476 2397 4530 in
2411 4477 2533 4532 loco
2558 4493 2714 4532 error
2730 4478 2990 4548 Origenis
3010 4484 3203 4550 aperte
3215 4480 3549 4548 dastruitur,

264 4567 440 4627 minis
481 4565 818 4637 intelligitur
868 4566 1017 4619 circa
1051 4567 1252 4641 justos,
1289 4566 1385 4638 qui
1424 4566 1783 4638 ﬂagellantur
1808 4565 1868 4622 in
1953 4566 2049 4638 qui
2069 4566 2208 4623 dixit
2226 4571 2352 4637 post
2376 4566 2529 4622 mille
2550 4582 2728 4625 annos
2757 4567 3024 4639 reprobos
3053 4568 3239 4623 redire
3259 4569 3330 4623 ad
3350 4570 3547 4636 vitam,

262 4656 552 4728 praesenti,
574 4661 637 4713 ut
654 4656 1008 4728 postmodum
1023 4655 1428 4731 gloriﬁcentur.
1454 4656 1561 4710 Per
1578 4655 1736 4713 faeces
1763 4671 1866 4711 au—
1945 4658 2129 4729 justos
2148 4663 2338 4713 autem
2359 4674 2681 4717 reversuros
2706 4658 2773 4715 ad
2803 4673 3043 4728 plenam,
3073 4656 3323 4728 alioquin
3342 4657 3551 4721 falsum

264 4751 389 4800 tem
432 4744 720 4801 damnatio
760 4750 1116 4818 peccatorum
1162 4744 1516 4816 exprimitur,
1559 4744 1655 4816 qui
1685 4745 1743 4800 in
1771 4761 1866 4799 ex-
1949 4745 3547 4821 estquodVeritasdicitzlbunthiinsuppliciumsternum,

265 4848 455 4889 tremo
476 4833 730 4891 examine
754 4832 1340 4901 damnabuntur,nam
1362 4833 1549 4889 vinum
1570 4836 1742 4905 supra
1762 4839 1864 4903 est,
1941 4839 2090 4905 justi
2110 4842 2295 4889 autem
2315 4838 2380 4890 in
2398 4838 2571 4889 vitam
2589 4840 2853 4897 aeternam
2883 4835 3105 4907 (Matth.
3132 4835 3281 4903 xxv).
3303 4834 3468 4899 Quod
3495 4834 3548 4890 si

268 4924 436 4979 faces
459 4928 646 4980 autem
667 4924 726 4977 in
748 4923 917 4979 fundo
943 4922 1139 4992 latent,
1162 4922 1293 4996 quia
1315 4921 1574 4978 videlicet
1601 4924 1780 4982 sancti
1810 4923 1869 4979 in

276 5014 545 5085 praesenti
572 5013 902 5085 puniuntur,
948 5022 1004 5065 et
1044 5011 1205 5082 quasi
1242 5017 1503 5084 apertum
1551 5007 1744 5066 contra
1780 5028 1875 5070 eos

280 5102 439 5158 saevit
450 5101 702 5157 divinum
723 5101 1010 5164 iudicium.
1034 5100 1279 5172 Reprobi
1302 5107 1489 5156 autem
1508 5101 1567 5154 in
1592 5102 1701 5155 fine
1714 5102 1874 5159 dam-

279 5189 734 5263 nabuntur,quia
751 5206 899 5244 nunc
917 5191 1038 5244 sine
1060 5175 1283 5261 ﬂagello
1295 5190 1652 5246 deseruntur.
1673 5190 1877 5249 Bibent

279 5280 507 5354 reprobi
528 5280 675 5351 quod
704 5278 1043 5335 remanserit
1066 5277 1123 5332 in
1152 5279 1344 5347 fundo,
1377 5280 1435 5335 id
1486 5284 1571 5339 est
1609 5280 1789 5346 faeces,
1823 5284 1879 5341 et

278 5388 398 5426 non
423 5369 616 5425 bibent
634 5368 812 5434 electi,
835 5369 967 5441 quia
987 5373 1045 5423 et
1056 5368 1280 5440 reprobi
1310 5375 1438 5451 post
1464 5370 1766 5440 voluptatis
1794 5370 1878 5424 la-

280 5460 515 5517 sciviam
537 5458 761 5512 aeternis
792 5456 1129 5515 cruciatibus
1156 5454 1597 5524 damnabuntur,
1629 5464 1688 5517 et
1712 5458 1876 5527 electi

280 5553 416 5621 post
437 5552 862 5618 temporaneam
885 5542 1238 5619 disciplinam
1264 5543 1325 5601 in
1365 5544 1675 5618 potentiam
1714 5548 1879 5618 regni

1957 4925 2082 4996 quis
2108 4924 2228 4979 vult
2256 4941 2507 4995 quaerere
2547 4940 2647 4985 cur
2675 4939 2775 4994 pro
2823 4923 3122 4995 temporali
3162 4928 3392 4994 peccato
3429 4924 3555 4980 sine
3585 4984 3591 4989 _

1955 5019 2211 5086 tempore
2236 5013 2459 5084 reprobi
2492 5013 2915 5078 cruciabuntur,
2945 5012 3244 5070 dicendum
3273 5018 3366 5068 est
3403 5014 3554 5086 quod

1958 5103 2247 5162 districtus
2263 5104 2437 5175 judex
2464 5103 2691 5160 veniens
2720 5119 2832 5161 non
2864 5101 3010 5159 facta
3038 5100 3315 5174 pensabit,
3337 5103 3439 5158 sed
3462 5118 3560 5158 vo.

1958 5191 2224 5247 luntates.
2258 5192 2404 5246 Nam
2452 5191 2694 5262 reprobi,
2725 5192 2774 5249 si
2822 5192 2946 5247 fieri
2991 5196 3201 5263 posset,
3242 5208 3470 5264 semper
3496 5191 3558 5247 in

1960 5283 2064 5337 hac
2087 5282 2200 5339 vita
2213 5281 2397 5337 vivere
2418 5285 2706 5351 cuperent,
2730 5285 2795 5337 ut
2819 5294 3180 5351 nequaquam
3203 5297 3438 5352 peccare
3462 5279 3560 5334 da-

1960 5370 2227 5426 sisterent
2266 5388 2278 5422 :
2323 5375 2382 5424 et
2418 5370 2543 5424 ideo
2589 5386 2880 5440 nunquam
2937 5368 3213 5427 carebunt
3263 5367 3554 5442 supplicio,

1960 5459 2056 5530 qui
2085 5474 2377 5531 nunquam
2406 5458 2703 5523 voluerunt
2742 5474 2934 5521 carere
2976 5463 3224 5530 peccato.
3256 5458 3329 5513 Et
3365 5455 3560 5519 nullm

1960 5548 2069 5603 erit
2095 5546 2305 5619 iniquis
2336 5540 2615 5603 terminus
2639 5548 2892 5613 ultionis,
2928 5547 3026 5619 qui
3051 5561 3343 5619 nunquam
3367 5544 3560 5600 volue-
