4048 6172
305 257 449 316 1113

1235 263 1616 320 EXPOSITIO
1646 265 1722 320 IN
1752 263 2272 320 APOCALYPSIN.
2315 291 2384 302 —
2414 261 2553 317 LIB.
2587 259 2654 312 ν.

3435 258 3578 314 1114

305 387 530 455 Euntes,
555 390 730 444 docete
777 407 961 445 omnes
995 399 1199 459 gentes.
1233 393 1570 458 baptizantes
1597 409 1687 469 eos
1709 395 1771 445 in
1801 409 1903 445 no-
1920 392 2106 450 Atabo
2128 394 2190 444 in
2211 391 2347 454 illis,
2371 395 2418 442 et
2440 390 2800 443 inambulabo
2823 391 2907 459 {II
2919 390 3037 443 Cor.
3067 386 3381 458 vi),quanto
3401 387 3582 458 magis

304 476 459 527 mine
479 476 686 535 Patris.
718 481 768 530 et
797 479 950 542 Filii,
974 484 1022 530 et
1051 479 1297 546 Spiritus
1324 483 1522 543 sancti,
1554 481 1796 532 docentes
1817 495 1900 531 cos

303 577 528 616 servare
555 580 889 633 quacunque
935 569 1203 620 mandavi
1248 568 1393 620 vobis
1437 569 1648 629 (Matth.
1694 564 1898 637 xxvm),

303 656 471 704 acuta
495 657 582 706 est
607 653 739 718 falx,
775 653 908 723 quia
937 655 1200 708 velociter
1251 655 1536 708 hominem
1580 672 1614 708 a
1658 657 1898 709 terrenis

304 738 601 794 desideriis
633 748 690 795 et
717 743 984 796 societate
1016 744 1294 797 malorum
1327 749 1572 814 separat.

374 829 439 881 Et
469 831 611 882 alter
637 833 867 897 angelus
893 835 1060 885 exivit
1092 834 1154 886 de
1185 837 1402 899 templo.
1430 834 1555 903 Ipse
1575 832 1902 903 designatur

301 932 405 984 per
423 916 663 972 alterum
688 919 1075 990 angelum,qui
1096 925 1150 974 et
1172 937 1273 990 per
1291 921 1618 991 primum,id
1631 927 1716 974 est
1735 923 1900 975 Chri-

300 1006 548 1071 stus,sed
566 1013 798 1077 propter
810 1008 1064 1063 ordinem
1084 1009 1360 1063 visionum
1375 1010 1583 1064 dicitur
1602 1011 1898 1076 alter,cum

299 1092 451 1148 idem
481 1095 573 1149 sit.
608 1096 794 1150 Exivit
816 1099 880 1150 de
909 1100 1124 1166 templo,
1152 1097 1257 1151 hoc
1282 1103 1387 1162 est,
1419 1099 1487 1152 de
1507 1115 1611 1152 sua
1635 1097 1899 1153 invisibili

297 1183 616 1252 majestate.
651 1184 874 1255 quando
910 1187 1135 1240 Verbum
1159 1202 1290 1240 caro
1309 1188 1521 1253 factum
1542 1191 1635 1252 est,
1669 1193 1717 1241 et
1747 1189 1900 1241 habi-

299 1274 436 1323 tavit
458 1273 519 1324 in
540 1273 693 1325 nobis
716 1274 903 1342 (Joan.
923 1273 986 1342 I),
1011 1273 1158 1344 quia,
1187 1290 1312 1328 cum
1344 1281 1490 1328 esset
1516 1275 1808 1330 invisibilis
1836 1277 1894 1330 in

297 1374 403 1412 sua
417 1365 641 1424 natura,
665 1362 882 1432 accepit
897 1379 1121 1416 carnem
1142 1369 1200 1416 et
1223 1363 1469 1416 animam
1500 1363 1558 1417 in
1597 1370 1761 1418 utero
1781 1365 1894 1418 vir-

293 1447 491 1516 ginali,
525 1451 585 1500 et
630 1448 810 1503 factus
835 1455 922 1504 est
966 1450 1198 1504 visibilis
1227 1451 1285 1504 in
1315 1455 1508 1505 nostra
1557 1452 1890 1507 substantia.

298 1534 445 1588 Hinc
464 1536 766 1606 Apostolus
787 1538 867 1592 ait
889 1557 902 1591 :
933 1541 1040 1606 Qui
1058 1556 1184 1593 cum
1206 1542 1268 1594 in
1288 1543 1474 1607 forma
1493 1543 1748 1601 Deiesset.
1775 1546 1893 1596 exi-

1983 479 2040 532 in
2069 479 2302 548 angelis,
2334 478 2427 548 qui
2452 478 2572 530 sine
2601 483 2828 547 peccato
2848 478 3010 530 sunt!
3055 477 3165 547 Ipsi
3212 477 3402 547 itaque
3449 481 3582 530 sunt

1980 567 2252 637 templum
2280 567 2399 630 Dei,
2433 566 2566 635 quia
2596 566 2653 618 in
2684 567 2803 636 ejus
2832 570 2964 619 sunt
3001 565 3215 634 jugiter
3241 557 3583 634 contempla-

1981 656 2152 710 tione.
2191 657 2371 709 Emit‘it
2395 671 2528 725 ergo
2565 657 2629 708 de
2660 657 2875 724 tempto,
2909 655 3058 725 quod
3087 659 3173 708 est
3196 655 3255 707 in
3279 654 3436 717 coelo,
3467 669 3581 706 non

1983 759 2092 814 quo
2110 760 2141 797 a
2163 743 2637 814 contemplatione
2657 744 2983 812 angelorum
3007 743 3313 807 recederet,
3332 743 3431 795 sed
3447 741 3582 811 quia

1982 832 2318 886 assumenda
2347 848 2594 897 carnem,
2645 831 2968 885 hominibus
3023 830 3255 884 visibilis
3293 831 3574 902 apparuit.

1981 922 2196 975 Habens
2215 927 2262 974 et
2283 925 2393 990 ipse
2409 923 2607 989 falcem
2627 921 2933 986 acutam,id
2952 925 3037 974 est
3047 921 3405 991 judiciariam
3426 926 3581 990 pote-

1983 1015 2208 1075 statem,
2243 1010 2374 1080 quia
2390 1012 2555 1064 Pater
2570 1026 2680 1063 non
2692 1010 2912 1078 judicat
2935 1025 3285 1077 quemquam,
3310 1010 3401 1062 sed
3420 1025 3578 1062 omne

1970 1100 2257 1165 judicium
2277 1100 2425 1152 dedit
2447 1099 2588 1152 Filio
2612 1101 2797 1170 (Joan.
2822 1099 2896 1167 ν).
2920 1098 3021 1151 Vel
3046 1099 3193 1152 sicut
3220 1097 3435 1152 dictum
3470 1102 3574 1164 est,

1980 1185 2040 1238 in
2071 1185 2211 1238 facie
2235 1195 2400 1239 acuta
2428 1185 2748 1256 praedicatio
2777 1186 3114 1255 intelligitur
3160 1201 3424 1256 superna,
3452 1202 3575 1256 qua:

1977 1273 2176 1327 dividit
2211 1279 2429 1344 patrem
2461 1289 2495 1326 a
2524 1275 2656 1339 tilio,
2689 1279 2746 1328 et
2787 1275 2961 1328 filium
2986 1291 3018 1328 a
3048 1279 3227 1344 patre,
3269 1279 3397 1339 etc.,
3429 1274 3575 1329 sicut

1976 1360 2032 1414 in
2066 1359 2370 1430 Evangelio
2393 1359 2664 1414 Dominus
2684 1360 2837 1425 dicit,
2864 1361 2920 1414 id
2940 1366 3026 1415 est
3045 1361 3310 1432 reprobos
3337 1379 3370 1415 a
3389 1361 3570 1416 bonis.

2045 1449 2122 1503 Et
2141 1453 2289 1502 alius
2309 1451 2539 1515 angelus
2564 1452 2732 1502 exivit
2747 1451 2810 1503 de
2829 1450 3137 1512 altari.Qui
3155 1450 3302 1502 enim
3317 1450 3574 1520 superior

1976 1544 2079 1602 est,
2109 1537 2230 1608 ipse
2258 1538 2589 1608 designatur
2615 1547 2673 1591 et
2701 1554 2802 1608 per
2837 1538 2987 1592 hunc
3044 1539 3332 1607 angelum,
3374 1538 3430 1591 id
3485 1544 3572 1592 est

296 1626 518 1677 nanivit
532 1629 901 1694 semetipsum,
927 1629 1107 1694 factus
1125 1629 1372 1681 obediens
1388 1644 1557 1696 usque
1572 1631 1646 1682 ad
1659 1635 1888 1683 mortem
1911 1664 1957 1722 Β
1977 1625 2236 1680 Christus
2265 1627 2500 1680 nuntius
2530 1632 2778 1697 paternze
2804 1626 3127 1680 voluntatis.
3159 1627 3352 1680 Altare
3380 1632 3572 1680 autem

298 1711 466 1778 (Phil.
490 1714 575 1779 ιι).
596 1713 664 1767 Et
685 1713 803 1785 ipse
831 1715 1103 1770 Dominus
1131 1734 1141 1768 :
1168 1717 1330 1770 Exivi
1347 1733 1382 1769 a
1411 1718 1588 1783 Patre,
1614 1724 1660 1771 et
1681 1722 1805 1772 veni
1826 1722 1890 1772 in
1911 1711 1955 1722 ”
1975 1714 2096 1785 ipse
2120 1720 2224 1777 est,
2250 1715 2344 1786 qui
2375 1720 2432 1769 et
2452 1715 2718 1786 pontifex,
2751 1715 3008 1770 Christus
3039 1715 3268 1781 scilicet,
3289 1732 3388 1786 per
3403 1731 3569 1785 quem

295 1801 1188 1872 mundum(Joan.xv1).Templum
1203 1803 1409 1874 quippe
1429 1805 1613 1858 Patris
1626 1805 1892 1860 estFilius

293 1891 353 1942 et
369 1889 643 1960 templum
658 1890 826 1945 Verbi
852 1892 970 1962 ipse
999 1892 1167 1946 homo
1187 1899 1528 1964 assumptus,
1549 1900 1606 1948 et
1620 1895 1892 1966 templum

293 1976 479 2030 Patris
499 1982 556 2031 et
569 1978 694 2032 Filii
709 1979 1056 2046 Ecclesia,de
1067 1997 1178 2052 qua
1193 1982 1403 2036 Paulus
1423 1983 1558 2036 dicit
1580 1999 1592 2035 :
1609 1985 1892 2051 Templum

295 2067 392 2118 Dei
409 2073 666 2121 sanctum
686 2073 761 2121 est
778 2071 922 2137 quod
939 2074 1064 2123 estis
1087 2087 1175 2123 vos
1206 2072 1255 2136 (Ι
1272 2072 1396 2126 Cor.
1412 2074 1514 2139 nl).
1555 2073 1732 2126 Exivit
1753 2088 1888 2143 ergo

291 2154 360 2207 de
374 2156 836 2227 templo,quando
859 2158 1092 2212 visibilis
1114 2159 1184 2212 ad
1204 2157 1479 2213 humanos
1497 2161 1706 2231 prodiit
1723 2177 1887 2231 aspe-

290 2245 708 2300 ctus-Clamans
733 2264 852 2302 voce
876 2264 1085 2316 magna
1107 2249 1181 2301 ad
1195 2250 1464 2302 sedentem
1487 2265 1651 2316 super
1663 2251 1883 2303 nubem.

290 2332 357 2386 In
389 2333 493 2387 hoc
521 2335 642 2389 loco
672 2336 768 2406 qui
797 2336 1126 2406 designatur
1153 2353 1253 2408 per
1289 2337 1516 2403 nubem,
1542 2337 1660 2407 ipse
1701 2345 1759 2392 et
1787 2356 1890 2409 per

291 2420 581 2474 sedentem
611 2439 785 2492 supra
808 2423 1034 2478 nubem.
1064 2425 1162 2478 Est
1189 2425 1336 2478 enim
1365 2441 1544 2495 genus
1573 2426 1631 2479 in
1659 2443 1886 2496 genere,

289 2508 436 2563 sicut
451 2511 838 2580 supradictum
859 2517 945 2567 est
965 2513 1033 2567 de
1054 2530 1182 2568 arca
1201 2515 1320 2568 Noe
1340 2521 1396 2568 et
1423 2520 1547 2569 octo
1566 2515 1886 2570 animabus.

287 2598 501 2654 Sedens
525 2617 658 2672 ergo
680 2619 852 2673 supra
872 2602 1100 2668 nubem,
1127 2605 1372 2659 Ecclesia
1400 2611 1486 2659 est
1516 2605 1574 2659 in
1603 2606 1720 2660 suis
1746 2624 1890 2677 pra:-

287 2687 654 2752 dicatoribus,
682 2693 752 2744 ad
782 2708 921 2762 quos
950 2693 1201 2763 loquitur
1231 2694 1488 2748 Christus
1517 2695 1887 2766 praecipiendo

287 2776 477 2832 dicens
509 2795 520 2830 :
556 2781 708 2834 Mitte
726 2782 920 2848 falcem
956 2786 1112 2836 luam
1141 2789 1384 2845 acutam,
1417 2783 1474 2837 id
1504 2789 1590 2838 est
1617 2784 1887 2855 praedica-

283 2866 499 2921 tionem
518 2868 765 2923 divinam
784 2870 843 2923 in
859 2871 1226 2926 Judaeoslloc
1237 2872 1482 2926 estenim
1503 2873 1652 2943 quod
1670 2873 1790 2944 ipse
1806 2874 1888 2929 eis

1975 1818 2211 1856 munera
2248 1809 2442 1857 nostra
2489 1805 2604 1858 Deo
2639 1804 2790 1858 Patri
2843 1804 3141 1874 dirigimus
3170 1809 3424 1874 petentes
3468 1820 3570 1857 nos

1976 1891 2230 1945 exaudiri
2260 1907 2359 1960 per
2383 1892 2690 1948 Christum.
2721 1893 2928 1947 Omnes
2952 1909 3174 1963 quoque
3203 1893 3364 1946 electi
3392 1894 3570 1946 altare

1975 1986 2126 2046 sunt,
2160 1981 2363 2051 quibus
2389 1983 2693 2052 Apostolus
2721 1982 2857 2036 dicit
2891 1998 2902 2032 :
2935 1983 3155 2037 Obsecro
3182 1998 3270 2035 vos
3286 1997 3386 2049 per
3411 1983 3571 2032 mise-

1973 2072 2278 2123 ricordiam
2311 2071 2430 2138 Dei,
2460 2077 2524 2124 ut
2549 2073 2846 2124 exhibeatis
2867 2087 3099 2139 corpora
3120 2076 3299 2124 vestra
3330 2071 3568 2123 hostiam

1971 2161 2257 2221 viventem,
2291 2164 2559 2224 sanctam,
2594 2161 2693 2213 Deo
2733 2162 3034 2228 placentem
3077 2161 3250 2230 (Rom.
3291 2164 3406 2225 xn).
3450 2159 3569 2212 An-

1966 2245 2128 2316 gelus
2158 2245 2348 2315 itaque
2377 2247 2546 2300 exivit
2572 2247 2641 2301 de
2660 2248 2844 2311 altari,
2869 2248 2926 2301 id
2959 2253 3046 2300 est
3073 2248 3329 2300 Christus
3357 2247 3568 2300 electus

1968 2338 2055 2387 est
2081 2334 2447 2404 singulariter
2476 2336 2734 2407 princeps
2764 2353 2830 2390 ex
2859 2336 3012 2390 omni
3041 2335 3403 2390 multitudine
3436 2335 3570 2388 ﬁde-

1969 2422 2126 2476 lium.
2139 2423 2245 2488 Qui
2261 2423 2420 2477 habet
2426 2429 2744 2491 potestatem
2765 2441 2932 2494 super
2952 2424 3318 2494 ignchgnis
3330 2423 3571 2494 Spiritus

1971 2517 2198 2566 sanctus
2223 2511 2413 2578 est,de
2443 2529 2552 2582 quo
2578 2514 2849 2568 Dominus
2878 2514 3042 2568 dicit:
3078 2516 3268 2581 Ignem
3299 2515 3426 2566 veni
3446 2515 3572 2566 mit-

1975 2607 2085 2655 tere
2098 2604 2160 2654 in
2185 2602 2785 2673 terram(Luc.xn).Qui
2803 2604 2972 2657 etiam
2992 2618 3161 2672 super
3180 2601 3570 2654 electosinlin-

1971 2689 2290 2761 guisigneis
2301 2689 2775 2746 descendit.Unde
2788 2693 2990 2746 merito
3007 2690 3279 2761 quaeritur
3289 2689 3569 2760 quomodo

1971 2778 2327 2849 angelus,qui
2348 2779 2542 2850 utique
2573 2781 2828 2836 Christus
2855 2779 3212 2849 intelligitur,
3232 2783 3568 2850 potestatem

1969 2868 2176 2922 habeat
2193 2883 2363 2938 super
2378 2867 2586 2938 ignem,
2611 2870 2668 2924 id
2689 2875 2774 2924 est
2792 2886 2962 2940 super
2993 2868 3265 2940 Spiritum
3287 2874 3566 2931 sanctum,

285 2955 460 3010 dicit:
493 2960 571 3012 [te
588 2963 809 3012 tantum
827 2961 900 3012 ad
923 2975 1038 3014 oves
1059 2977 1176 3027 quae
1187 2963 1480 3027 perierunt
1500 2963 1695 3016 domus
1716 2964 1888 3016 Israel
1970 2975 2097 3013 cum
2154 2955 2321 3010 unius
2377 2957 2704 3013 substantiae
2743 2959 2817 3013 sit
2861 2975 2988 3014 cum
3027 2959 3194 3012 Patre
3248 2963 3306 3010 et
3359 2955 3570 3027 Spiritu

293 3047 518 3112 (Matth.
533 3052 608 3116 κ.)
630 3077 694 3089 -
713 3049 780 3102 Ει
804 3054 959 3114 mete,
982 3048 1038 3103 id
1062 3054 1148 3104 est
1159 3051 1592 3121 separaludaeos
1606 3068 1640 3106 a
1659 3057 1886 3107 terreno
1903 3070 1946 3132 α
1969 3051 2180 3102 sancto.
2211 3045 2337 3099 Non
2358 3046 2509 3100 enim
2534 3048 2615 3116 (ut
2641 3048 2886 3102 heretici
2917 3048 3128 3114 dicunt)
3152 3047 3302 3101 Deus
3322 3049 3485 3117 pater
3503 3061 3570 3098 ex

296 3150 465 3189 sensu
476 3136 561 3190 vel
577 3153 610 3190 a
629 3137 871 3192 terrenis
889 3138 1200 3204 desideriis,
1218 3155 1288 3193 ne
1294 3140 1416 3209 jam
1430 3141 1731 3196 carnaliter
1749 3142 1889 3196 τιορὶ-
1970 3137 2258 3194 nonnullis
2288 3138 2458 3192 rebus
2503 3135 2938 3190 subsistentibus
2969 3136 3170 3190 Filium
3202 3134 3432 3201 creavit,
3474 3139 3575 3188 aut

293 3224 546 3294 piantzSi
560 3228 846 3281 volueritis
867 3232 916 3280 et
949 3229 1245 3282 audieritis
1266 3231 1519 3296 me,bona
1542 3235 1700 3283 terra:
1717 3247 1888 3284 come-
1969 3226 2177 3280 iterum
2219 3228 2338 3299 ipse
2368 3226 2546 3282 Filius
2597 3224 2867 3303 Spiritum
2912 3231 3166 3279 sanctum
3203 3225 3481 3278 minorem
3511 3239 3572 3276 se

285 3314 425 3366 detis
439 3315 570 3374 fisa.
588 3315 869 3383 l).-0uia
890 3319 1038 3369 venit
1058 3322 1120 3370 ut
1135 3317 1273 3371 hora
1293 3323 1552 3383 metatur,
1573 3318 1628 3371 id
1644 3323 1728 3372 est
1749 3323 1890 3372 tem-
1969 3317 2180 3370 creavit
2204 3335 2218 3372 :
2243 3317 2375 3388 quia
2406 3330 2644 3386 quorum
2677 3330 2790 3367 una
2811 3320 2896 3367 est
2915 3315 3116 3380 deitas,
3139 3330 3254 3367 una
3282 3318 3370 3367 est
3397 3313 3569 3367 etiam

283 3417 391 3472 pus
406 3402 554 3472 quod
567 3403 889 3473 pmdictum
904 3409 1100 3476 estper
1114 3422 1176 3460 os
1189 3406 1886 3478 prophetarumquodjam
1970 3410 2028 3457 et
2055 3406 2300 3459 essentia
2325 3423 2336 3458 :
2366 3410 2424 3458 et
2452 3405 2578 3457 ideo
2607 3404 2776 3457 Pater
2803 3408 2859 3456 et
2884 3403 3060 3456 Filius
3089 3407 3148 3456 et
3169 3403 3412 3472 Spiritus
3439 3418 3573 3456 san-

284 3490 472 3561 colligi
493 3491 658 3546 debet
678 3493 748 3546 ad
769 3493 1121 3563 spiritualem
1142 3511 1370 3549 sensum
1392 3499 1448 3548 et
1468 3495 1635 3549 ﬁdem
1652 3496 1881 3551 Christi.
1968 3497 2093 3546 ctus
2123 3494 2290 3548 unius
2318 3493 2644 3547 substantiae
2667 3498 2818 3554 sunt,
2851 3492 3018 3544 unius
3046 3492 3339 3562 potestatis
3361 3497 3418 3545 et
3449 3507 3572 3544 ma-

287 3581 569 3645 Quoniam
593 3585 750 3634 aruit
781 3585 970 3635 messis
1001 3588 1177 3646 terra,
1212 3583 1268 3637 id
1291 3588 1378 3638 est
1413 3590 1730 3655 praeparata
1753 3591 1887 3640 sunt
1961 3583 2322 3652 jestatis.Sed
2344 3583 2402 3636 in
2423 3584 2528 3636 hoc
2543 3582 2711 3636 habet
2727 3581 2898 3634 Filius
2919 3581 3016 3634 Dei
3044 3586 3378 3650 potestatem
3401 3594 3572 3650 super
3657 3605 3660 3608 ο

283 3667 455 3723 corda
475 3669 804 3740 p0pulorum
825 3671 1332 3737 adcredcndum,et
1353 3673 1475 3727 ideo
1493 3679 1814 3744 tempusest
1828 3680 1890 3729 ut
1972 3672 2183 3741 ignem,
2227 3671 2361 3741 quia
2390 3688 2556 3724 nemo
2595 3671 2923 3740 angelorum
2953 3675 3008 3722 et
3039 3669 3327 3722 hominum
3369 3668 3571 3738 accipit

283 3757 614 3812 excidantur
633 3775 665 3825 a
685 3764 858 3822 terra,
883 3765 940 3814 et
957 3761 1296 3831 colligantur
1310 3762 1378 3814 ad
1398 3762 1566 3815 fidem
1587 3763 1689 3816 Dei
1711 3763 1887 3816 omni-
1970 3760 2240 3830 Spiritum
2264 3764 2541 3824 sanctum,
2574 3759 2683 3812 nisi
2715 3775 2814 3829 per
2842 3757 3070 3811 Filium.
3104 3757 3264 3811 Unde
3293 3757 3410 3827 ipse
3441 3774 3568 3811 sur-

281 3846 552 3915 potentis.
573 3847 650 3901 De
673 3848 775 3902 hac
795 3866 978 3903 messe
996 3849 1115 3920 ipse
1134 3850 1191 3904 in
1214 3851 1514 3920 Evangelio
1543 3851 1713 3905 dicit:
1751 3854 1884 3905 Mes-
1966 3865 2105 3917 gens
2126 3866 2160 3902 a
2188 3848 2445 3913 mortuis,
2488 3849 2802 3917 insufflarit
2833 3852 2883 3900 et
2907 3849 3051 3899 dixit
3078 3848 3370 3913 discipulis
3401 3849 3517 3898 suis
3548 3865 3564 3900 :

281 3937 358 3987 sis
391 3937 612 4004 quidem
638 3940 838 4003 multa,
865 3942 1112 4006 operarii
1130 3949 1316 3993 autem
1332 3943 1504 4008 pauci
1526 3942 1741 4006 (Matth.
1766 3941 1842 4008 Ix)
1859 3985 1872 3998 .

355 4024 424 4076 Et
443 4027 723 4092 misit,qui
747 4028 955 4080 sedebat
984 4044 1148 4096 super
1172 4030 1391 4092 nubem,
1413 4030 1607 4094 falcem
1641 4045 1803 4081 suam
1818 4031 1882 4083 in

283 4116 517 4178 terram,
545 4114 678 4184 quia
703 4115 773 4168 ad
804 4132 990 4170 vocem
1021 4116 1229 4170 Christi
1259 4123 1548 4187 cceperunt
1576 4117 1880 4188 praedicare

277 4201 492 4256 Judaeis
519 4203 787 4272 primum,
841 4221 1133 4275 quousque
1163 4206 1430 4273 ejicerent
1457 4222 1552 4259 eos
1598 4223 1632 4260 a
1677 4206 1880 4261 ﬁnibus

280 4289 420 4349 suis.
452 4291 601 4344 unde
631 4292 840 4346 Paulus
865 4297 922 4346 et
949 4292 1236 4348 Barnabas
1266 4294 1528 4348 dixerunt
1569 4294 1647 4348 eis
1678 4313 1689 4348 :
1735 4297 1881 4349 Vobis

280 4380 509 4446 quidem
548 4382 823 4447 oportebat
861 4384 1117 4449 primum
1159 4385 1309 4450 loqui
1337 4386 1563 4437 verbum
1603 4386 1718 4448 Dei,
1749 4390 1880 4448 etc.,

283 4467 422 4530 (Act.
455 4483 528 4520 xl.
565 4498 628 4509 -
655 4470 720 4522 Et
750 4485 921 4522 messa
950 4476 1024 4523 est
1075 4475 1244 4536 terra,
1274 4472 1332 4524 id
1360 4477 1446 4526 est
1475 4473 1691 4526 collecti
1751 4479 1886 4527 sunt

281 4570 497 4620 omnes,
553 4563 830 4628 quotquot
879 4559 1107 4613 fuerant
1167 4561 1525 4630 praeordinati
1587 4561 1655 4614 ad
1709 4562 1882 4616 vitam

280 4647 570 4708 aeternam,
602 4644 672 4698 de
711 4644 914 4715 quibus
954 4647 1072 4714 jam
1117 4647 1384 4717 scriptum
1433 4653 1518 4703 est
1552 4667 1563 4700 :
1605 4649 1668 4702 Si
1705 4650 1882 4716 fuerit

282 4746 554 4784 numerus
581 4735 835 4799 ﬁliorum
881 4736 1052 4787 Israel
1103 4739 1264 4802 quasi
1291 4752 1468 4790 arena
1516 4739 1713 4800 maris,
1743 4739 1882 4791 reli-

280 4821 426 4885 quiae
454 4824 616 4874 salvae
643 4824 774 4889 ﬁent
807 4825 988 4892 (Rom.
1033 4824 1133 4891 lx).

353 4909 420 4962 Et
445 4913 594 4963 alius
620 4915 849 4978 angelus
871 4915 1041 4966 exivit
1060 4915 1124 4966 de
1146 4918 1342 4984 templo
1361 4919 1505 4984 quod
1530 4922 1603 4970 est
1629 4919 1690 4970 in
1721 4919 1872 4972 casto.

280 4997 550 5068 Superius
580 5000 798 5055 dixerat
823 5003 1089 5071 angelum
1121 5003 1189 5056 de
1226 5006 1436 5074 templo
1465 5006 1682 5067 exiisse,
1731 5021 1882 5059 nunc

278 5094 470 5141 autem
501 5088 595 5141 ubi
624 5089 728 5143 hoc
759 5092 1033 5161 templum
1065 5092 1243 5145 visum
1275 5093 1461 5159 fuerit,
1494 5095 1744 5148 indicare
1782 5110 1882 5146 cu-

279 5175 440 5228 ravit.
471 5176 573 5230 llic
602 5193 824 5248 quoque
864 5180 1101 5249 angelus
1134 5180 1389 5234 Christus
1436 5187 1540 5246 est,
1582 5198 1748 5251 porro
1787 5181 1880 5234 hic

277 5263 480 5317 coelum
499 5265 828 5336 simpliciter
845 5268 1116 5322 debemus
1142 5269 1456 5338 intelligere
1475 5269 1878 5324 habitationem

275 5354 571 5420 caelorum,
605 5355 701 5409 ubi
731 5362 816 5409 est
835 5358 1127 5428 templum,
1163 5357 1218 5409 id
1249 5363 1336 5410 est
1363 5358 1542 5411 sancti
1582 5359 1789 5428 angeli,
1822 5359 1880 5411 in

278 5441 485 5513 quibus
508 5443 657 5498 Deus
704 5443 938 5500 habitat.
970 5445 1028 5500 Si
1076 5445 1225 5499 enim
1270 5445 1326 5498 in
1381 5446 1718 5512 hominibus,
1751 5447 1884 5500 licet

276 5532 689 5604 peccatoribus,
710 5533 964 5597 habitare
992 5534 1276 5604 dignatur,
1285 5534 1447 5604 juxta
1475 5534 1614 5594 illud
1633 5555 1644 5590 :
1660 5536 1886 5598 Inhabig

1964 3939 2200 4005 Accipite
2222 3938 2502 4004 Spiritum
2529 3941 2785 3989 sanctum
2819 3937 2996 3998 (Joan.
3016 3936 3128 4002 xx).
3152 3935 3220 3987 Et
3235 3932 3370 3986 alibi
3395 3951 3406 3986 :
3443 3935 3570 3986 Nisi

1964 4042 2056 4091 ego
2094 4027 2296 4090 abiero,
2334 4028 2652 4080 Paracletus
2676 4040 2784 4076 non
2825 4026 3001 4076 veniet
3032 4025 3106 4076 ad
3128 4039 3220 4075 vos
3253 4041 3268 4074 :
3297 4026 3347 4074 si
3375 4027 3570 4074 autem

1963 4116 2171 4183 abiero,
2192 4118 2414 4168 mittam
2433 4130 2559 4167 eum
2573 4115 2647 4166 ad
2671 4129 2758 4166 vos
2778 4114 2956 4180 (Joan.
2983 4116 3192 4177 XVI).—
3217 4113 3284 4165 Et
3304 4113 3568 4166 clamavit

1963 4219 2082 4257 voce
2108 4219 2312 4271 magna
2341 4204 2414 4256 ad
2454 4219 2579 4255 eum
2611 4205 2711 4270 qui
2743 4203 2967 4255 habebat
2997 4203 3197 4268 falcem
3227 4205 3471 4265 acutam,
3505 4200 3566 4254 id

1968 4296 2054 4344 est
2071 4291 2140 4345 ad
2168 4292 2423 4346 ordinem
2446 4290 3001 4362 praidicatorum.qui
3024 4288 3233 4343 habent
3254 4289 3311 4342 in
3340 4305 3401 4342 se
3430 4289 3569 4343 divi-

1968 4396 2100 4432 nam
2123 4379 2596 4450 praedicationem,
2629 4378 2856 4432 dicens:
2892 4379 3042 4432 Mitte
3081 4381 3281 4445 falcem
3308 4383 3483 4438 tuam,
3517 4383 3566 4431 et

1965 4469 2245 4522 vindemia
2277 4470 2453 4521 botros
2481 4471 2650 4521 vinea:
2672 4473 2848 4532 terra,
2872 4471 3140 4535 quoniam
3169 4473 3406 4520 maturae
3433 4472 3567 4520 sunt

1965 4572 2081 4610 uva:
2109 4560 2244 4624 ejus.
2293 4557 2454 4620 Quod
2485 4573 2658 4628 supra
2691 4573 2792 4627 per
2816 4563 3068 4610 maturas
3104 4562 3340 4626 segetes,
3375 4556 3480 4609 hoc
3507 4558 3566 4608 et

1963 4645 2055 4698 hic
2078 4662 2179 4715 per
2206 4645 2397 4700 botros
2430 4646 2601 4700 vineae
2623 4652 2788 4700 terrae
2817 4645 3162 4713 designatur,
3185 4645 3242 4696 id
3263 4649 3349 4697 est
3367 4658 3562 4696 omnes

1962 4735 2176 4789 ﬁdeles.
2206 4733 2437 4790 Matura:
2466 4740 2600 4789 sunt
2627 4751 2746 4787 uvae
2765 4734 2906 4802 ejus.
2930 4733 2985 4786 id
3003 4738 3087 4785 est
3105 4731 3402 4802 praeparati
3428 4733 3562 4784 sunt

1965 4823 2155 4894 populi
2186 4824 2257 4878 ad
2287 4823 2811 4877 credendum.'l‘unc
2843 4820 3109 4891 praecepit
3140 4820 3243 4872 hoc
3267 4819 3557 4884 Dominus,

1965 4913 2189 4982 quando
2216 4919 2339 4984 post
2367 4911 2837 4965 resurrectionem
2867 4926 3028 4964 suam
3079 4923 3356 4979 apparens
3393 4907 3561 4961 disci-

1964 5002 2110 5072 pulis
2132 5001 2269 5066 suis,
2303 5001 2384 5054 ait
2411 5000 2524 5053 illis
2558 5018 2568 5052 :
2604 5001 2698 5064 Ite,
2733 5001 2907 5052 docete
2930 5014 3114 5052 omnes
3133 5002 3315 5065 gentes
3336 4997 3558 5068 (Matth.

1963 5095 2152 5157 xxvii),
2187 5098 2292 5144 etc.

2031 5181 2097 5232 Et
2119 5182 2271 5232 misit
2296 5180 2526 5246 angelus
2545 5179 2745 5244 falcem
2764 5193 2921 5229 suam
2949 5179 3012 5229 in
3037 5175 3416 5239 terram.Quia
3438 5192 3564 5247 pro-

1960 5268 2090 5322 fecti
2122 5267 2566 5338 praedicaverunt
2608 5265 2832 5335 ubique.
2885 5266 2951 5319 Et
2982 5267 3345 5318 vindemiavit
3383 5267 3562 5319 botros

1962 5361 2132 5412 vinea:
2145 5357 2388 5410 terra-1d
2404 5355 2768 5422 est,homines
2783 5371 2815 5407 a
2829 5361 3051 5408 terreno
3063 5371 3232 5408 sensn
3249 5359 3306 5407 et
3322 5353 3560 5424 pristino

1965 5447 2246 5518 separavit
2265 5461 2473 5504 errore.
2496 5450 2554 5498 et
2575 5443 2778 5497 unitati
2806 5443 2938 5498 ﬁdei
2964 5443 3272 5514 conjunxit.
3309 5442 3377 5495 Et
3407 5443 3560 5492 misit

1966 5541 2029 5595 in
2062 5539 2245 5590 lacum
2267 5537 2366 5589 ira
2394 5535 2492 5589 Dei
2515 5549 2805 5600 magnum.
2829 5533 2976 5597 Quid
2992 5548 3094 5605 per
3114 5534 3319 5594 lacum,
3343 5527 3476 5593 sive,
3498 5529 3562 5586 ut
