4048 6172
430 209 569 269 1119

910 212 1287 268 HAYMONIS
1319 211 1802 272 HALBERSTAT.
1837 212 2064 273 EPISC.
2093 215 2252 273 OPP.
2285 215 2469 272 PARS
2492 214 2517 271 Ι
2546 244 2612 257 —-
2640 213 3016 271 COMMENT.
3045 211 3226 268 BIBL.

3574 209 3717 267 1120

419 332 590 390 homo
618 336 677 391 in
706 336 967 407 paradiso
995 338 1333 393 constitutus
1367 341 1583 411 accepit
1622 347 1962 414 praeceptum
1996 359 2030 397 a
2047 346 2099 405 Α
2116 343 2302 415 passio
2316 342 2495 398 nostri
2508 339 3033 413 RedemptorisPer
3044 338 3285 410 gratiam
3301 335 3453 391 enim
3466 334 3717 407 Spiritus

423 421 542 478 Deo
565 441 637 479 ne
656 429 917 496 tangeret
939 443 1169 497 pomum
1191 427 1330 497 ligni
1354 429 1599 483 scientias
1632 429 1760 485 boni
1791 437 1847 486 et
1870 432 2023 495 mali;

426 513 576 583 quod
607 520 948 585 praeceptum
980 516 1027 570 si
1049 522 1345 583 servasset,
1368 518 1439 571 ad
1470 519 1639 572 vitam
1671 519 1752 573 illi
1782 522 2026 590 profuis-

423 602 747 657 set.Verum
777 605 1112 675 contempsit
1140 605 1244 659 hoc
1275 611 1616 677 przeceptum
1646 626 1657 661 :
1691 614 1748 661 et
1768 610 1916 679 quod
1944 609 2025 662 illi

424 688 620 743 datum
660 691 846 745 fuerat
873 692 945 745 ad
978 692 1171 756 vitam,
1208 710 1429 747 versum
1463 701 1551 749 est
1579 696 1630 749 ei
1656 696 1714 750 in
1744 714 1854 751 mox
1871 704 2019 751 tem:

426 776 619 848 sicque
637 795 701 832 ex
715 779 928 834 salubri
944 787 1225 853 praecepto
1241 784 1567 838 vulneratus
1581 790 1667 838 est
1678 790 1734 838 et
1749 791 2023 840 mortuus.

427 865 603 936 Moysi
630 883 853 938 quoque
878 869 1033 924 dedit
1062 871 1212 925 Deus
1240 878 1522 943 praecepta
1548 874 1772 943 legalia.
1795 874 1986 930 dicens
2011 894 2023 929 :

421 954 547 1007 Non
571 957 912 1022 occides,non
934 959 1275 1014 adulterabis
1290 962 1485 1031 (Exod.
1506 965 1621 1030 xx),
1641 968 1697 1016 et
1716 968 1919 1017 caetera
1937 964 2025 1019 his

422 1040 790 1108 similia.Quse
806 1046 1034 1116 quidam
1048 1050 1506 1118 servantes,sicut
1518 1051 1821 1121 Moyses,et
1832 1053 2017 1115 Josue,

423 1134 482 1184 et
500 1130 663 1185 multi
684 1132 801 1198 alii,
825 1133 1146 1190 habuerunt
1173 1136 1343 1190 vitam
1372 1137 1430 1191 in
1454 1137 1554 1191 eis.
1577 1138 1815 1192 Econtra
1836 1140 2019 1193 caeteri

418 1224 1154 1288 contemnentes,vulnerati
1176 1230 1326 1291 sunt,
1346 1226 1480 1296 quia
1497 1226 1866 1296 perdiderunt
1886 1243 2022 1298 prae-

420 1316 637 1362 sentem
664 1311 834 1364 vitam
864 1316 921 1364 et
937 1314 1205 1366 futuram.
1228 1315 1355 1384 lpso
1373 1331 1595 1385 quoque
1619 1315 1857 1369 Domino
1879 1333 2020 1387 prae-

423 1394 665 1463 dicante,
697 1398 929 1469 quidam
968 1400 1329 1455 crediderunt
1354 1403 1413 1456 in
1443 1419 1591 1469 eum,
1625 1404 1852 1475 quidam
1882 1421 2015 1460 non.

422 1480 515 1536 Illi
538 1484 634 1554 qui
654 1486 1015 1542 crediderunt
1037 1489 1094 1542 in
1115 1505 1264 1556 eum,
1289 1491 1677 1561 paenitentiam
1698 1499 1931 1563 agentes
1950 1494 2020 1548 de

421 1572 725 1640 praeteritis
739 1577 1087 1645 peccatis,sal
1097 1578 1206 1632 vati
1221 1585 1369 1633 sunt:
1391 1581 1487 1651 qui
1507 1588 1696 1635 autem
1719 1583 2022 1638 noluerunt

2110 432 2288 486 sancti
2315 431 2676 502 baptizantur
2726 430 2922 484 ﬁdeles
2949 428 3008 482 in
3042 428 3376 481 memoriam
3406 424 3719 480 Dominicaa

2108 520 2405 591 passionis.
2448 520 2609 575 Unde
2656 520 2900 573 Joannes
2956 517 3027 571 de
3082 516 3279 570 eodem
3331 513 3717 583 Redemptore

2108 614 2302 663 nostro
2331 608 2483 664 dicit:
2514 611 2628 677 Ipse
2658 625 2748 661 vos
2780 607 3081 675 baptizabit
3109 607 3171 658 in
3199 603 3418 673 Spiritu
3448 607 3640 656 sancto
3667 607 3715 655 et

2108 701 2233 766 igne
2263 699 2439 768 (Joan.
2472 698 2531 767 1),
2565 702 2623 752 et
2651 697 2859 751 Paulus
2886 713 2897 748 :
2926 697 3195 762 Quotquot
3220 695 3494 762 baptizati
3515 706 3715 744 sumus

2110 792 2173 839 in
2203 787 2416 841 Christo
2442 789 2593 853 Jesu,
2638 789 2699 839 in
2750 789 2923 837 morte
2970 785 3148 852 ipsius
3195 783 3466 849 baptizati
3515 795 3714 832 sumus

2108 875 2274 942 (Rom.
2307 879 2404 945 γι).
2436 874 2807 944 Coagulatum
2837 877 2925 926 est
2948 887 3103 924 mare
3128 870 3280 940 igne,
3312 869 3446 940 quia
3471 884 3579 939 per
3604 866 3715 920 vir-

2105 966 2286 1015 tutem
2308 962 2551 1032 Spiritus
2574 961 2753 1015 sancti
2773 960 3072 1013 ﬁrmantur
3091 957 3383 1022 ﬁdeles,ne
3403 956 3709 1022 ﬂuctuant,

2106 1056 2206 1104 aut
2222 1050 2352 1104 ullis
2371 1050 2823 1122 persecutionum
2843 1046 3060 1119 pruinis
3080 1045 3139 1100 in
3153 1045 3450 1099 mollitiem
3469 1058 3712 1097 conver-

2106 1145 2337 1207 tantur;
2360 1140 2430 1194 de
2460 1140 2566 1193 hac
2593 1154 2741 1209 aqua
2760 1136 3063 1191 Psalmista
3089 1134 3241 1189 dicit:
3272 1134 3545 1188 Dominus
3571 1134 3711 1198 regit

2104 1233 2264 1294 me,et
2282 1229 2429 1282 nihil
2451 1228 2597 1282 mihi
2617 1222 3334 1294 deerit,etc.,usque,Super
3351 1236 3561 1288 aquam
3575 1220 3712 1286 refe-

2101 1318 2299 1369 ctionis
2318 1317 2569 1369 educavit
2592 1330 2676 1368 me
2700 1316 2864 1379 (Psal.
2888 1316 3122 1369 xxm.—
3140 1313 3207 1365 Et
3228 1327 3312 1364 eos
3331 1312 3432 1379 qui
3450 1312 3707 1363 vicerunt

2103 1405 2325 1458 bestiam
2344 1410 2393 1457 et
2410 1407 2709 1471 imaginem
2724 1405 2900 1461 illius,
2917 1401 2974 1455 id
2987 1410 3069 1455 est
3083 1398 3585 1455 Antichristum.Et
3604 1413 3709 1451 nu-

2103 1509 2322 1546 merum
2349 1496 2597 1546 nominis
2618 1496 2755 1560 ejus.
2777 1490 2888 1554 Qui
2916 1506 3025 1544 non
3048 1489 3411 1543 crediderunt
3428 1486 3588 1540 illum
3610 1503 3705 1540 so-

2102 1581 2212 1634 lem
2239 1598 2343 1636 nec
2360 1582 2564 1647 lucem,
2586 1580 2699 1635 vidi
2721 1579 3076 1646 subauditur,
3108 1583 3314 1631 stantes
3341 1591 3519 1644 supra
3548 1591 3704 1628 mare

421 1660 669 1728 credere,
694 1662 946 1719 damnati
976 1672 1129 1729 sunt.
1156 1669 1306 1722 unde
1334 1669 1455 1740 ipse
1478 1670 1612 1725 dicit
1635 1688 1646 1723 :
1679 1672 1743 1727 Si
1780 1688 1892 1725 non
1932 1662 2081 1724 τηε-Β
2102 1670 2476 1734 vitreum.Qui
2499 1674 2632 1724 sunt
2649 1669 2911 1738 quistant
2930 1683 3100 1738 supra
3120 1682 3277 1720 mare
3296 1663 3569 1718 vitreum?
3595 1662 3702 1726 Qui

421 1751 623 1803 nissem
648 1756 697 1804 et
721 1754 933 1808 locutus
951 1758 1027 1809 eis
1044 1758 1293 1824 fuissem,
1306 1764 1589 1826 peccatum
1613 1775 1723 1813 non
1738 1760 2016 1814 haberent.

420 1837 587 1892 Nunc
605 1845 791 1895 autem
815 1849 1217 1899 excusationem
1244 1863 1356 1900 non
1376 1848 1572 1901 habent
1597 1850 1660 1901 de
1677 1855 1895 1917 peccato
1923 1866 2022 1903 suo

418 1925 877 1997 (Joan.xv).Hinc
887 1938 972 1985 est
992 1938 1050 1987 et
1068 1934 1344 2001 illud:Qui
1364 1930 1868 2003 crediderit,satvus
1892 1941 2019 1992 erit:

417 2016 521 2081 qui
546 2031 670 2070 vero
698 2034 810 2072 non
838 2021 1154 2084 crediderit,
1180 2024 1641 2078 condemnabitur
1661 2025 1863 2095 (Marc.
1883 2027 2016 2094 xvr).

416 2101 672 2172 Apostoli
698 2122 922 2178 quoque
951 2109 1334 2179 praedicantes,
1361 2111 1496 2165 facti
1526 2119 1659 2168 sunt
1688 2116 2020 2183 quibusdam

420 2192 555 2245 odor
565 2198 687 2249 vita
698 2199 760 2249 in
772 2201 1304 2266 vitam,quibusdam
1316 2217 1442 2255 vero
1455 2204 1587 2256 odor
1598 2208 1792 2257 mortis
1807 2208 1868 2257 in
1880 2220 2023 2258 mor-

422 2283 530 2333 tem
551 2282 633 2351 (ΙΙ
659 2284 781 2338 Cor.
798 2292 879 2353 ii).
907 2286 1181 2342 Similiter
1199 2292 1287 2343 est
1305 2295 1361 2343 et
1385 2290 1569 2345 modo.
1595 2290 1764 2345 Verbi
1794 2293 1978 2363 gratia
2004 2311 2016 2346 :

418 2366 696 2423 Praedicat
723 2373 975 2443 angelus:
1002 2376 1125 2431 Non
1152 2381 1492 2445 concupisces
1521 2395 1747 2434 uxorem
1769 2384 2020 2449 proximi

420 2458 508 2509 tui
530 2459 707 2522 (Deut.
736 2460 812 2530 ν),
840 2467 897 2516 et
914 2469 1115 2518 caetera
1129 2464 1469 2535 hujusmodi:
1495 2468 1654 2521 audit
1674 2468 1763 2521 hic
1783 2468 2018 2540 quilibet

417 2543 729 2615 hominum,
759 2556 817 2604 et
835 2550 1056 2606 videtur
1079 2553 1130 2606 ei
1155 2570 1277 2608 esse
1306 2555 1642 2622 durum.nec
1671 2558 1792 2611 vult
1819 2558 2016 2613 audire

420 2633 545 2703 ejus
561 2636 1042 2695 consilium.Unde
1061 2645 1120 2695 et
1138 2642 1353 2712 spernit
1376 2643 1605 2698 verbum
1629 2645 2015 2709 illius,faciens

418 2722 567 2791 quod
578 2722 682 2777 sibi
695 2725 931 2781 videtur.
942 2729 1054 2783 Hoc
1064 2728 1256 2800 itaque
1266 2730 1413 2801 quod
1425 2730 1507 2784 illi
1517 2736 1736 2802 poterat
1748 2734 2013 2804 prodesse

2103 1759 2359 1813 videlicet
2374 1760 2478 1813 hoc
2494 1759 2639 1829 quod
2660 1757 2895 1829 professi
2912 1762 3046 1810 sunt
3058 1755 3117 1809 in
3127 1754 3633 1825 baptismo,tenent
3647 1756 3702 1805 et

2101 1848 2344 1918 gratiam
2368 1848 2633 1919 baptismi
2673 1846 2948 1901 illibatam
2977 1844 3320 1907 custodiunt,
3352 1840 3703 1896 abstinentes

2102 1953 2162 1990 se
2182 1936 2252 1990 ab
2272 1936 2534 1991 omnibus
2575 1935 2928 2007 gravioribus
2957 1933 3303 1989 criminibus.
3337 1932 3604 1985 Habentes
3629 1932 3703 1983 ci-

2105 2026 2293 2078 tharas
2338 2027 2450 2079 Dei.
2491 2026 2604 2095 Ipsi
2651 2032 2784 2079 sunt
2812 2025 3064 2086 citharae,
3095 2021 3229 2093 quia
3272 2020 3332 2073 in
3360 2018 3698 2073 memoriam

2103 2112 2410 2168 Dominicaa
2459 2113 2734 2184 passionis
2778 2113 3110 2183 semetipsos
3146 2109 3505 2164 mortiﬁcant.
3545 2106 3702 2161 Sicut

2104 2201 2252 2255 enim
2267 2203 2384 2272 jam
2407 2218 2582 2273 supra
2600 2202 2813 2256 dictum
2835 2206 2949 2256 est:
2981 2203 3044 2255 ln
3067 2199 3285 2254 cithara
3300 2197 3519 2266 lignum
3535 2198 3627 2248 est
3644 2198 3701 2247 et

2104 2290 2325 2345 chordae
2349 2308 2362 2343 :
2387 2290 2445 2344 in
2484 2290 2634 2361 ligno
2657 2307 2791 2345 crux
2814 2288 3169 2358 intelligitur,
3189 2287 3248 2340 in
3263 2284 3488 2340 chordis
3503 2289 3695 2337 autem

2100 2379 2271 2433 corda
2294 2383 2638 2444 sanctorum,
2671 2379 2767 2449 qui
2797 2394 2858 2432 se
2905 2376 3247 2431 mortiﬁcant
3300 2389 3430 2428 cum
3459 2371 3617 2425 vitiis
3642 2376 3698 2425 et

2098 2469 2582 2540 concupiscentiis,
2606 2469 2675 2523 de
2705 2468 2907 2540 quibus
2937 2466 3147 2521 Paulus
3169 2464 3338 2517 dicit:
3374 2462 3482 2527 Qui
3507 2465 3696 2513 autem

2096 2563 2226 2611 sunt
2256 2558 2484 2621 Christi,
2515 2573 2741 2611 carnem
2765 2573 2927 2611 suam
2956 2556 3357 2621 cruci/iecerunt
3382 2566 3514 2604 cum
3544 2550 3696 2601 vitiis

2096 2651 2146 2699 et
2172 2649 2623 2714 concupiscentiis
2669 2647 2802 2716 (Gal.
2837 2662 2909 2711 ν).

2164 2735 2233 2788 Et
2256 2740 2541 2790 mutantes
2560 2738 2840 2789 canticum
2855 2737 3032 2803 Moysi
3051 2734 3196 2786 servi
3213 2733 3311 2786 Dei
3338 2736 3386 2784 et
3407 2731 3693 2783 canticum

417 2809 488 2863 ad
503 2811 819 2880 salutem,si
831 2816 1100 2872 voluisset
1115 2818 1164 2872 ei
1180 2819 1672 2887 credere,vertitur
1685 2821 1766 2875 illi
1787 2822 1844 2876 in
1858 2823 2012 2877 dam-
2091 2820 2596 2890 Agni,dicentes:ln
2615 2824 2832 2882 cantico
2855 2822 3025 2893 Moysi
3043 2822 3219 2874 Vetus
3236 2820 3692 2880 Testamentum,

418 2899 724 2956 nationem.
746 2903 1020 2960 Similiter
1038 2911 1094 2960 et
1115 2907 1352 2978 quilibet
1367 2925 1619 2979 paganus
1639 2910 1799 2964 audit
1816 2910 2009 2965 dicen—
2041 2975 2073 2982 _
2093 2909 2152 2964 in
2171 2911 2317 2981 Agni
2338 2928 2467 2966 vero
2488 2913 2705 2966 Novum
2728 2910 3192 2982 intelligitur.Est
3209 2908 3360 2964 enim
3382 2908 3490 2961 hoc
3509 2905 3584 2959 ab
3603 2906 3693 2959 in-

417 2991 534 3042 tem
545 2991 829 3061 angelum:
839 2995 948 3061 Qui
969 3012 1080 3050 non
1097 2975 1411 3066 creditJam
1421 2975 1712 3066 judicatus
1732 3006 1806 3054 est
1828 3002 2006 3067 (Joan.
2031 2975 2075 3037 Ο
2093 2975 2391 3054 ferio'ribus
2446 3000 2898 3071 intelligendum,
2914 2975 3061 3054 ham
3093 2998 3229 3070 quid
3278 2997 3354 3051 sit
3405 2995 3692 3049 canticum

423 3078 695 3146 m):audit
711 3080 892 3149 ille,et
906 3086 1217 3139 contemnit
1234 3086 1728 3159 credere,ideoque
1756 3090 2013 3144 vulnera-
2093 3088 2387 3160 Moysi,vel
2408 3090 2687 3144 canticum
2708 3088 3295 3160 Agni,aperiunt,cum
3314 3084 3686 3155 subiungunt:

411 3167 506 3218 tus
524 3171 609 3219 est
628 3183 694 3220 ex
713 3169 890 3239 ipsius
903 3171 1091 3226 divina
1106 3174 1585 3243 praedicationeﬁn
1597 3192 1707 3248 qua
1720 3178 1839 3246 jam
1854 3178 2009 3232 dam-

411 3257 580 3307 natus
598 3256 1038 3313 asseritur.Cum
1070 3277 1203 3331 ergo
1226 3262 1345 3316 ista:
1368 3263 1545 3333 plagas
1566 3264 1637 3318 ab
1658 3266 1780 3335 ipso
1809 3267 2005 3321 mundi

413 3339 528 3395 sint
547 3342 914 3415 principio,ut
932 3347 1146 3402 dictum
1167 3356 1271 3416 est,
1293 3352 1427 3421 quid
1444 3358 1532 3405 est
1552 3354 1701 3424 quod
1724 3355 2009 3410 Iohannes

413 3431 645 3501 angelos
653 3448 715 3487 se
725 3433 927 3490 vidisse
937 3436 1370 3503 dicit,habentes
1381 3446 1595 3511 septem
1607 3443 1802 3512 plagas
1818 3444 2008 3498 novis-

414 3518 630 3575 simas?
649 3523 783 3593 quia
814 3524 1070 3580 videlicet
1091 3533 1225 3582 tunc
1244 3528 1425 3599 major
1440 3529 1550 3583 erit
1568 3530 1857 3585 damnatio
1887 3532 2009 3587 inﬁ-

407 3606 656 3664 delitatis
687 3613 1075 3683 reproborum,
1108 3632 1239 3670 cum
1302 3618 1738 3688 praedicantibus
1776 3620 1898 3675 Elia
1953 3628 2011 3676 et

408 3696 617 3767 Enoch,
651 3702 815 3771 pauci
853 3720 948 3758 eos
978 3705 1229 3772 audient,
1263 3694 1426 3761 multi
1469 3712 1658 3763 autem
1699 3709 2004 3765 inﬁdelita-

406 3790 522 3842 tem
547 3795 865 3861 sequentes,
895 3794 1264 3850 adhaarebunt
1286 3797 1651 3853 Antichristo.
1686 3800 1846 3854 Unde
1875 3800 2007 3855 sub-

404 3874 701 3946 jungitur:
735 3881 1012 3947 Quoniam
1039 3886 1101 3936 in
1132 3884 1218 3937 his
1250 3891 1641 3940 consummata
1670 3893 1746 3941 est
1794 3904 1897 3959 pro
1936 3904 2001 3942 eo

407 3966 558 4036 quod
586 3973 691 4035 est,
718 3972 1205 4027 consummabitur
1231 3977 1324 4028 ira
1354 3976 1470 4030 Dei.
1504 3975 1707 4030 Statim
1736 3977 1888 4031 enim
1906 3994 2003 4032 ve-

404 4054 528 4109 niet
577 4056 836 4114 Christus
894 4061 966 4115 ad
1016 4062 1292 4132 judicium
1343 4069 1471 4135 post
1508 4064 1766 4119 ultimam
1805 4082 2000 4121 eorum

405 4145 886 4214 praedicationem,
909 4155 967 4204 et
984 4150 1405 4207 damnabuntur
1430 4142 1610 4224 iniqui
1632 4170 1732 4224 pro
1750 4171 1855 4209 sua
1880 4154 2003 4210 inﬁ-

407 4231 638 4289 delitate
698 4241 756 4289 et
817 4238 993 4292 animi
1050 4240 1381 4310 pertinacia,
1452 4258 1564 4311 qua
1618 4243 2040 4314 relinquentes‘

2015 4328 2065 4386 D
2083 4344 2206 4398 quae
2235 4328 2293 4382 in
2323 4330 2512 4384 Veteri
2540 4330 3034 4395 Testamento,hoc
3052 4334 3139 4384 est
3158 4330 3215 4383 in
3239 4329 3420 4397 Moysi
3435 4327 3668 4389 cantico,

408 4320 717 4389 Christum,
744 4329 800 4377 et
829 4325 1060 4396 insuper
1088 4343 1278 4382 servos
1298 4329 1402 4383 Dei
1430 4329 1853 4385 interfecerunt.

479 4410 546 4463 Et
571 4412 690 4464 vidi
718 4417 989 4481 tanquam
1028 4431 1183 4469 mare
1222 4420 1463 4471 vitreum
1494 4422 1620 4486 igne
1643 4423 1998 4487 permistum.

405 4497 519 4569 Ipsi
544 4498 643 4570 qui
666 4499 877 4555 habent
896 4508 1109 4573 septem
1132 4504 1352 4574 phialas
1368 4511 1424 4559 et
1444 4512 1659 4577 septem
1675 4507 1910 4577 plagas,i
1915 4510 2001 4579 psi

402 4593 539 4642 sunt
566 4589 662 4661 qui
691 4595 847 4645 stant
869 4608 1039 4664 supra
1059 4609 1235 4648 mare.
1259 4595 1413 4649 Mare
1437 4595 1628 4667 itaque
1657 4595 1996 4668 baptismum

403 4676 701 4747 signiﬁcat,
726 4685 969 4735 testante
990 4682 1184 4749 Paulo,
1209 4684 1304 4754 qui
1325 4684 1475 4738 dicit:
1499 4687 1687 4739 Patres
1706 4690 1882 4740 nostri
1896 4688 1997 4740 sub

402 4769 545 4821 nube
573 4785 758 4824 omnes
784 4772 1039 4838 fuerunt,
1072 4778 1121 4826 et
1159 4789 1345 4828 omnes
1368 4790 1522 4828 mare
1560 4778 1995 4841 transierunt,et

332 4908 339 4917 ,
402 4870 586 4911 omnes
617 4860 887 4926 baptisati
921 4866 1052 4915 sunt
1074 4864 1139 4915 in
1163 4863 1304 4916 nube
1329 4868 1379 4916 et
1410 4867 1472 4917 in
1501 4864 1653 4917 mari
1683 4865 1735 4927 (I
1762 4866 1881 4920 Cor.
1914 4864 1990 4936 χ).

400 4942 657 4999 Vitreum
684 4946 907 5015 dicitur,
938 4956 1171 5022 propter
1188 4943 1492 5022 puritatem
1515 4952 1795 5023 ﬁdei,quae
1817 4954 1994 5008 mani-

398 5030 637 5086 festatur
665 5034 723 5088 in
754 5035 1051 5108 baptismo,
1070 5039 1203 5094 dum
1232 5041 1574 5094 conﬁtentur
1599 5057 1659 5095 se
1687 5042 1914 5096 credere
1933 5043 1992 5097 in

396 5120 577 5174 Deum
605 5122 833 5178 Patrem
863 5134 921 5180 et
947 5127 1151 5182 Filium
1172 5130 1293 5199 ejus
1322 5134 1379 5183 et
1409 5129 1679 5201 Spiritum
1709 5136 1988 5199 sanctum,

397 5213 464 5263 ut
488 5208 697 5264 Paulus
722 5229 735 5265 :
771 5212 938 5267 Corde
965 5218 1215 5270 creditur
1243 5220 1316 5271 ad
1333 5222 1647 5285 justitiam,
1681 5234 1772 5272 ore
1800 5225 1991 5274 autem

395 5299 658 5366 confessio
700 5302 763 5367 ﬁt
806 5302 881 5354 ad
908 5306 1143 5358 salutem
1176 5307 1344 5370 (Rom.
1373 5311 1447 5369 κ).
1481 5306 1589 5360 Sed
1615 5306 1801 5375 ipsum
1833 5325 1989 5362 mare

388 5387 621 5443 mistum
651 5394 738 5443 est
791 5388 928 5461 igni,
961 5397 1019 5446 et
1065 5409 1168 5464 per
1204 5394 1309 5447 hoc
1356 5395 1716 5465 coagulatum
1771 5402 1880 5453 est.
1922 5398 1988 5452 In

390 5476 522 5551 igne
548 5482 740 5543 autem
768 5478 1013 5552 Spiritus
1040 5486 1269 5537 sanctus
1290 5481 1650 5554 intelligitur,
1673 5484 1792 5540 sive
1813 5485 1988 5541 etiam

2089 3179 2295 3245 Magna
2311 3184 2358 3232 et
2381 3181 2673 3233 mirabilia
2698 3184 2830 3233 sunt
2849 3194 3013 3247 opera
3036 3178 3394 3241 tua,Domine
3414 3175 3558 3229 Deus
3577 3190 3695 3226 om-

2089 3266 2667 3337 nipotens.Utriusque
2693 3264 3039 3320 Testamenti
3058 3260 3277 3335 paginas
3306 3262 3411 3316 hoc
3438 3277 3689 3315 consona
3748 3284 3751 3289 -

2090 3354 2251 3408 nobis
2270 3370 2402 3409 voce
2429 3360 2725 3419 testantur,
2759 3355 2894 3425 quia
2922 3369 3129 3424 magna
3160 3357 3220 3406 et
3246 3350 3528 3405 mirabilia
3557 3356 3692 3404 sunt

2091 3459 2262 3514 opera
2291 3443 2694 3514 omnipotentis
2722 3443 3072 3514 Dei.Moyses
3090 3456 3313 3512 quoque
3336 3445 3535 3494 narrat
3554 3456 3692 3510 quo-

2092 3532 2260 3586 modo
2279 3532 2474 3587 fecerit
2494 3531 2642 3587 Deus
2661 3533 2860 3586 celum
2882 3536 2940 3585 et
2964 3538 3201 3599 terram,
3222 3545 3381 3583 mare
3410 3535 3470 3582 et
3499 3529 3687 3582 omnia

2091 3634 2215 3689 qua:
2240 3621 2300 3673 in
2323 3620 2403 3674 eis
2424 3625 2642 3686 sunt,et
2666 3621 2816 3692 quod
2835 3620 3066 3690 spiritus
3084 3619 3186 3673 Dei
3205 3616 3493 3672 ferebatur
3516 3632 3687 3687 super

2089 3723 2286 3779 aquas,
2320 3713 2377 3763 et
2420 3710 2571 3779 quod
2595 3709 2796 3763 viderit
2819 3709 3017 3763 ardere
3046 3707 3250 3762 rubum
3281 3711 3340 3760 et
3367 3704 3542 3760 rubus
3572 3720 3683 3758 non

2084 3796 2537 3853 comburebatur.
2569 3798 2797 3869 Virgam
2836 3813 3062 3869 quoque
3103 3796 3240 3850 dicit
3265 3811 3592 3849 conversam
3621 3795 3681 3847 in

2083 3884 2402 3952 draconem,
2432 3902 2607 3957 aquas
2652 3886 2879 3958 ngypti
2925 3890 3175 3940 mutatas
3216 3884 3276 3938 in
3322 3883 3677 3953 sanguinem,

2083 3973 2389 4045 Egyptum
2412 3975 2606 4029 decem
2638 3975 2820 4046 plagis
2846 3990 3190 4046 percussam,
3224 3978 3284 4027 et
3308 3988 3467 4026 mare
3496 3971 3567 4025 ad
3593 3972 3680 4025 in.

2082 4078 2338 4131 gressum
2356 4063 2602 4117 ﬁliorum
2621 4064 2797 4120 Israel
2825 4063 3083 4118 divisum:
3106 4062 3310 4117 deinde
3328 4076 3508 4131 aquas
3528 4076 3680 4113 ama-

2084 4150 2340 4206 rissimas
2370 4152 2712 4207 immistione
2744 4152 2883 4223 ligni
2913 4152 3251 4217 dulcoratas,
3267 4156 3326 4204 et
3351 4150 3566 4204 sitienti
3584 4165 3675 4220 po-

2082 4240 2215 4310 pulo
2232 4257 2435 4311 aquam
2450 4241 2520 4295 de
2539 4246 2703 4312 petra
2724 4242 3055 4313 productam
3060 4246 3142 4310 ,et
3168 4241 3346 4294 multa
3371 4240 3457 4293 his
3470 4239 3673 4293 similia

2081 4425 2614 4473 commemorantur.
2640 4420 2706 4474 In
2729 4421 2885 4474 Novo
2915 4435 3137 4490 quoque
3163 4418 3527 4471 Testamento
3543 4432 3672 4470 nar-

2080 4511 2282 4560 mntur
2303 4505 2564 4561 similiter
2583 4523 2789 4578 magna
2817 4513 2875 4561 et
2900 4506 3179 4561 mirabilia
3207 4522 3380 4577 opera
3408 4506 3669 4569 Dei.Quis

2081 4595 2230 4649 enim
2260 4596 2430 4665 digne
2450 4596 2725 4667 explicare
2747 4597 2892 4650 valet
2910 4612 3080 4666 quam
3110 4611 3376 4665 magnum
3406 4595 3484 4649 sit
3511 4610 3665 4664 opus,

2079 4685 2227 4754 quod
2253 4685 2405 4739 Deus
2424 4685 2591 4739 homo
2628 4685 2811 4739 factus
2836 4691 2941 4751 est,
2966 4685 3115 4756 quod
3146 4684 3243 4738 ille
3273 4683 3370 4754 qui
3397 4690 3487 4737 est
3504 4683 3667 4737 ‘cibus

2076 4774 2508 4839 omnium,lactc
2528 4774 2780 4828 mulieris
2798 4774 3068 4839 nutritur,
3098 4789 3170 4828 ne
3195 4773 3345 4827 fame
3371 4772 3663 4827 moriatur:

2076 4862 2227 4933 quod
2246 4862 2342 4933 qui
2361 4864 2563 4917 caelum
2588 4869 2645 4917 et
2662 4869 2870 4917 terram
2893 4862 3263 4934 implet,intra
3275 4878 3480 4933 corpus
3501 4861 3666 4915 unius

2075 4950 2307 5021 virginis
2349 4951 2717 5006 concluditur.
2748 4952 2888 5016 Quis
2914 4952 3032 5007 haec
3061 4956 3120 5005 et
3145 4951 3235 5004 his
3259 4950 3467 5004 similia
3501 4951 3666 5021 digne

2074 5040 2260 5094 dicere
2288 5041 2373 5094 vel
2402 5040 2757 5095 considerare
2779 5040 3011 5095 sufﬁcit?
3040 5039 3149 5094 Sed
3172 5055 3299 5093 cum
3330 5039 3450 5094 haec
3478 5038 3666 5093 omnia

2074 5129 2263 5183 divina
2287 5130 2467 5200 pietas
2484 5135 2789 5201 pateretur,
2806 5146 3044 5200 cumque
3067 5134 3320 5184 mortuos
3348 5129 3659 5194 suscitaret,

2073 5220 2328 5273 infirmos
2360 5224 2607 5284 sanaret,
2647 5220 2716 5273 ad
2762 5219 3027 5273 ultimum
3067 5218 3244 5289 (quod
3274 5219 3553 5290 praecipue
3581 5223 3664 5272 est

2074 5308 2391 5362 mirandum
2399 5320 2413 5376 )
2442 5308 2650 5362 factum
2681 5314 2766 5362 est
2794 5313 2860 5362 ut
2881 5308 2995 5362 vita
3025 5312 3361 5370 moreretur,
3384 5307 3662 5361 virtusin-

2069 5398 2413 5461 ﬁrmaretur,
2459 5403 2517 5451 et
2561 5382 2742 5451 multa
2767 5397 2857 5451 his
2885 5396 3093 5451 similia
3128 5396 3456 5462 sustineret,
3490 5396 3661 5450 donec

2068 5491 2198 5560 post
2224 5486 2575 5563 triumphum
2606 5485 3030 5547 resurrectionis
3059 5486 3341 5542 exaltatus‘
3381 5490 3470 5540 est
3495 5500 3662 5555 super
