4006 6164
324 238 459 297 1121

1217 234 1598 290 EXPOSITIO
1636 205 1716 289 ui:
1744 232 2270 290 APOCALYPSIN.
2300 263 2373 277 —
2400 235 2540 290 LIB.
2565 235 2634 289 v.

3456 241 3595 321 1122

322 362 521 418 omnia
545 379 558 415 :
587 362 706 416 hinc
734 360 925 430 itaque
949 374 1119 429 opera
1149 358 1251 412 Dei
1278 359 1459 413 sancti
1489 358 1695 429 angeli,
1727 357 1785 411 id
1814 361 1919 423 est,
1926 366 1978 424 Α
1995 363 2126 412 rant
2149 363 2349 425 morte,
2383 359 2455 414 ad
2484 359 2656 414 vitam
2677 359 3292 430 prmdestinanssalvas.
3316 365 3593 432 Quoniam

322 467 523 506 omnes
541 449 933 521 praedicatores
952 447 1277 518 praedicant,
1305 447 1423 501 haec
1446 464 1641 501 omnes
1668 446 1786 500 suis
1814 462 1918 500 au-

322 539 603 595 ditoribus
622 542 876 592 narrant.
900 537 1030 591 Haec
1050 542 1106 590 et
1131 553 1257 601 nos,
1289 536 1335 589 si
1365 553 1476 590 non
1505 536 1691 606 digne,
1724 541 1919 590 tamen

319 646 427 701 pro
448 628 674 682 modulo
694 631 886 680 nostro
908 624 1176 679 debemus
1197 640 1382 694 agere,
1406 625 1655 679 dicentes
1679 643 1690 677 :
1717 626 1919 695 Magna

319 726 381 772 et
410 716 690 772 mirabilia
717 731 889 785 opera
916 719 1036 780 tua,
1070 713 1306 768 Domine
1354 714 1502 767 Deus
1540 714 1913 785 omnipotens,

320 806 420 878 qui
450 822 575 860 cum
608 820 759 858 esses
801 803 1034 856 verbum
1072 802 1131 854 in
1176 801 1451 872 principio
1484 818 1717 856 manens
1769 802 1918 873 apud

316 895 571 960 Patrem,
597 908 741 947 novo
769 891 964 945 ordine
991 889 1223 944 indutiis
1252 906 1311 943 es
1332 890 1637 957 hominem,
1662 896 1919 945 mortuus

318 1000 382 1038 es
437 999 539 1053 pro
577 980 755 1046 nobis,
800 978 1133 1033 mirabiliter
1169 978 1494 1045 suscitatus,
1543 995 1714 1050 super
1750 980 1918 1033 crelos

319 1073 592 1137 elevatus,
608 1071 813 1124 iterum
835 1068 906 1122 ad
919 1067 1198 1139 judicium
1222 1073 1513 1122 venturus.
1535 1070 1702 1121 Justa:
1721 1073 1768 1120 et
1782 1083 1918 1121 verae

317 1166 421 1217 via:
442 1166 669 1226 tuz,rer
683 1161 1027 1213 saeculorum.
1046 1157 1310 1227 Legimus
1320 1156 1379 1210 in
1391 1155 1596 1210 Genesi
1608 1156 1755 1227 quod
1771 1155 1921 1209 Deus

318 1249 677 1320 omnipotens
708 1246 937 1300 recessit
961 1244 1031 1298 ab
1058 1245 1212 1298 omni
1234 1260 1442 1314 genere
1471 1244 1739 1307 humano,
1770 1242 1920 1314 quod

317 1354 447 1392 cum
474 1337 637 1408 aquis
679 1334 869 1389 diluvii
901 1333 1216 1399 delevisset,
1248 1332 1487 1387 adhaesit
1521 1332 1641 1386 Noe
1685 1336 1742 1386 et
1788 1331 1918 1385 filiis

316 1427 463 1497 ejus,
498 1425 631 1496 quia
653 1422 864 1477 inventi
893 1428 1028 1476 sunt
1058 1420 1226 1492 justi.
1264 1419 1478 1475 Deinde
1506 1420 1566 1473 in
1595 1419 1917 1491 superbiam

316 1515 846 1585 elevati,postquam
863 1509 1218 1580 multiplicati
1240 1515 1390 1569 sunt,
1415 1509 1710 1562 voluerunt
1723 1514 1919 1562 contra

313 1604 498 1658 Deum
520 1601 796 1656 aediﬁcare
816 1598 1235 1669 turrim,ibique
1255 1614 1449 1652 omnes
1465 1603 1662 1667 gentes
1678 1613 1917 1651 recesse—

2000 462 2185 499 omnes
2212 453 2393 513 gentes
2422 451 2637 502 venient
2663 447 2951 519 gressibus
2980 449 3111 503 ﬁdei
3140 455 3198 504 et
3225 453 3427 521 cordis,
3461 458 3596 527 quia

1997 533 2175 588 Judaei
2204 540 2260 588 te
2275 543 2640 606 negaverunt.
2665 538 2729 590 Et
2748 538 3061 591 adorabunt
3086 541 3148 592 in
3169 549 3449 609 conspectu
3479 551 3592 601 tuo.

2001 624 2119 677 lloc
2149 631 2254 689 est,
2298 624 2354 678 in
2385 626 2551 679 corde
2582 642 2743 697 puro,
2784 626 2934 696 quod
2980 627 3131 681 solus
3158 628 3328 684 vides.
3360 630 3447 686 De
3492 633 3598 689 hac

2000 712 2327 767 adoratione
2361 713 2630 768 Dominus
2657 714 2880 769 mulieri
2909 715 3276 772 Samaritanae
3300 718 3473 777 dicit:
3507 724 3597 777 Ve-

2000 802 2112 853 niet
2127 802 2263 854 hora
2283 804 2502 870 quando
2514 806 2632 856 veri
2648 805 2966 857 adoratores
2981 806 3517 864 adorabuntPalrem
3530 814 3594 866 in.

1998 890 2205 956 spiritu
2232 895 2281 941 et
2312 892 2537 942 veritate
2560 892 2741 956 (Joan.
2765 896 2930 960 1v).—
2957 894 3231 959 Quoniam
3248 897 3470 963 judicia
3497 903 3597 953 tua

1999 977 2298 1043 manifesta
2332 983 2479 1032 sunt.
2508 978 2754 1041 Quaestio
2799 980 2980 1034 oritur
3019 981 3077 1035 in
3102 983 3209 1037 hoc
3238 983 3379 1050 loco,
3411 985 3598 1049 Quare

1998 1062 2411 1135 triumphantes
2432 1066 2501 1119 de
2522 1066 2701 1121 bestia
2715 1068 3150 1134 dicant,.ludicia
3178 1078 3275 1126 tua
3296 1076 3596 1142 manifesta

2000 1157 2151 1213 sunt,
2184 1168 2312 1206 cum
2337 1156 2637 1224 Apostolus
2664 1156 2831 1223 dicat,
2861 1158 2902 1212 0
2932 1160 3173 1213 altitudo
3217 1165 3501 1230 sapientia
3547 1170 3599 1219 et

1999 1243 2239 1321 scientiae
2263 1244 2378 1295 Dei.
2411 1245 2588 1309 Quam
2618 1247 3194 1314 incomprehensibilia
3221 1257 3353 1305 sunt
3370 1254 3596 1321 judicia

1999 1331 2134 1396 ejus,
2169 1334 2217 1383 et
2248 1332 2649 1397 investigabiles
2678 1336 2776 1385 vim
2799 1337 2950 1401 ejus!
2982 1337 3151 1405 (Rom.
3175 1342 3271 1407 x1.)
3295 1339 3429 1403 Quae
3449 1358 3596 1412 quae-

2000 1416 2107 1471 stio
2136 1417 2216 1471 ita
2264 1418 2501 1473 solvitur
2529 1436 2539 1468 :
2573 1419 2953 1475 Subtilitatem
2983 1423 3212 1492 quidem
3250 1427 3593 1496 judiciorum

1998 1505 2119 1566 Dei,
2140 1522 2313 1576 quare
2334 1508 2547 1561 scilicet
2566 1509 2672 1562 hoc
2689 1510 2826 1576 vult,
2852 1516 2917 1565 ut
2935 1511 3073 1565 illud
3096 1514 3214 1578 fiat,
3238 1530 3404 1568 nemo
3440 1533 3594 1571 com-

1997 1594 2345 1663 prehendere
2375 1596 2547 1654 valet.
2585 1596 2721 1660 Quis
2769 1597 2919 1652 enim
2965 1599 3151 1653 dicere
3180 1607 3383 1671 potest,
3419 1621 3595 1674 quare

312 1696 449 1745 runt
472 1708 505 1744 a
525 1689 625 1744 Dei
653 1690 893 1755 cultura,
922 1693 1125 1759 praeter
1141 1686 1379 1741 Abrahae
1408 1685 1752 1756 progeniem.
1769 1677 1978 1740 Reli—B
1998 1683 2145 1737 Deus
2170 1682 2264 1753 qui
2303 1682 2459 1754 prius
2484 1689 2682 1754 gentes
2711 1685 2829 1739 vias
2856 1702 2988 1740 suas
3018 1687 3192 1741 libere
3216 1689 3435 1758 ingredi
3463 1704 3594 1762 per-

314 1778 440 1850 quit
462 1794 597 1847 ergo
616 1777 765 1831 Deus
781 1775 1135 1846 omnipotens
1153 1772 1577 1839 eas,etadhaesit
1589 1773 1835 1827 Abrahae
1857 1779 1915 1829 et
1996 1770 2167 1837 misit,
2200 1770 2421 1826 Judaeos
2444 1771 2551 1825 sibi
2578 1773 2791 1839 ascivit,
2820 1780 2878 1828 et
2904 1774 3127 1841 deinde,
3149 1777 3372 1831 Judaeos
3401 1781 3595 1850 repel-

310 1865 520 1921 semini
544 1866 686 1936 ejus,
715 1863 812 1934 qui
829 1879 958 1917 eum
987 1862 1153 1932 longo
1181 1868 1435 1931 tempore
1455 1861 1769 1915 coluerunt.
1804 1861 1910 1916 Sed
1995 1859 2135 1921 lens,
2164 1866 2362 1929 gentes
2406 1860 2800 1915 advocaverit?
2828 1863 3124 1917 Manifesta
3169 1881 3300 1919 vero
3351 1872 3486 1920 sunt
3532 1868 3591 1922 in

310 1952 800 2027 postquamFilius
814 1951 917 2006 Dei
936 1950 1089 2005 venit
1104 1950 1175 2003 ad
1195 1966 1310 2015 eos,
1334 1954 1819 2020 negaverunteum
1833 1949 1914 2003 di-
1995 1945 2119 2013 hoc,
2153 1947 2364 2002 scilicet
2395 1948 2546 2018 justa
2577 1954 2727 2017 sunt,
2760 1949 2894 2020 quia
2931 1950 3207 2021 quidquid
3248 1953 3398 2007 Deus
3434 1952 3586 2021 fecit,

308 2049 503 2099 centes
529 2061 543 2097 :
574 2043 734 2096 Hunc
764 2043 1036 2095 nescimus
1064 2039 1209 2092 unde
1232 2041 1303 2091 sit
1329 2040 1507 2107 (Joan.
1533 2044 1607 2106 ix)
1633 2057 1646 2102 ;
1681 2043 1757 2101 et,
1797 2039 1907 2092 ἄω-
1986 2037 2204 2106 justum
2233 2053 2354 2091 esse
2377 2036 2446 2091 ab
2462 2038 2723 2093 omnibus
2744 2056 2876 2093 vera
2900 2040 3206 2095 scientibus
3226 2040 3586 2113 intelligitur.

308 2135 567 2186 monium
588 2131 743 2185 habet
764 2129 977 2194 (Matth.
1013 2126 1107 2196 ιι).
1134 2126 1294 2181 Unde
1314 2130 1372 2179 et
1395 2141 1525 2179 eum
1548 2125 1715 2179 morti
1731 2124 1910 2179 tradi-
2064 2126 2187 2178 Post
2217 2126 2326 2179 haec
2350 2128 2484 2189 vidi,
2519 2132 2569 2179 et
2588 2143 2698 2181 ecce
2726 2134 2985 2196 apertum
3015 2135 3092 2183 est
3124 2133 3388 2198 templum
3418 2133 3592 2185 taber-

308 2221 535 2275 derunt.
560 2217 812 2273 Recessit
838 2217 910 2271 ab
939 2216 1040 2279 eis,
1072 2220 1130 2269 et
1156 2213 1418 2268 transivit
1439 2213 1510 2267 ad
1525 2218 1741 2284 gentes.
1782 2214 1909 2267 Istae
1995 2212 2188 2266 naculi
2219 2214 2542 2268 Testimonii
2570 2218 2632 2268 in
2665 2216 3271 2272 cwlo-Tabemaculum
3303 2224 3359 2273 et
3386 2220 3588 2274 coelum

306 2308 411 2363 viae
435 2306 837 2378 omnipotentis
851 2305 953 2359 Dei
967 2305 1134 2374 justa:
1154 2308 1211 2357 et
1233 2314 1374 2356 verae
1423 2300 1711 2372 sunt,quia
1729 2300 1808 2354 sic
1826 2307 1912 2355 est

302 2400 525 2468 justum
537 2395 687 2466 apud
708 2393 1186 2464 Omnipotentem,
1205 2396 1269 2444 ut
1283 2390 1379 2461 qui
1400 2389 1482 2443 illi
1500 2390 1566 2443 ad
1576 2390 1791 2443 haerent
1810 2405 1911 2460 per

305 2484 479 2540 ﬁdem
513 2491 571 2538 et
598 2483 976 2546 dilectionem,
1010 2497 1137 2534 cum
1171 2479 1251 2533 eis
1281 2484 1510 2532 maneat
1540 2498 1553 2543 ;
1589 2477 1685 2550 qui
1714 2482 1906 2531 autem

305 2571 378 2627 ab
410 2590 474 2627 eo
494 2572 782 2636 recedunt,
814 2587 910 2624 eos
937 2569 1234 2638 relinquat.
1268 2567 1402 2621 Vias
1431 2567 1579 2621 enim
1612 2565 1715 2620 Dei
1738 2565 1910 2620 debe-

303 2677 436 2715 mus
457 2659 774 2729 intelligere
801 2658 1048 2712 actiones
1067 2655 1264 2727 ipsius,
1284 2672 1407 2726 qua:
1423 2656 1591 2725 justas
1602 2658 1758 2720 sunt,
1775 2653 1910 2723 quia

302 2750 457 2803 Deus
475 2747 688 2818 injuste
707 2745 848 2799 nihil
863 2761 1030 2815 agere
1055 2748 1260 2815 potest,
1280 2760 1410 2797 nam
1432 2742 1580 2813 quod
1596 2742 1735 2795 alios
1753 2741 1909 2795 dam-

307 2841 426 2898 nat,
457 2836 600 2889 alios
637 2832 1078 2889 misericorditer
1105 2831 1329 2896 liberat,
1351 2831 1408 2883 in
1437 2829 1525 2883 his
1565 2829 1905 2896 misericors,

305 2926 364 2979 in
385 2923 499 2978 illis
512 2929 697 2977 autem
713 2924 902 2993 justus
913 2921 1083 2991 judex
1096 2936 1217 2974 esse
1229 2917 1905 2989 dignoscitur.Ponamus,

1992 2316 2169 2354 unum
2192 2307 2296 2367 est,
2327 2301 2383 2354 id
2414 2308 2500 2356 est
2527 2302 2790 2357 Ecclesia.
2826 2305 2892 2358 In
2919 2306 3025 2359 hoc
3047 2306 3187 2359 caelo
3216 2312 3476 2377 apertum
3507 2314 3594 2362 est

1991 2388 2287 2458 templum,
2311 2390 2460 2444 sicut
2482 2391 2871 2462 supradictum
2901 2397 3007 2458 est,
3043 2393 3101 2448 id
3130 2400 3217 2449 est
3238 2401 3595 2451 sacramenta

1992 2477 2201 2531 Christi
2242 2479 2492 2533 revelata
2533 2484 2668 2534 sunt
2713 2480 2772 2534 in
2830 2481 3094 2547 Ecclesia,
3151 2483 3414 2539 nativitas
3470 2486 3592 2556 ejus

1991 2563 2223 2630 scilicet,
2251 2582 2423 2632 mors,
2455 2567 2662 2638 passio,
2698 2574 2755 2622 et
2783 2569 3141 2639 resurrectio,
3171 2575 3229 2623 et
3254 2576 3457 2626 caetera
3482 2572 3592 2626 hu-

1986 2653 2254 2722 jusmodi.
2284 2655 2413 2725 Ipsa
2445 2660 2634 2709 autem
2666 2656 2912 2711 Ecclesia
2940 2657 3366 2713 tabernaculum
3407 2658 3591 2714 Testi-

1990 2741 2163 2795 monii
2185 2741 2550 2814 dicitur,quia
2573 2743 2742 2798 habet
2759 2744 2978 2799 tabulas
2999 2746 3239 2801 duorum
3259 2746 3591 2801 Testamen-

1989 2835 2206 2886 torum.
2244 2830 2428 2885 Habet
2455 2831 2627 2885 etiam
2657 2833 2716 2886 in
2741 2850 2801 2887 se
2831 2849 3019 2891 arcam
3064 2834 3365 2888 Dominum
3394 2834 3589 2890 Jesum

1993 2916 2298 2983 Christum,
2327 2918 2385 2973 in
2406 2936 2516 2990 quo
2538 2925 2671 2975 sunt
2690 2937 2890 2976 omnes
2916 2923 3165 2976 thesauri
3194 2922 3484 2994 sapientia;
3530 2929 3591 2978 et

312 3018 378 3068 ut
396 3012 504 3067 hoc
523 3010 879 3066 manifestius
901 3010 1019 3074 ﬁat,
1039 3025 1153 3080 prae
1173 3007 1347 3062 oculis
1373 3007 1513 3061 duos
1541 3014 1860 3077 peccatores
1893 2996 1968 3060 :C
1990 3006 2237 3062 scientiae
2266 3007 2598 3074 absconditi,
2637 3026 2838 3063 urnam
2881 3027 3101 3081 quoque
3137 3011 3326 3085 ipsum
3362 3011 3591 3067 Domini

304 3100 562 3156 Audiunt
588 3098 752 3152 ambo
780 3097 969 3151 divina
1003 3101 1304 3167 praecepta,
1337 3093 1540 3165 quibus
1579 3099 1637 3148 et
1679 3094 1911 3164 praemia

301 3190 680 3260 justorum,et
699 3184 970 3255 supplicia
990 3184 1349 3238 continentur
1367 3180 1908 3253 reproborum.Quo—

304 3293 434 3331 rum
464 3292 612 3330 unus
637 3290 738 3345 per
752 3274 850 3328 Dei
875 3271 1316 3326 misericordiam
1334 3270 1751 3342 compungitur,
1790 3271 1908 3341 agit

303 3363 718 3437 paenitentiam,
755 3367 813 3415 et
843 3361 1092 3415 salvatur
1126 3378 1137 3413 :
1173 3360 1333 3422 alter,
1368 3360 1426 3413 in
1455 3359 1571 3413 suis
1601 3357 1904 3413 sceleribus

304 3467 689 3525 perseverans,
705 3450 1010 3504 damnatur
1025 3449 1180 3518 justo
1191 3447 1291 3502 Dei
1306 3446 1517 3518 judicio
1540 3453 1773 3518 propter
1782 3463 1907 3517 pec-

305 3547 494 3595 catum
519 3556 705 3594 suum.
734 3539 909 3592 Justae
946 3538 1138 3607 itaque
1185 3536 1300 3599 viae,
1318 3536 1370 3590 id
1397 3540 1502 3602 est,
1526 3535 1776 3589 actiones
1806 3534 1906 3589 Dei

299 3630 469 3697 justae
489 3633 639 3693 sunt,
661 3626 794 3698 quia
814 3626 965 3680 Deus
981 3626 1171 3695 justus
1192 3630 1278 3677 est
1288 3624 1482 3693 judex,
1501 3630 1559 3678 et
1579 3624 1639 3677 in
1659 3640 1770 3677 uno
1800 3622 1908 3676 mi-

306 3716 632 3782 sericordia,
681 3716 742 3769 in
779 3716 959 3768 altero
993 3719 1184 3767 autem
1222 3712 1342 3782 ejus
1396 3718 1632 3782 apparet
1663 3710 1903 3781 justitia.

303 3804 432 3859 Nisi
477 3804 627 3858 enim
669 3802 937 3874 reprobos
975 3802 1290 3858 damnaret.
1322 3799 1595 3870 iniquitas
1645 3797 1696 3852 ei
1738 3798 1909 3869 (quod

306 3892 479 3962 absit)
507 3893 726 3962 placere
757 3891 1038 3944 videretur
1061 3907 1074 3957 ;
1102 3887 1467 3959 quamobrem
1495 3887 1591 3958 qui
1618 3886 1911 3958 praesumit

303 3980 652 4037 blandiendo
680 3978 787 4033 sibi
818 3971 898 4033 'de
926 3977 1030 4033 Dei
1074 3976 1477 4040 misericordia,
1513 3975 1698 4029 videat
1737 3974 1909 4029 etiam

304 4070 441 4143 quia
462 4070 654 4140 justus
677 4068 850 4138 judex
873 4073 978 4121 est.
998 4067 1149 4119 Bene
1173 4077 1364 4118 autem
1393 4065 1462 4118 de
1501 4063 1684 4118 bestia
1710 4064 1909 4117 trium-

303 4160 548 4232 phantes
570 4157 630 4211 in
658 4154 918 4210 laudibus
946 4153 1186 4209 Domino
1206 4153 1403 4207 dicunt
1435 4171 1447 4206 :
1474 4155 1642 4208 Justa:
1681 4157 1730 4206 et
1768 4167 1905 4205 cera

304 4250 407 4301 viae
433 4251 550 4311 tua,
562 4249 713 4311 sunt,
746 4259 843 4297 rem
868 4245 1197 4297 seculorum
1220 4260 1235 4305 ;
1269 4257 1335 4294 ac
1363 4241 1411 4294 si
1442 4240 1665 4294 dicant:
1693 4240 1761 4294 Et
1778 4255 1907 4293 cum

1990 3112 2214 3167 corpus,
2240 3097 2299 3150 in
2326 3114 2436 3167 quo
2463 3103 2550 3152 est
2579 3114 2744 3152 verus
2773 3098 2934 3169 panis
2962 3100 3060 3171 qui
3085 3100 3155 3154 de
3182 3101 3322 3154 caelo
3349 3100 3586 3155 descen-

1991 3183 2092 3239 dit.
2128 3184 2211 3239 Ibi
2243 3191 2300 3239 et
2320 3185 2479 3255 virga
2507 3192 2593 3240 est
2628 3188 2837 3253 Aaron,
2880 3204 3003 3257 quae
3040 3187 3388 3254 fronduerat,
3417 3189 3475 3242 id
3505 3194 3592 3243 est

1990 3272 2366 3327 sacerdotium
2415 3272 2729 3343 spirituale,
2781 3274 2931 3345 quod
2976 3291 3171 3329 verum
3213 3277 3593 3330 sacerdotium

1987 3358 2246 3435 Ecclesiae
2270 3360 2664 3431 praesignabat.
2695 3361 2842 3416 Dicit
2859 3368 3051 3417 autem
3066 3364 3311 3418 Joannes
3331 3370 3591 3436 apertum

1986 3448 2261 3518 templum
2281 3448 2631 3503 tabernaculi
2648 3449 2979 3504 Testimonii
2999 3450 3054 3505 in
3077 3452 3237 3515 ccelo,
3260 3467 3387 3505 cum
3413 3468 3591 3506 unum

1989 3535 2064 3589 sit
2088 3536 2263 3606 (sicut
2284 3536 2520 3603 dixerat)
2549 3536 2974 3591 tabernaculum
2997 3543 3053 3591 et
3077 3539 3300 3603 coelum,
3318 3543 3593 3610 tanquam

1987 3639 2164 3693 genus
2197 3621 2450 3675 dividens
2480 3638 2580 3691 per
2600 3628 2807 3691 partes,
2827 3625 2973 3678 sicut
2996 3625 3384 3695 supradictum
3414 3632 3500 3681 est
3519 3627 3589 3682 de

1989 3726 2120 3764 arca
2150 3715 2208 3763 et
2230 3716 2355 3763 octo
2377 3708 2691 3764 animabus.

2061 3798 2128 3851 Et
2163 3800 2419 3851 exierunt
2448 3802 2646 3866 septem
2676 3800 2864 3867 angeli
2891 3800 3144 3854 habentes
3170 3805 3369 3869 septem
3389 3805 3589 3871 plagas

1989 3887 2053 3939 de
2083 3888 2300 3955 templo.
2320 3883 2391 3939 In
2404 3891 2621 3957 septem
2647 3886 2881 3957 angelis,
2904 3887 3049 3942 sicut
3074 3905 3220 3959 saepe
3244 3889 3455 3945 dictum
3480 3896 3585 3959 est,

1992 3989 2188 4028 omnes
2215 3974 2617 4044 intelliguntur
2635 3974 3052 4046 praedicatores,
3076 3977 3210 4046 quia
3237 3979 3592 4048 septenarius

1990 4078 2260 4117 numerus
2280 4078 2380 4133 pro
2400 4061 2766 4117 universitate
2780 4062 3028 4133 ponitur.
3047 4062 3144 4118 Isti
3156 4064 3591 4138 habentseptem
3633 4068 3639 4075 ’

1988 4149 2203 4220 plagas,
2233 4149 2338 4203 hoc
2368 4154 2474 4217 est,
2500 4150 2909 4220 plenitudinem
2944 4149 3439 4223 doctrinae,quibus
3464 4155 3591 4210 vul-

1989 4243 2264 4292 nerantur
2275 4240 2366 4309 (ut
2380 4254 2553 4309 supra
2572 4238 2785 4292 dictum
2802 4242 2902 4308 est)
2927 4241 3301 4310 quorumdam
3322 4243 3395 4296 ad
3434 4243 3591 4299 salu-

301 4339 523 4405 gentes,
538 4332 741 4404 quibus
765 4331 910 4385 iram
952 4330 1205 4399 irrogare
1247 4328 1542 4394 debueras,
1573 4327 1644 4383 ad
1683 4325 2105 4383 miseri-Dtem
2161 4327 2351 4394 corda,
2404 4326 2779 4399 quorumdam
2817 4327 2890 4381 ad
2929 4328 3256 4399 perniciem.
3293 4330 3592 4403 Templum

304 4423 557 4477 cordiam
584 4421 864 4493 perducis,
891 4434 1252 4489 nequaquam
1279 4418 1468 4488 justus
1497 4432 1620 4471 esse
1658 4416 1899 4471 desistis.

304 4511 380 4565 Et
404 4525 535 4564 cum
561 4510 803 4573 Judieos,
835 4507 1037 4578 quibus
1062 4523 1164 4576 pro
1193 4506 1336 4575 legis
1374 4504 1725 4560 observantia
1755 4520 1907 4558 mer-

303 4598 501 4653 cedem
516 4601 573 4651 te
591 4597 725 4651 dare
744 4595 1101 4667 promiseras,
1121 4593 1299 4648 iratus
1321 4593 1565 4665 repellis,
1584 4592 1908 4647 nullatenus

303 4685 604 4740 veritatem
632 4684 846 4739 amittis
859 4728 872 4741 .
973 4750 985 4760 ,

378 4775 513 4841 Quis
534 4789 647 4828 non
663 4775 873 4827 timebit
888 4777 956 4839 te,
972 4774 1219 4837 Domine,
1246 4775 1295 4825 et
1318 4771 1696 4839 magniﬁcabzt
1708 4784 1907 4823 nomen

304 4867 508 4917 tuum?
536 4862 745 4916 Sensus
766 4867 853 4915 est
883 4878 895 4914 :
931 4861 1057 4915 Jam
1088 4860 1219 4931 quia
1239 4859 1451 4929 judicia
1473 4868 1574 4913 tua
1601 4874 1734 4911 vera
1752 4865 1905 4923 sunt,

303 4958 363 5005 et
380 4950 504 5005 sine
525 4946 654 5004 ullis
669 4949 964 5003 hominum
990 4948 1210 5003 meritis
1225 4946 1687 5019 praecedentibus,
1703 4945 1908 5000 liberas

303 5055 448 5110 quos
468 5038 567 5103 vis,
596 5037 738 5091 alios
771 5042 961 5092 autem
981 5053 1083 5108 pro
1117 5037 1235 5091 suis
1250 5036 1438 5090 debite
1458 5034 1699 5106 peccatis
1718 5034 1906 5105 punis,

304 5127 433 5198 quis
457 5126 780 5181 Iudaeorum
809 5131 909 5180 aut
941 5125 1196 5196 gentium
1225 5141 1338 5179 non
1362 5123 1581 5179 timebit
1608 5129 1664 5177 te
1684 5123 1709 5176 Ἰ
1737 5123 1795 5177 id
1823 5127 1909 5176 est

305 5216 436 5287 quis
466 5232 579 5270 non
608 5215 839 5269 habebit
861 5214 1234 5269 reverentiam
1262 5212 1506 5267 nominis
1534 5211 1663 5266 tui?
1691 5212 1760 5265 Et
1785 5210 1910 5282 quis

301 5318 421 5359 non
453 5302 834 5374 magnificabit
863 5318 1068 5356 nomen
1099 5301 1458 5371 tuum,juxta
1485 5299 1646 5365 illud,
1673 5300 1909 5366 Magnus

302 5395 578 5448 Dominus
608 5397 658 5446 et
685 5393 987 5446 laudabilis
1008 5394 1179 5446 nimis
1196 5397 1221 5443 ?
1243 5389 1404 5461 (Psal.
1420 5389 1830 5455 xt.vn).—Quia
1852 5391 1913 5440 tu

303 5484 455 5537 solus
459 5479 1009 5553 pius,quiagratuita
1016 5480 1226 5552 pietate
1239 5476 1512 5548 quosdam
1526 5475 1622 5547 qui
1631 5474 1787 5545 digni
1797 5475 1914 5531 fue-

251 5600 301 5667 ‘3

1988 4419 2177 4468 autem
2197 4415 2267 4469 de
2290 4432 2400 4486 quo
2417 4415 2674 4470 exierunt
2688 4416 3178 4487 angeli,secretum
3192 4418 3376 4473 cordis
3395 4435 3592 4474 eorum

1988 4501 2341 4573 intelligitur.
2364 4503 2599 4568 Quando
2620 4504 2772 4558 enim
2812 4506 2991 4560 sancti
3029 4506 3424 4577 praedicatores
3463 4524 3595 4563 con-

1989 4592 2344 4662 templationi
2369 4592 2697 4657 inserviunt,
2733 4593 2803 4646 ab
2833 4592 3093 4646 omnibus
3143 4594 3330 4649 saeculi
3376 4594 3591 4648 actibus

1991 4695 2052 4733 se
2070 4679 2282 4734 alienos
2299 4679 2574 4734 reddunt:
2601 4684 2657 4733 et
2678 4695 2805 4733 cum
2826 4679 3016 4733 divina
3052 4679 3274 4749 eloquia
3306 4679 3590 4734 meditan-

1990 4772 2107 4836 tur,
2124 4768 2285 4838 quasi
2306 4768 2365 4821 in
2387 4768 2616 4839 templo,
2648 4766 2753 4821 hoc
2782 4772 2887 4833 est,
2920 4767 2977 4820 in
3005 4772 3220 4821 secreto
3241 4766 3444 4822 mentis
3472 4785 3589 4824 suae

1989 4861 2306 4911 morantur.
2342 4856 2450 4910 Sed
2481 4855 2614 4926 quia
2644 4871 2757 4909 non
2799 4854 2882 4908 ita
2920 4854 3127 4909 debent
3166 4855 3427 4910 insistere
3464 4874 3591 4929 pro-

1992 4943 2149 5015 priis,
2189 4949 2256 4999 ut
2311 4943 2632 5015 relinquant
2693 4942 2865 4997 etiam
2923 4942 3165 4997 aliorum
3202 4944 3590 5015 necessitates,

1993 5032 2218 5103 quando
2239 5032 2444 5085 iterum
2468 5030 2781 5100 procedunt
2793 5030 2864 5084 ad
2884 5029 3268 5101 publicum,ad
3286 5034 3593 5104 praedican-

1992 5121 2224 5184 dum,ad
2245 5120 2554 5174 carnalium
2582 5136 2765 5173 mores
2777 5120 3333 5190 componendos,sive
3352 5122 3425 5179 ad
3444 5130 3591 5180 tem-

1994 5210 2147 5281 pora]
2156 5209 2210 5263 ia
2229 5207 2683 5272 ministrandum,
2705 5206 2865 5278 quasi
2882 5207 2951 5261 de
2970 5209 3182 5280 templo
3203 5210 3589 5282 egrediuntur.

1996 5299 2196 5368 Sicque
2225 5297 2289 5350 ﬁt
2312 5301 2376 5350 ut
2404 5295 2641 5350 internis
2670 5295 2971 5363 inhiantes,
3006 5297 3067 5353 in
3095 5301 3307 5372 templo
3334 5300 3587 5365 sedeant,

1996 5391 2056 5441 et
2097 5399 2293 5440 rursus
2323 5400 2518 5439 curam
2566 5385 2951 5455 proximorum
2981 5403 3094 5441 non
3122 5389 3487 5460 negligentes,
3520 5389 3590 5443 de

1995 5472 2207 5545 templo
2234 5478 2455 5542 exeant,
2478 5472 2632 5529 verbi
2659 5473 2848 5546 gratia
2875 5494 2887 5506 ο
2908 5476 3007 5531 Est
3023 5475 3260 5548 quilibet
3280 5475 3477 5530 doctor
3502 5475 3590 5532 vel
