4048 6172
393 220 536 294 1123

811 224 1191 287 HAYMONIS
1228 216 1718 283 HALBERS’I‘AT.
1761 204 1988 280 EPlSC.
2042 214 2201 281 OPP.
2242 163 2428 283 PA’RS
2465 214 2512 284 Ῑ.
2560 243 2624 268 —'-
2664 218 3034 287 COMMENT.
3075 231 3258 287 BIBL.

3540 224 3690 288 11⁸24

394 357 944 430 homoprocessurus
972 353 1041 410 ad
1074 351 1464 426 publicum,ut
1489 352 1660 406 faciat
1687 364 2003 405 sermonem
2020 363 2066 418 Α
2087 348 2291 423 repleti
2319 352 2485 408 verbo
2528 353 2831 425 sapientiae.
2871 353 2979 408 Sed
3030 353 3164 425 quia
3213 348 3525 407 absurdum
3566 359 3689 405 era.

396 446 468 501 ad
493 444 784 518 papulum,
820 446 915 517 qui
943 444 1100 516 priUs
1128 441 1381 497 residens
1433 440 1648 510 colligit
1690 456 1812 494 sese
1857 440 2005 493 intra

396 535 666 606 seipsum,
689 534 1014 589 meditando
1037 531 1298 603 qualiter,
1316 530 1519 602 quibus
1540 536 1596 583 et
1611 528 1888 599 quomodo
1914 527 2005 581 de-

396 622 530 677 beat
553 624 726 695 loqui,
761 622 1003 694 qualiter
1028 621 1292 675 inchoare
1322 634 1657 681 sermonem,
1696 616 2003 688 qualiterve

397 708 585 767 ﬂnire.
611 710 749 766 ane
764 709 899 765 dum
922 709 1002 765 ita
1018 708 1169 764 intra
1188 712 1467 764 secretum
1491 707 1697 761 mentis
1719 722 1831 760 suae
1849 705 2005 758 inha-

401 799 565 867 bitat,
588 799 746 870 quasi
769 794 829 853 in
848 799 1059 870 templo
1080 805 1352 852 moratur.
1376 797 1515 852 Cum
1540 802 1727 849 autem
1754 793 2005 865 procedit

399 889 473 944 ad
494 880 929 960 praedicandum,
957 893 1019 942 et
1049 904 1115 941 ea
1141 904 1264 957 qum
1284 890 1472 940 mente
1508 887 1865 948 tractaverat,
1898 896 2005 953 pu-

398 976 542 1032 blice
561 976 792 1053 profert,
822 974 983 1048 quasi
1006 994 1040 1030 a
1058 976 1295 1046 templo,
1318 973 1375 1028 id
1393 979 1479 1029 est
1502 991 1537 1028 a
1560 978 1775 1027 secreto
1800 970 2006 1025 mentis

402 1076 520 1121 sua:
539 1062 690 1121 foras
708 1067 1015 1137 egreditur.
1041 1066 1177 1119 Vesti
1182 1069 1224 1117 ti
1247 1064 1425 1132 lapide
1451 1064 1658 1116 mundo
1678 1066 1725 1115 et
1747 1060 2002 1115 candido.

2086 439 2273 495 dicere
2304 442 2601 513 minusque
2642 442 2976 496 conveniens
3012 459 3023 493 :
3058 439 3246 495 Unum
3286 439 3501 494 animal
3532 436 3693 492 dedit

2087 535 2301 600 septem
2334 530 2547 601 angelis
2574 537 2787 601 septem
2818 527 3067 600 angelos,
3091 528 3327 583 variavit
3344 540 3691 592 sermonem,

2086 615 2277 673 dicens
2306 637 2317 672 :
2347 619 2533 673 Unum
2562 618 2773 673 animal
2801 619 2955 673 dedit
2979 621 3196 690 septem
3223 615 3441 687 angelis
3472 620 3696 686 septem

2085 706 2322 778 phialas.
2359 707 2453 760 Vel
2479 708 2651 761 etiam
2678 718 2778 779 per
2800 702 2950 761 istud
2971 694 3199 771 animal,
3225 706 3373 777 quod
3395 704 3554 758 dedit
3572 716 3700 774 sep-

2085 800 2201 849 tem
2233 795 2447 865 angelis
2491 803 2704 867 septem
2749 795 2980 868 phialas,
3026 802 3325 866 possumus
3370 792 3697 862 intelligere

2088 882 2342 937 ordinem
2370 882 2696 951 electorum,
2719 884 3115 956 Apostolorum
3136 880 3348 937 scilicet
3377 887 3434 936 et
3457 887 3697 936 caetero-

2087 984 2234 1040 rum,
2265 975 2361 1047 qui
2386 974 2502 1029 suis
2531 972 2861 1044 sequacibus
2902 972 3179 1027 dederunt
3225 970 3464 1043 phialas,
3499 968 3559 1023 id
3607 968 3696 1023 est

2087 1062 2333 1116 divinam
2359 1063 2814 1135 praedicationem
2835 1058 3257 1124 commiserunt,
3286 1060 3556 1131 quoniam
3577 1070 3696 1113 non

398 1152 467 1209 Id
484 1156 571 1209 est
588 1154 772 1209 ornati
784 1160 840 1209 et
855 1152 1319 1208 amictiDominoJ
1324 1150 1693 1218 esuChristo.j
1703 1147 2001 1212 uxtaillud,
2087 1151 2270 1205 solum
2283 1166 2377 1205 eos
2392 1149 2831 1222 baptizaverunt,
2855 1151 2952 1204 sed
2979 1149 3149 1204 etiam
3182 1148 3604 1212 ordinaverunt,
3635 1152 3696 1201 et

401 1242 599 1299 Omnes
619 1246 721 1312 qui
732 1242 1448 1312 baptizatiestis,Christum
1464 1239 1729 1292 induistis
1749 1237 2002 1308 (Galm).
2087 1240 2147 1293 in
2166 1239 2286 1294 loco
2302 1257 2404 1294 suo
2425 1240 2618 1294 sedere
2636 1241 2907 1301 fecerunt,
2932 1239 3287 1292 sicutPetrus
3306 1236 3678 1303 Clementem,

399 1331 509 1395 Qui
524 1329 667 1385 bene
686 1324 830 1403 lapis
851 1330 1076 1390 dicitur,
1099 1344 1208 1399 quo
1229 1328 1391 1382 electi
1411 1326 1850 1388 circumdantur,
1870 1325 2002 1395 quia
2083 1329 2285 1384 Linum
2315 1337 2484 1401 atque
2515 1330 2732 1384 Cletum
2767 1348 2779 1382 :
2814 1327 3015 1401 quibus
3047 1328 3216 1382 etiam
3244 1332 3584 1399 potestatem
3611 1324 3685 1379 11'-

400 1434 599 1473 murus
620 1415 1587 1489 estimpenetrabilisMundus,quia
1597 1420 1875 1484 peccatum
1891 1428 2001 1466 non
2082 1418 2252 1487 gandi
2278 1424 2446 1489 atque
2468 1416 2717 1472 solvendi
2743 1432 2912 1489 quam
2941 1433 2973 1470 a
2999 1410 3235 1471 Domino
3259 1414 3528 1487 percepit,
3561 1419 3682 1468 tta-

399 1508 653 1576 fecit,nec
670 1506 1177 1560 inventusestdolus
1196 1510 1363 1559 inore
1381 1509 1498 1574 ejus
1515 1501 2001 1573 {IPelr.Il).Candi
2084 1506 2248 1576 didit,
2280 1513 2336 1561 et
2380 1507 2438 1561 in
2484 1506 2754 1561 cathedra
2800 1523 2903 1560 sua
2947 1502 3143 1560 sedere
3183 1504 3483 1575 compulit.
3520 1496 3683 1567 Quod

401 1600 653 1661 vocatur,
688 1594 821 1665 quia
855 1594 1065 1648 candor
1093 1600 1179 1648 est
1214 1592 1354 1647 lucis
1390 1598 1629 1657 aeternae,
1665 1594 1721 1645 et
1748 1591 1843 1645 lux
1870 1606 2003 1644 vera
2085 1594 2255 1648 etiam
2289 1595 2537 1665 quotidie
2568 1595 2774 1666 agitur,
2809 1611 2937 1648 cum
2966 1608 3066 1665 per
3102 1592 3521 1664 impositionem
3556 1606 3681 1645 ma-

404 1695 528 1756 quaa
549 1682 834 1738 illuminat
863 1696 1087 1738 omnem
1116 1683 1399 1737 hominem
1431 1683 1748 1735 venientem
1777 1680 1834 1733 in
1854 1681 2002 1734 hunc
2020 1679 2066 1738 B
2086 1696 2260 1736 nuum
2283 1684 2341 1736 in
2363 1682 2678 1738 civitatibus
2698 1684 2962 1755 praesules
2983 1682 3300 1736 animarum
3325 1681 3683 1735 constituun-

399 1772 695 1828 mundum.
721 1770 845 1840 Vel,
868 1774 914 1827 si
935 1773 1209 1843 legamus,
1229 1769 1433 1825 Vestiti
1453 1769 1735 1841 lapidibus
1756 1768 2000 1837 mundis,
2085 1775 2196 1825 tu'r.
2220 1772 2370 1826 Bene
2399 1772 2588 1827 autem
2636 1772 2835 1845 phialae
2862 1789 3000 1843 quas
3032 1771 3330 1840 accipiunt,
3361 1778 3546 1823 aureae
3578 1764 3682 1821 de-

403 1860 551 1918 sicut
577 1861 637 1916 in
667 1859 1002 1932 quibusdam
1037 1861 1321 1916 codicibus
1348 1859 1650 1925 invenitur,
1674 1875 1775 1929 per
1800 1858 1903 1912 hos
1926 1854 2004 1910 la—
2087 1860 2426 1914 scribuntur.
2458 1861 2601 1925 Quia
2642 1865 2707 1914 ut
2732 1859 3142 1932 praedicationis
3172 1852 3414 1913 ofﬁcium
3445 1856 3682 1929 implere"

399 1951 563 2022 pides
604 1951 974 2021 designantur
1022 1950 1300 2004 virtutes:
1335 1960 1463 2020 spes
1513 1947 1785 2013 videlicet,
1842 1946 1998 2008 ﬁdes,

406 2039 672 2104 Charitas,
706 2039 956 2105 castitas,
981 2039 1293 2105 humilitas,
1323 2042 1382 2092 et
1423 2042 1626 2092 caetera
1656 2035 2000 2107 hujusmodi,

409 2129 614 2200 quibus
635 2130 911 2183 ornantur
923 2125 1134 2182 ﬁdeles.
1158 2126 1284 2182 Alia
1300 2122 1597 2180 translatio
1617 2124 1803 2187 habet,
1824 2126 2004 2178 Vestiti

403 2216 523 2271 lino
540 2219 768 2282 mundo,
790 2230 890 2287 per
908 2212 1058 2287 quod
1079 2216 1293 2286 puritas
1320 2214 1445 2268 vitae
1470 2220 1527 2268 et
1556 2213 1888 2267 innocentia:
1910 2228 2003 2265 ca-

401 2297 570 2359 stitas
597 2299 955 2373 intelligitur.
986 2304 1129 2357 Nam
1160 2300 1335 2356 linum
1369 2318 1434 2355 ex
1463 2306 1616 2355 terra
1646 2299 1913 2363 nascitur,
1948 2302 2005 2352 et

402 2391 585 2447 multo
622 2387 814 2446 labore
851 2392 919 2445 ad
961 2391 1259 2445 candorem
1309 2389 1617 2444 venustatis
1654 2386 2000 2460 perducitur,

404 2480 538 2551 quia
563 2472 825 2534 videlicet
854 2476 1086 2533 castitas
1115 2476 1230 2533 sive
1257 2480 1369 2532 vita
1398 2494 1541 2549 pura
1569 2488 1696 2532 cum
1718 2478 1895 2530 multo
1916 2464 2001 2532 1a-

401 2568 538 2623 bm‘e
566 2572 624 2622 et
647 2560 1079 2622 mortificatione
1118 2568 1304 2622 carnis
1334 2566 1662 2637 acquiritur.
1694 2566 1775 2620 De
1796 2562 1884 2619 his
1906 2574 2002 2619 ve-

402 2650 954 2713 stimentisSalomon
969 2656 1124 2711 dicit:
1135 2656 1300 2711 Omni
1312 2662 1545 2725 tempore
1558 2658 1669 2709 sint
1681 2657 2002 2709 vestimenta

405 2750 504 2802 tua
524 2746 764 2801 candida
779 2744 950 2817 (Eccl.
964 2744 1209 2816 1x).—Et
1224 2746 1510 2814 ρνιτσίησιί
1527 2746 1601 2797 ad
1614 2749 1834 2812 pectora
1850 2744 2005 2796 zonis

403 2835 613 2889 aureis.
643 2834 753 2889 Per
780 2848 979 2889 zonam
1010 2844 1121 2905 qua
1160 2828 1649 2904 praecingebantur
1678 2843 1874 2887 eorum
1905 2838 2004 2902 pe-

2086 1950 2305 2020 possint
2330 1942 2549 2004 caelitus
2575 1946 2861 2021 sapientia:
2899 1948 3118 2019 fulgore
3162 1946 3540 2000 illustrantur.
3572 1936 3683 1999 Sed

2087 2055 2213 2092 cum
2245 2039 2503 2110 superius
2536 2039 2604 2092 de
2636 2037 2950 2092 senioribus
2980 2036 3202 2103 dixerit,
3231 2037 3378 2106 quod
3401 2034 3686 2089 habebant

2085 2130 2301 2200 phialas
2314 2131 2507 2201 plenas
2521 2128 2920 2193 odoramentis,
2939 2127 3071 2198 quid
3087 2130 3172 2180 est
3195 2124 3343 2197 quod
3364 2125 3455 2179 hic
3477 2120 3685 2178 dicitur

2086 2217 2158 2271 de
2188 2218 2423 2288 angelis,
2453 2216 2601 2288 quod
2630 2216 2965 2287 acceperunt
2994 2219 3206 2286 septem
3237 2210 3455 2284 phialas
3486 2211 3681 2283 plenas

2086 2306 2379 2359 iracundia
2409 2305 2507 2359 Dei
2554 2305 2787 2360 viventis
2846 2305 2905 2358 in
2931 2301 3132 2358 saecula
3161 2302 3492 2356 saeculorum
3516 2296 3541 2353 ?
3569 2298 3683 2372 Ipsi

2086 2395 2236 2449 enim
2266 2398 2399 2449 sunt
2426 2392 2632 2463 angeli,
2666 2393 2760 2464 qui
2790 2398 2845 2447 et
2882 2391 3151 2459 seniores,
3185 2391 3317 2462 quia
3344 2388 3605 2444 videlicet
3623 2388 3683 2443 in

2085 2500 2282 2539 eorum
2299 2483 2554 2537 doctrina
2575 2488 2632 2536 et
2649 2478 2912 2553 plenaest
2934 2480 3237 2536 electorum
3258 2480 3429 2545 salus,
3445 2484 3502 2532 et
3516 2477 3684 2550 plena

2086 2576 2172 2625 est
2219 2573 2587 2640 reproborum
2617 2570 2903 2624 damnatio
2931 2574 2988 2623 et
3014 2566 3164 2622 unde
3202 2562 3286 2621 illi
3322 2559 3517 2634 vitam,
3550 2565 3683 2621 inde

2087 2659 2180 2714 isti
2200 2658 2482 2731 accipiunt
2502 2663 2762 2713 mortem.
2789 2654 2948 2713 Unde
2973 2652 3302 2729 Apostolus:
3324 2658 3466 2710 Aliis
3488 2672 3681 2709 sumus

2087 2751 2220 2804 odor
2242 2752 2363 2803 vitae
2395 2751 2457 2802 in
2478 2749 2672 2816 vitam,
2700 2750 2831 2802 aliis
2862 2747 2996 2802 odor
3032 2746 3227 2801 mortis
3259 2744 3318 2798 in
3348 2750 3587 2799 mortem
3612 2744 3688 2814 (II

2087 2838 2209 2893 Cor.
2246 2838 2329 2907 11).
2373 2835 2514 2892 Hinc
2545 2836 2756 2891 etenim
2794 2834 2916 2908 ipse
2944 2832 3217 2891 Dominus
3246 2830 3586 2906 quibusdam
3622 2833 3683 2887 in

408 2926 586 2990 ctora,
608 2920 895 2978 vinculum
923 2922 1197 2978 castitatis
1217 2922 1549 2989 ostenditur,
1574 2925 1629 2975 et
1657 2918 2006 2991 signiﬁcatur
2030 2994 2062 2998 _
2085 2925 2312 2980 ruinam
2357 2926 2572 2998 positus
2640 2925 2866 2993 dicitur,
2918 2920 3255 2997 quibusdam
3310 2923 3372 2977 in
3426 2938 3681 2977 resurre-

408 3024 512 3083 per
539 3012 665 3080 hoc,
693 3012 828 3084 quia
851 3010 911 3066 in
938 3010 1093 3067 Novo
1116 3006 1477 3066 Testamento
1508 3026 1621 3065 non
1649 3010 1831 3065 solum
1859 3025 2000 3081 opus
2020 2994 2065 3054 θ
2086 2994 2358 3074 ctionem.

404 3098 673 3167 libidinis,
702 3098 800 3155 sed
821 3098 993 3155 etiam
1013 3098 1136 3172 ipsa
1152 3099 1511 3170 restringitur
1529 3098 1794 3171 cogitatio
1811 3099 2002 3169 vigore

407 3189 633 3243 mentis.
656 3188 833 3243 Vetus
853 3187 1004 3243 enim
1021 3189 1158 3243 dicit
1176 3208 1191 3245 :
1216 3188 1328 3254 Qui
1354 3186 1693 3243 adulterium
1714 3186 2000 3242 commise-

402 3277 502 3344 rit,
523 3276 792 3349 puniatur
814 3291 825 3326 :
844 3278 1063 3333 Novum
1085 3293 1215 3330 vero
1238 3296 1249 3330 :
1277 3278 1386 3343 Qui
1399 3278 1600 3330 viderit
1621 3277 1912 3330 mulierem
1932 3275 2005 3329 ad

404 3364 901 3434 concupiscendum
920 3376 1058 3430 eam,
1076 3368 1202 3433 jam
1222 3366 1515 3419 mwchatus
1536 3369 1609 3417 est
1628 3380 1748 3417 eam
1766 3367 1826 3416 in
1847 3362 2004 3417 corde

404 3469 505 3508 suo
536 3453 754 3523 (Matth.
782 3456 857 3522 v).
882 3452 985 3507 Vel
1012 3459 1163 3507 certe
1193 3469 1294 3525 per
1321 3469 1519 3506 zonam
1549 3468 1780 3505 auream
1812 3451 2004 3505 vincu-

403 3542 524 3596 lum
553 3536 847 3596 charitatis
878 3540 1232 3612 intelligitur,
1267 3540 1401 3612 quia
1438 3540 1615 3592 sancti
1658 3556 1767 3592 non
1799 3537 2002 3592 timore

403 3628 738 3701 puenali,sed
759 3644 860 3701 per
873 3629 1205 3684 charitatem
1227 3646 1287 3684 se
1301 3629 1537 3683 invicem
1556 3628 1673 3682 solo
1687 3627 1789 3681 Dei
1811 3643 2002 3680 amore

401 3719 710 3788 stringunt.
732 3720 857 3773 Sive
877 3719 1050 3773 etiam
1071 3735 1172 3789 per
1194 3734 1363 3773 zonas
1383 3733 1583 3771 aureas
1622 3712 1896 3787 sapientia
1923 3715 2003 3771 si-

404 3802 725 3877 gniﬁcatur,
740 3805 811 3861 de
840 3822 953 3879 qua
967 3806 1239 3878 scriptum
1261 3811 1375 3860 est:
1396 3805 1645 3876 Accipite
1663 3804 2000 3875 sapientiam

403 3894 550 3949 sicut
576 3905 800 3949 aurum.
830 3888 980 3949 Zona
1008 3904 1182 3949 aurea
1210 3896 1515 3966 cinguntur
1543 3890 1875 3966 angelorum
1900 3910 1999 3966 pe-

401 3987 578 4052 ctora,
609 3981 743 4055 quia
763 3999 1010 4056 superna
1036 3984 1313 4055 sapientia
1357 3982 1647 4055 replentur
1695 3983 1999 4039 electorum

399 4070 590 4143 corda,
617 4072 748 4144 quia
776 4076 833 4128 et
851 4072 959 4145 ipsi
975 4073 1154 4128 Deum
1168 4073 1380 4144 jugiter
1408 4070 1658 4141 laudant,
1684 4076 1741 4127 et
1759 4071 1897 4127 alios
1928 4066 2002 4127 ad

402 4158 753 4244 laudandum
780 4162 1103 4234 provocant.

471 4244 541 4303 Et
570 4260 753 4305 unum
781 4267 846 4304 ea;
869 4250 1110 4320 quatuor
1133 4248 1475 4318 animalibus
1501 4246 1648 4305 dedit
1673 4258 1871 4322 septem
1899 4269 1998 4308 an-

403 4330 539 4405 gelis
572 4343 769 4407 septem
801 4337 1025 4406 phialas
1069 4356 1289 4404 aureas,
1316 4340 1511 4407 plenas
1558 4342 1857 4395 iracundia
1900 4343 1997 4395 Dei

400 4424 639 4482 viventis
658 4424 721 4478 in
732 4428 927 4480 secula
946 4424 1568 4500 sweulorumﬁuperius
1589 4426 1827 4500 legimus
1846 4424 1995 4502 quod

398 4508 603 4569 viderit
627 4520 870 4586 quatuor
890 4514 1175 4584 animalia,
1191 4533 1313 4588 quae
1342 4523 1457 4571 tam
1488 4523 1730 4590 quatuor
1750 4514 1995 4590 Evange-

398 4603 559 4659 listas
580 4607 753 4675 quam
778 4620 973 4659 omnes
995 4605 1235 4671 sanctos,
1271 4604 1384 4661 sive
1405 4606 1577 4661 etiam
1593 4607 1776 4678 ipsum
1799 4605 1995 4662 Domi-

398 4704 538 4747 num
566 4692 905 4765 signiﬁcant,
940 4692 1035 4764 qui
1056 4691 1238 4748 factus
1277 4699 1363 4748 est
1400 4695 1567 4751 homo
1605 4694 1995 4767 temporaliter

396 4781 677 4837 nascendo
701 4792 767 4837 ex
786 4774 1002 4853 virgine
1031 4798 1046 4837 :
1073 4781 1275 4836 Factus
1293 4782 1378 4837 est
1396 4780 1602 4839 vitulus
1620 4784 1678 4838 in
1707 4786 1988 4857 passione,

400 4885 514 4939 qua
541 4870 906 4942 semetipsum
936 4869 1141 4925 obtulit
1168 4868 1284 4925 Deo
1312 4871 1371 4925 in
1399 4889 1499 4927 ara
1530 4873 1709 4928 erucis
1742 4892 1753 4926 :
1788 4874 1993 4930 Factus

398 4962 487 5011 est
505 4957 591 5012 leo
611 4953 780 5013 tertia
798 4958 889 5013 die
908 4975 1207 5030 resurgens
1238 4976 1272 5013 a
1303 4960 1557 5015 mortuis.
1594 4958 1818 5032 Aquila,
1850 4979 1992 5033 qua-

397 5045 716 5116 dragesimo
741 5042 830 5101 die
854 5046 1160 5102 ascendens
1177 5044 1249 5102 ad
1269 5044 1453 5103 caelos.
1479 5045 1637 5104 Istud
1659 5067 1836 5105 unum
1866 5052 1989 5106 ani-

395 5131 531 5200 mal,
552 5133 616 5186 id
645 5137 731 5188 est
758 5129 1028 5190 Dominus
1064 5130 1232 5191 Jesus
1271 5134 1550 5205 Christus,
1583 5138 1739 5193 dedit
1773 5146 1987 5211 septem

394 5222 611 5294 angelis
625 5224 843 5294 septem
855 5222 1255 5294 phialasQuod
1277 5232 1632 5298 suntseptem
1654 5229 1859 5298 angeli,
1884 5230 1988 5284 hoc

395 5313 530 5366 sunt
542 5306 712 5365 etiam
727 5314 938 5382 septem
966 5309 1185 5382 phialae,
1203 5310 1257 5367 id
1283 5321 1369 5367 est
1392 5315 1570 5369 sancti
1591 5316 1986 5387 praedicatores

393 5399 549 5474 pleni
573 5397 762 5455 divina
788 5398 1203 5471 praedicatione.
1232 5398 1305 5455 Ut
1346 5401 1495 5456 enim
1533 5410 1765 5477 possent
1802 5404 1987 5477 angeli

391 5498 539 5564 βεδε,
568 5488 629 5547 id
671 5488 758 5548 est
793 5487 980 5569 nuntii
1020 5488 1148 5571 vitae
1187 5487 1410 5550 aeternae
1447 5487 1579 5555 facti
1627 5498 1760 5553 sunt
1778 5494 1985 5569 phialae

2001 4299 2050 4358 D

2155 3103 2222 3158 Et
2254 3104 2543 3173 impletum
2570 3108 2644 3157 est
2676 3098 2939 3173 templum
2969 3106 3125 3170 fumo
3147 3119 3182 3155 a
3204 3102 3484 3172 majestate
3519 3096 3615 3156 Dei
3632 3098 3679 3155 ei

2084 3193 2147 3247 de
2160 3196 2364 3246 virtute
2381 3190 2817 3264 ejus.Templum
2838 3192 2897 3246 in
2910 3189 3015 3246 hoc
3030 3191 3149 3245 loco
3160 3188 3441 3261 signiﬁcat
3455 3188 3682 3243 inﬁrma

2086 3280 2256 3336 corda
2279 3279 2617 3352 simplicium
2639 3277 2895 3345 fratrum,
2923 3277 3124 3352 quibus
3153 3277 3423 3349 injustum
3460 3272 3681 3332 videtur

2088 3370 2236 3440 quod
2253 3371 2403 3425 Deus
2425 3370 2780 3441 omnipotens
2793 3369 3059 3441 reprobos
3083 3368 3139 3422 in
3155 3368 3260 3422 hac
3283 3362 3394 3421 vita
3403 3366 3680 3439 permittit

2086 3472 2343 3529 regnare,
2377 3465 2433 3513 et
2459 3460 2610 3513 omni
2639 3456 2850 3512 honore
2874 3462 2933 3511 et
2959 3455 3165 3510 divitiis
3192 3473 3257 3510 ac
3283 3456 3527 3510 sanitate
3555 3472 3679 3509 cor-

2084 3547 2237 3618 poris
2271 3547 2483 3617 vigere;
2517 3554 2575 3601 et
2602 3552 2815 3615 contra,
2840 3550 3063 3622 sanctos
3093 3561 3222 3603 suos
3254 3542 3469 3614 patitur
3497 3544 3677 3598 cruci-

2084 3635 2199 3705 ﬁgi,
2222 3634 2743 3708 lapidari,ustulari,
2765 3640 2817 3689 et
2840 3651 2941 3705 per
2963 3634 3115 3688 varia
3134 3637 3416 3688 tormenta
3429 3649 3676 3705 praesen-

2084 3728 2199 3778 tem
2220 3724 2392 3778 vitam
2414 3725 2596 3789 ﬁnire,
2614 3740 2797 3795 neque
2814 3739 3065 3794 unquam
3088 3728 3324 3794 possunt
3342 3724 3401 3776 in
3413 3721 3676 3794 praesenti

2080 3812 2195 3867 vita
2211 3807 2455 3883 quietem
2475 3806 2703 3881 habere,
2726 3813 2872 3868 sicut
2891 3807 3045 3867 verbi
3063 3811 3272 3883 gratia:
3293 3810 3673 3882 Neroimpiis-

2082 3902 2259 3956 simus
2288 3902 2615 3974 imperator,
2649 3902 2745 3974 qui
2766 3902 2937 3956 etiam
2964 3899 3279 3955 masculum
3316 3901 3594 3955 convertit
3616 3898 3673 3953 in

2081 4007 2331 4058 uxorem,
2356 3997 2413 4046 et
2429 3984 2748 4062 imperabat
2765 3991 2870 4045 toti
2895 3978 3243 4045 orbi.Petrus
3263 4006 3393 4044 vero
3411 3989 3669 4060 princeps

2080 4080 2330 4134 omnium
2355 4080 2757 4151 apostolorum,
2782 4078 2852 4133 ab
2873 4095 2939 4133 eo
2958 4072 3148 4133 tentus
3168 4083 3259 4132 est.
3274 4083 3330 4132 et
3347 4078 3666 4133 eruciﬁxus.

2079 4169 2290 4223 Paulus
2306 4168 2474 4222 etiam
2491 4167 2560 4222 ab
2582 4185 2647 4222 eo
2660 4168 2968 4233 decollatus
2988 4171 3260 4239 est.pater
3269 4166 3526 4221 omnium
3538 4183 3668 4237 gen-

2079 4256 2243 4319 tium,
2276 4257 2370 4328 qui
2399 4257 2525 4329 plus
2563 4255 2823 4310 omnibus
2842 4253 3135 4309 laboravit.
3164 4255 3375 4309 Fumus
3393 4251 3668 4326 signiﬁcat

2080 4346 2385 4400 caecitatem
2415 4345 2764 4416 ignorantiae,
2789 4361 2898 4415 quo
2948 4344 3237 4415 replentur
3270 4343 3474 4398 talium
3501 4344 3665 4399 corda

2079 4435 2413 4502 inﬁdelium,
2436 4435 2531 4506 qui
2560 4434 2818 4489 nesciunt
2836 4432 3190 4488 considerare
3208 4432 3357 4503 quod
3382 4433 3535 4487 Deus
3560 4432 3666 4486 illis

2076 4526 2142 4577 ut
2169 4523 2299 4577 filiis
2328 4523 2713 4578 hereditatem
2733 4527 2819 4578 est
2837 4522 3088 4588 daturus,
3120 4521 3359 4599 ideoque
3387 4521 3665 4593 permittit

2077 4628 2172 4665 eos
2186 4611 2356 4680 affligi
2373 4612 2445 4665 ad
2464 4618 2704 4681 tempus,
2718 4616 2783 4664 ut
2802 4616 2930 4681 post
2950 4601 3231 4663 modicum
3255 4608 3521 4665 laetentur
3540 4625 3665 4664 cum

2074 4699 2170 4755 illo
2192 4700 2313 4754 sine
2328 4700 2673 4770 tempore.Et
2692 4700 2796 4754 hoc
2817 4715 2853 4753 a
2870 4699 3164 4769 maiestate
3179 4704 3237 4753 et
3249 4698 3565 4753 virtuteDei
3582 4699 3661 4752 ﬁt.

2073 4789 2279 4859 Magna
2295 4788 2502 4860 quippe
2522 4794 2609 4843 est
2635 4788 2695 4842 in
2726 4788 2831 4843 hoc
2859 4788 2961 4843 Dei
2988 4787 3185 4853 virtus,
3209 4786 3480 4859 quoniam
3504 4784 3667 4843 susti-

2074 4893 2208 4931 nere
2229 4882 2414 4949 potest
2433 4877 2716 4931 hominem
2741 4876 3126 4942 malum,utsit
3144 4876 3456 4947 imperator
3478 4882 3537 4931 et
3555 4876 3664 4931 Do-

2075 4966 2263 5020 minus
2282 4965 2454 5020 totius
2470 4965 2683 5027 mundi,
2703 4971 2759 5019 et
2772 4971 2834 5020 ut
2853 4964 3017 5020 electi
3036 4952 3189 5019 illius
3210 4964 3361 5018 mala
3379 4965 3664 5036 patiantur

2073 5052 2142 5107 ab
2156 5054 2271 5111 illo.
2294 5052 2362 5108 Et
2387 5070 2542 5108 nemo
2563 5054 2763 5109 talium
2784 5042 3353 5123 subauditur,poterat
3368 5057 3587 5108 intrare
3603 5057 3661 5109 in

2073 5142 2420 5210 templum,id
2440 5147 2667 5207 est,non
2689 5148 2912 5214 poterat
2930 5141 3275 5214 perscrutari
3294 5141 3663 5198 subtilitatem

2064 5229 2405 5300 judiciorum
2436 5230 2837 5302 omnipotentis
2865 5230 2988 5298 Dei,
3014 5232 3179 5284 donec
3208 5235 3662 5285 consummentur

2069 5325 2267 5387 septem
2287 5323 2463 5388 plagae
2476 5325 2671 5388 septem
2696 5321 3046 5395 angelorum,
3069 5319 3127 5373 id
3154 5324 3257 5385 est,
3282 5318 3461 5373 donec
3482 5318 3659 5374 omnis

2069 5408 2325 5462 Ecclesiae
2355 5407 2675 5479 predicatio
2713 5407 3077 5466 terminatur.
3118 5407 3263 5462 Cum
3299 5412 3492 5486 autem
3526 5424 3661 5463 con-

2066 5502 2361 5556 summates
2393 5486 2604 5553 fuerint
2629 5501 2846 5569 septem
2868 5496 3048 5569 plagae
3070 5502 3287 5569 septem
3306 5496 3653 5568 angelorum,
