4048 6172
330 285 476 350 1126
1257 278 1647 344 mesmo
1676 277 1755 342 IN
1782 270 2304 343 APOCALYPSIN.
2337 300 2401 329 -ω
2430 280 2569 343 LIB.
2600 274 2666 343 ν.
3449 290 3594 357 i125

320 412 384 471 id
403 417 507 477 est.
531 423 662 470 cum
678 411 989 468 terminum
1007 413 1290 483 acceperit
1304 411 1489 467 omnis
1510 410 1767 469 Ecclesiae
1780 422 1919 483 pra:-
1934 410 1983 473 Α
1999 414 2191 467 utrum
2211 411 2338 466 odio
2358 426 2431 466 an
2454 428 2647 467 amore
2670 408 2874 484 dignus
2896 413 2987 483 sit,
3012 416 3188 472 donec
3210 416 3482 476 ﬁniantur
3501 439 3593 477 se-

319 502 549 567 dicatio,
585 507 643 558 et
674 501 891 557 venerit
917 501 1174 556 Christus
1204 503 1276 556 ad
1300 500 1596 572 judicium,
1628 506 1693 554 ut
1719 501 1920 554 reddat
1999 504 2153 572 ptem
2178 499 2356 571 plagae
2382 508 2597 572 septem
2619 503 2967 573 angelorum,
2990 505 3048 560 id
3079 512 3165 561 est
3190 508 3372 563 omnis
3392 511 3595 581 praedi-

322 590 627 661 unicuique
638 592 801 662 juxta
815 606 988 661 opera
1001 595 1276 653 sua,tunc
1291 588 1921 644 manifestabunturista
2000 589 2146 644 catio
2188 589 2445 644 Ecclesiae
2471 597 2676 646 sanctae
2713 593 3017 649 terminum
3050 602 3106 650 et
3136 596 3305 651 ﬁnem
3337 599 3594 671 accipiat,

320 680 726 750 omnipotentis
767 672 869 733 Dei
907 679 1138 750 judicia,
1181 696 1305 751 qum
1337 694 1488 734 nunc
1518 686 1653 734 sunt
1680 680 1913 744 occulta,
2001 678 2224 750 quando
2248 677 2435 733 veniet
2452 679 2707 735 Christus
2727 678 2962 737 reddere
2981 684 3285 758 unicuique
3303 686 3598 742 hominum

319 784 453 825 cum
481 772 539 824 et
563 767 808 839 reprobi,
842 769 938 839 qui
966 769 1060 822 hic
1088 769 1299 823 honore
1327 775 1385 822 et
1411 767 1782 838 dignitatibus
1804 768 1919 839 pol~
2000 766 2310 821 secundum
2340 780 2512 837 opera
2540 783 2662 823 sua.

319 856 753 963 ιοιιίθειυοειξιῖυτ
774 857 846 912 οτι
864 855 1200 963 sema
1218 876 1230 909 ε
1249 858 1387 963 es“
1405 857 1714 963 mea
1733 857 1790 963 ιε
1810 857 1918 963 es
2592 903 2828 959 om
2864 906 2989 963 xv:

322 945 526 1001 seculo
543 946 936 1001 sustinuerunt
955 950 1239 1000 tormenta
1248 951 1419 1016 atque
1430 945 1706 1016 supplicia
1717 943 1788 997 ab
1808 944 1919 997 illis
2594 943 2712 957 ἰλιι
2740 943 2775 959 ν
2792 943 2817 959 ι
2865 943 2915 961 ιι
2933 943 2949 959 ν
2964 943 3010 963 ι·

321 1032 499 1098 illata,
540 1033 910 1097 elevabantur
945 1035 1015 1087 ad
1046 1046 1304 1104 regnum.
1332 1035 1411 1088 Ex
1436 1034 1638 1088 talium
1674 1044 1920 1103 namque

321 1129 568 1192 perenne
588 1120 888 1175 Psalmista
911 1120 1048 1176 dicit
1075 1141 1087 1175 :
1115 1122 1518 1177 Existimabam
1537 1125 1603 1176 ut
1628 1134 1921 1191 cognosce—

321 1221 447 1265 rem
491 1210 617 1275 hoc,
655 1209 818 1266 labor
845 1216 929 1265 est
958 1216 1089 1265 ante
1116 1224 1228 1277 me,
1259 1210 1438 1265 donec
1465 1209 1670 1263 intrem
1699 1209 1755 1263 in
1789 1222 1921 1262 san-

323 1298 608 1353 etuarium
644 1297 773 1365 Dei,
813 1304 872 1354 et
908 1299 1222 1369 intelligam
1258 1301 1317 1352 in
1350 1298 1671 1352 novissimis
1700 1306 1918 1351 eorum.

324 1387 521 1442 Sancti
545 1393 736 1442 autem
766 1388 864 1458 qui
904 1387 1114 1442 habent
1136 1383 1355 1458 phialas
1392 1402 1593 1443 aureas
1618 1387 1836 1440 intrant
1862 1386 1921 1439 in

324 1475 603 1546 templum
643 1475 770 1542 Dei,
804 1475 1070 1547 quoniam
1108 1476 1466 1530 considerant
1493 1481 1550 1529 et
1577 1458 1922 1545 perspiciunt

318 1563 535 1635 judicia
552 1564 656 1618 Dei
679 1565 1099 1636 omnipotentis,
1119 1570 1177 1619 et
1193 1569 1536 1634 cognoscunt
1556 1564 1924 1632 cunctajusta

325 1660 468 1707 esse;
510 1652 669 1706 Unde
709 1652 898 1707 sciunt
925 1660 983 1709 et
1010 1653 1248 1707 istorum
1275 1656 1561 1707 tormenta
1588 1653 1683 1723 qui
1707 1652 1766 1705 in
1788 1666 1925 1721 prae-

2075 1032 2143 1088 Et
2167 1034 2363 1088 audivi
2389 1042 2565 1089 uocem
2595 1050 2860 1105 magnam
2887 1039 2951 1093 de
2981 1040 3194 1109 templo,
3220 1041 3488 1097 dicentem
3517 1046 3599 1099 se-

1999 1118 2149 1190 piem
2174 1123 2423 1190 angelis:
2448 1119 2525 1177 Ile
2550 1127 2603 1177 et
2629 1122 2888 1190 eﬂundzte
2912 1132 3109 1194 septem
3132 1124 3357 1197 phialas
3385 1134 3485 1185 ira
3503 1131 3602 1189 Dei

2002 1211 2067 1263 in
2098 1216 2326 1265 terram.
2354 1210 2473 1264 Vox
2503 1210 2612 1265 ista
2640 1228 2742 1266 vox
2777 1216 2861 1267 est
2891 1214 2993 1268 Dei
3022 1216 3441 1288 omnipotentis,
3477 1237 3600 1292 qua:

2002 1296 2154 1352 recte
2180 1312 2387 1368 magna
2410 1293 2615 1352 dicitur
2636 1301 2769 1370 quia
2792 1317 2998 1372 magna
3016 1304 3288 1375 praecipit.
3303 1304 3600 1378 Templum
3682 1364 3685 1365 ν

2004 1391 2193 1440 autem
2215 1392 2405 1441 sancta
2420 1382 2671 1441 Ecclesia
2691 1393 2795 1452 est,
2815 1394 2879 1443 ut
2897 1406 3043 1461 saepe
3063 1388 3271 1447 dictum
3294 1399 3397 1447 est.
3426 1394 3601 1450 Porro

2004 1481 2217 1546 septem
2261 1468 2447 1546 angeli
2478 1488 2674 1531 omnes
2704 1476 2882 1531 Sancti
2921 1478 3313 1548 prmdicatores
3342 1484 3493 1536 sunt.
3525 1476 3604 1537 De

2005 1562 2215 1634 templo
2244 1563 2309 1617 ﬁt
2337 1574 2439 1618 vox
2465 1561 2537 1618 ad
2566 1564 2814 1635 angelos,
2839 1564 2971 1637 quia
2997 1567 3067 1621 de
3087 1567 3333 1624 Ecclesia
3356 1568 3606 1643 loquitur

2007 1650 2264 1706 Christus
2289 1651 2766 1723 praedicatoribUS,
2790 1654 2920 1724 quia
2940 1660 2997 1708 et
3023 1656 3130 1726 ipsi
3161 1660 3295 1711 sunt
3323 1654 3595 1717 Ecclesia.

324 1740 475 1794 senti
493 1741 832 1807 enitantur,
847 1746 905 1795 et
924 1741 1366 1797 dominationem
1382 1745 1597 1803 tenent,
1622 1745 1680 1794 et
1697 1731 1974 1793 illorumB
2005 1739 2101 1795 Ait
2121 1754 2254 1810 ergo
2278 1755 2289 1788 :
2320 1733 2422 1805 Ite,
2449 1738 2710 1807 e/Iimdz’te
2723 1743 2946 1810 phialas
2971 1748 3066 1797 ira
3086 1745 3201 1811 Dei,
3226 1762 3365 1815 quas
3388 1746 3603 1819 accepi-

324 1829 578 1900 praamia,
601 1829 698 1900 qui
726 1831 1118 1896 humiliantur,
1141 1836 1200 1884 et
1218 1830 1660 1884 dominationem
1684 1826 1924 1882 aliorum

322 1917 623 1973 hominum
641 1919 940 1974 sustinent.
959 1918 1029 1973 Et
1045 1919 1171 1973 ideo
1189 1932 1347 1973 nemo
1367 1919 1438 1973 ad
1459 1932 1553 1972 eos
1570 1917 1925 1972 referendum

325 2010 434 2070 est,
458 2005 555 2074 qui
581 2005 684 2059 Dei
713 2006 1116 2076 omnipotentis
1146 2006 1360 2075 judicia
1391 2006 1801 2077 reprehendere
1829 2019 1924 2058 co-

324 2096 554 2147 nantur.
579 2093 714 2147 Tale
733 2101 820 2147 est
845 2098 905 2148 et
929 2093 1069 2147 illud
1089 2093 1321 2147 Joannis
1345 2094 1415 2147 de
1444 2093 1669 2147 Christo
1700 2094 1930 2162 loquen-

325 2181 430 2237 tis:
448 2180 855 2236 thimonium
877 2182 1001 2251 eius
1020 2192 1189 2235 nemo
1208 2181 1429 2251 accipit.
1450 2181 1517 2235 Et
1536 2180 1673 2235 illud
1697 2180 1929 2235 Psalmi-

327 2275 457 2325 δας
474 2272 689 2325 Nonest
706 2274 807 2339 qui
826 2273 998 2338 faciat
1022 2268 1245 2336 bonum,
1260 2284 1373 2324 non
1389 2272 1651 2339 estusque
1663 2270 1738 2323 ad
1747 2283 1928 2322 unum

330 2359 502 2428 (Paul.
515 2362 655 2426 xm).
671 2359 739 2413 Et
751 2359 809 2412 in
819 2358 1186 2429 sequentibus
1198 2358 1334 2413 dicit
1345 2359 1492 2412 idem
1507 2356 1756 2412 Joannes
1766 2357 1929 2421 :Quia

328 2452 524 2500 autem
542 2447 745 2517 accipit
771 2448 895 2516 eius
921 2447 1331 2508 testimonium,
1356 2445 1602 2516 signabit
1623 2446 1753 2516 quia
1782 2447 1927 2499 Deus

329 2548 499 2588 verax
513 2542 619 2602 est,
643 2536 777 2606 quia
794 2535 1052 2589 videlicet
1065 2540 1199 2589 sunt
1209 2535 1485 2601 nonnulli,
1501 2546 1739 2605 quorum
1761 2544 1927 2587 nemo

328 2624 717 2678 testimonium
744 2624 956 2678 Christi
983 2624 1203 2694 accipit,
1238 2624 1382 2677 sicut
1402 2623 1591 2677 miseri
1624 2623 1837 2677 Judaei:
1875 2626 1930 2676 et

327 2710 539 2767 iterum
554 2716 689 2767 sunt
701 2713 955 2767 nonnulli
969 2713 1065 2783 qui
1086 2710 1370 2783 accipiunt
1385 2712 1769 2765 testimonium
1785 2711 1925 2780 ejus,

2005 1828 2126 1891 stis,
2150 1832 2214 1883 in
2231 1834 2461 1883 terram.
2478 1826 2596 1883 Hoc
2612 1835 2697 1883 est
2715 1831 2863 1901 quod
2879 1828 2998 1902 ipse
3013 1831 3146 1887 dicit
3164 1832 3451 1904 discipulis
3464 1835 3599 1901 suis,

2008 1916 2168 1987 quasi
2188 1912 2384 1988 primis
2397 1918 2639 1986 angelis:
2660 1920 2733 1972 Ite
2753 1920 2827 1972 ad
2843 1935 2958 1973 oves
2977 1936 3096 1988 quae
3103 1922 3398 1988 perierunt
3411 1920 3604 1976 domus

2008 2007 2180 2059 Israel
2204 2002 2406 2074 (Μαειιι
2417 2044 2427 2057 .
2440 2008 2518 2075 x).
2538 2006 2607 2060 Et
2622 2004 2754 2059 alibi
2775 2006 3034 2077 legimus,
3051 2007 3183 2078 quia
3199 2004 3355 2062 misit
3368 2025 3462 2063 eos
3473 2015 3606 2064 ante

2006 2092 2205 2147 faciem
2231 2104 2393 2147 suam
2422 2092 2483 2147 in
2512 2106 2737 2147 omnem
2766 2093 2973 2161 locum,
2993 2095 3064 2149 ad
3087 2103 3252 2167 quem
3273 2100 3395 2151 erat
3412 2102 3607 2154 ventu-

2009 2194 2125 2235 rus.
2141 2180 2328 2245 Quare
2343 2194 2473 2236 vero
2488 2181 2691 2252 phialae
2706 2186 2802 2237 ira
2815 2182 2913 2237 Dei
2923 2183 3205 2251 dicuntur,
3222 2186 3606 2258 supradictum

2011 2268 2127 2335 est;
2144 2266 2275 2340 quia
2294 2268 2549 2324 videlicet
2568 2270 2716 2324 unde
2740 2270 2836 2324 alii
2858 2270 3078 2326 veniam
3103 2273 3452 2344 placationis,
3478 2274 3609 2328 inde

2010 2357 2107 2411 alii
2128 2362 2361 2412 sumunt
2378 2358 2520 2412 iram
2538 2359 2786 2412 ultionis.
2811 2361 2919 2413 Per
2937 2366 3150 2415 terram
3170 2362 3360 2416 autem
3382 2366 3609 2420 terrena

2010 2444 2378 2516 designantur
2398 2442 2568 2500 corda
2596 2444 2909 2502 hominum.
2933 2446 2997 2503 In
3028 2451 3237 2504 terram
3261 2456 3397 2520 ergo
3421 2450 3608 2522 angeli

2009 2533 2257 2607 phialam
2279 2533 2590 2601 effundunt,
2618 2536 2842 2606 quando
2862 2536 3041 2592 sancti
3061 2536 3455 2613 praedicatores
3480 2556 3609 2594 con-

2010 2629 2099 2677 tra
2127 2630 2382 2679 terrenos
2410 2624 2666 2678 homines
2696 2624 3024 2695 loquuntur.
3049 2620 3207 2680 Unde
3236 2626 3492 2698 sequitur
3520 2647 3532 2679 :

2074 2708 2139 2766 Ει
2156 2716 2296 2767 abiit
2312 2708 2553 2781 primus,
2569 2717 2617 2766 et
2638 2714 2828 2779 e/l'udit
2846 2713 3095 2781 phialam
3115 2728 3277 2768 suam
3297 2716 3358 2769 in
3376 2718 3605 2770 terram.

332 2803 394 2854 et
417 2801 605 2854 edunt
634 2801 768 2871 quia
787 2802 935 2855 Deus
948 2812 1114 2853 verax
1134 2806 1238 2855 est.
1259 2801 1350 2855 Sic
1374 2812 1509 2870 ergo
1529 2804 1586 2854 et
1605 2800 1663 2854 in
1684 2800 1788 2854 hoc
1807 2798 1930 2853 loco
2013 2798 2255 2864 Quaestio
2287 2801 2468 2856 oritur
2496 2794 2603 2855 hoc
2635 2801 2691 2855 in
2720 2800 2841 2855 loco
2875 2820 2886 2854 :
2919 2800 2977 2855 Si
3007 2808 3346 2874 praeceptum
3383 2806 3469 2858 est
3496 2802 3608 2860 illis

328 2887 761 2958 intelligendum
781 2894 869 2943 est
887 2889 1036 2959 quod
1052 2888 1274 2954 dicitur,
1295 2904 1460 2943 nemo
1476 2893 1694 2960 poterat
1715 2888 1928 2942 intrare
2010 2892 2076 2943 ut
2095 2888 2312 2961 phialas
2337 2900 2467 2944 suas
2492 2889 2550 2944 in
2572 2895 2779 2944 terram
2802 2884 3170 2956 effunderent,
3192 2892 3329 2963 quid
3347 2893 3434 2946 est
3460 2893 3611 2964 quod

330 2976 705 3048 intemplum.
729 2978 910 3031 Aliter
936 2998 949 3033 :
976 2977 1272 3049 Templum
1292 2978 1463 3033 corda
1482 2977 1759 3047 signiﬁcat
1776 2990 1932 3031 sanc-
2015 2976 2174 3048 quasi
2213 2979 2543 3033 mandatum
2582 2974 3078 3050 transgredientes,
3109 2979 3255 3034 alius
3284 2979 3343 3034 in
3372 2980 3608 3050 terram,

331 3071 524 3121 torum
545 3066 870 3131 electorum,
892 3066 1081 3120 fumus
1100 3076 1229 3120 vero
1249 3066 1526 3136 significat
1549 3065 1933 3136 compunctio-
1949 3088 1993 3147 ρ
2014 3066 2159 3120 alius
2187 3066 2247 3121 in
2275 3078 2451 3133 mare,
2490 3060 2635 3121 alius
2663 3064 2721 3120 in
2754 3064 2986 3122 flumina
3015 3072 3071 3121 et
3100 3067 3282 3122 fontes
3310 3070 3610 3141 aquarum,

332 3172 468 3211 nem
493 3154 697 3221 cordis,
741 3154 875 3224 quia
916 3159 1375 3224 compunguntur
1410 3154 1580 3208 corda
1616 3159 1674 3207 et
1706 3159 1935 3224 pectora
2015 3150 2159 3209 alius
2179 3156 2237 3210 in
2254 3157 2450 3221 solem,
2472 3156 2616 3211 alius
2635 3172 2805 3228 super
2822 3156 3011 3211 sedem
3030 3148 3242 3224 bestiae,
3261 3158 3404 3213 alius
3424 3158 3483 3213 in
3504 3154 3614 3213 tiu-

333 3247 713 3314 peccntnrum,
739 3249 797 3297 et
822 3243 1022 3297 intimo
1041 3256 1218 3314 usque
1248 3243 1316 3296 ad
1341 3242 1935 3314 lacrymas.Impletur
2015 3258 2145 3299 men
2175 3256 2443 3315 magnum
2474 3240 2838 3316 Euphratem,
2871 3243 3014 3299 alius
3059 3244 3117 3299 in
3146 3263 3334 3300 aerem
3364 3244 3614 3317 phialam

332 3331 611 3403 templum
622 3332 1204 3403 tumoiquandocorda
1216 3331 1587 3402 quorumdam
1605 3331 1935 3386 facinoroso-
2017 3330 2248 3387 effudit?
2280 3329 2455 3399 Quasi
2476 3332 2627 3387 enim
2660 3335 2954 3404 (quantum
2977 3328 3048 3387 ad
3076 3334 3324 3388 litteram
3347 3329 3613 3407 pertinet)

337 3436 470 3476 rum
508 3422 818 3491 implentur
853 3414 1196 3491 poenitentiae
1230 3420 1496 3474 lamenta.
1520 3418 1691 3474 Verbi
1708 3419 1928 3489 gratia:

335 3509 515 3564 Audit
530 3509 770 3580 quilibet
788 3514 1046 3580 peccator
1060 3510 1382 3579 loquentem
1404 3508 1689 3580 sapienter
1699 3513 1756 3562 et
1773 3508 1934 3563 docte

334 3599 778 3670 pradicatorem,
832 3602 889 3653 et
932 3599 1214 3653 dicentem
1244 3598 1391 3668 quod
1424 3598 1722 3668 Apostolus
1750 3596 1885 3652 dicit
1920 3616 1932 3650 :

339 3686 539 3757 Neque
562 3684 824 3751 adulteri,
848 3697 1028 3756 neque
1048 3682 1341 3747 immundi,
1372 3700 1553 3755 neque
1572 3685 1936 3739 fornicatores

341 3779 401 3828 et
417 3774 605 3829 εωεή
625 3786 863 3843 regnum
880 3773 981 3827 Dei
1000 3771 1384 3843 possidebunt.
1402 3773 1549 3826 Dum
1568 3773 1684 3827 haec
1704 3772 1864 3826 audit
1883 3773 1939 3826 et

342 3862 664 3919 considerat
674 3861 911 3932 quilibet
926 3866 1206 3933 peccator,
1234 3874 1357 3932 quae
1378 3860 1665 3915 tormenta
1688 3860 1943 3931 ingentia

342 3950 550 4006 im'erni
576 3950 685 4005 sibi
708 3950 1062 4018 immineant,
1093 3955 1462 4022 compunctus
1487 3950 1673 4015 corde,
1704 3946 1942 4004 effundit

342 4041 585 4105 fumum,
608 4039 666 4092 id
692 4043 778 4094 est
794 4040 1283 4110 compunctionem
1303 4037 1506 4105 cordis,
1525 4039 1659 4092 dum
1679 4037 1941 4110 lacrymls

346 4126 647 4186 conﬁtetur
671 4135 959 4201 peccatum
986 4140 1170 4184 suum.
1205 4130 1417 4183 Fumus
1463 4127 1669 4199 quippe
1697 4128 1942 4182 multum

346 4218 537 4290 ignem
555 4218 835 4289 prmcedlt,
855 4219 990 4288 quia
1006 4218 1266 4273 videlicet
1286 4230 1352 4271 ex
1372 4216 1720 4271 confessione
1735 4216 1947 4288 peccati

348 4304 404 4363 et
416 4308 848 4379 compunctione
870 4308 1052 4362 cordis
1070 4307 1320 4361 nascitur
1340 4305 1489 4376 ignis
1502 4303 1814 4360 charitatis.
1831 4305 1948 4361 Pri-

2014 3420 2346 3475 mandatum
2362 3420 2623 3476 videntur
2638 3414 3080 3493 transgredi,sed
3094 3439 3206 3477 non
3222 3420 3429 3477 faciunt
3442 3428 3616 3495 quan-

2014 3512 2130 3564 tam
2159 3506 2230 3564 ad
2260 3511 2561 3581 mysticum
2587 3526 2814 3564 sensum
2842 3529 2852 3562 :
2880 3509 3011 3581 quia
3032 3503 3181 3580 quod
3204 3512 3290 3566 est
3316 3506 3487 3577 terra,
3510 3511 3616 3566 hoc

2018 3603 2105 3653 est
2134 3610 2289 3652 mare
2318 3596 2373 3651 et
2404 3600 2625 3660 caetera,
2655 3595 2711 3650 id
2743 3602 2830 3650 est
2855 3614 3020 3650 omne
3039 3615 3240 3667 corpus
3260 3592 3465 3652 diaboli
3488 3615 3618 3652 cum

2018 3686 2200 3756 capite
2246 3696 2367 3738 suo.
2411 3682 2682 3738 Similiter
2713 3684 2862 3755 quod
2908 3684 2990 3737 est
3028 3701 3174 3737 unus
3212 3684 3469 3755 angelus,
3509 3684 3618 3740 hoc

2021 3778 2238 3844 septem
2280 3789 2292 3825 ε
2336 3778 2394 3826 et
2431 3764 2580 3842 quod
2618 3772 2853 3842 septem,
2906 3772 3012 3825 hoc
3058 3788 3225 3826 unus.
3275 3770 3430 3827 Sicut
3467 3773 3619 3827 enim

2022 3860 2280 3918 Christus
2325 3874 2452 3917 cum
2501 3861 2684 3932 capite
2723 3874 2826 3915 suo
2856 3870 3032 3915 unum
3064 3867 3167 3929 est,
3201 3861 3331 3932 quia
3370 3861 3491 3934 ipse
3534 3866 3621 3917 est

2022 3953 2208 4021 caput,
2227 3946 2389 4004 electi
2412 3960 2558 4003 mem
2568 3949 2684 4016 bra,
2699 3962 2881 4020 neque
2898 3948 3049 4003 aliud
3074 3949 3326 4003 membra
3349 3960 3517 4020 quam
3533 3962 3623 4005 cas

2023 4043 2143 4111 put,
2167 4040 2247 4093 ita
2266 4032 2523 4094 diabolus
2549 4042 2606 4093 et
2627 4050 2820 4094 omnes
2844 4036 3020 4109 iniqui
3046 4048 3223 4093 unum
3245 4043 3377 4093 sunt
3396 4052 3620 4111 corpus,

2027 4134 2085 4182 et
2118 4124 2326 4183 unione
2368 4122 2738 4200 malignitatis
2766 4127 3104 4182 vinciuntur.
3139 4127 3403 4194 Quamvis
3432 4130 3624 4182 autem

2027 4228 2128 4288 per
2144 4222 2356 4271 terram
2377 4216 2558 4271 omnis
2581 4208 2882 4271 multitudo
2904 4212 3270 4288 reproboru'm
3291 4210 3623 4288 accipiatur,

2029 4307 2100 4362 de
2127 4316 2238 4377 qua
2266 4304 2338 4360 ad
2367 4298 2653 4360 diabolum
2681 4304 2887 4360 dicitur
2925 4303 2984 4359 in
3030 4302 3361 4378 primordio,
3396 4308 3626 4361 Terram

349 4407 508 4452 mum
528 4398 677 4451 enim
706 4398 874 4451 homo
903 4397 1202 4450 confitetur
1227 4398 1514 4466 peccatum
1538 4406 1723 4462 suum,
1748 4396 2004 4466 posteaD
2027 4396 2263 4450 comedes
2289 4394 2546 4449 omnibus
2572 4392 2760 4449 diebus
2779 4388 2941 4463 (Gen.
2972 4396 3077 4466 In),
3101 4400 3291 4450 tamen
3310 4388 3629 4466 specialiter

349 4486 548 4556 incipit
562 4482 720 4539 valde
740 4485 974 4555 diligere
994 4484 1296 4539 Dominum
1319 4484 1496 4538 Deum
1513 4497 1679 4538 suum
1696 4488 1753 4538 et
1768 4483 1948 4554 proxi-

253 4634 264 4640 _
350 4586 529 4630 mum.
549 4567 619 4629 Et
647 4576 751 4628 hoc
778 4574 1070 4643 majestate
1100 4576 1155 4627 et
1183 4572 1389 4627 virtute
1417 4571 1520 4627 Dei
1540 4572 1618 4635 ﬁt,
1646 4573 1780 4643 quia
1800 4573 1947 4627 Deus

350 4664 560 4719 virtute
576 4676 680 4719 sua
698 4662 981 4717 illuminat
999 4674 1097 4717 cor
1114 4661 1286 4721 illius,
1304 4666 1370 4716 ut
1386 4670 1514 4732 agat
1538 4660 1946 4732 paenitentiam,

351 4752 449 4824 qui
468 4756 529 4807 in
544 4751 807 4807 cordibus
829 4751 1122 4806 hominum
1143 4750 1548 4806 confessionem
1562 4749 1748 4822 gignit
1761 4764 1951 4822 pecca-

348 4841 727 4897 torum.Unde
736 4838 1037 4895 Psalmista
1048 4850 1269 4911 quoque
1280 4838 1658 4895 canitdicens:
1679 4840 1950 4908 Con/casio

352 4936 403 4985 et
419 4932 837 4998 magniﬁcentia
854 4932 918 4983 in
931 4932 1213 4997 conspecta
1226 4933 1359 4998 ejus.
1375 4925 1451 4983 Et
1464 4926 1597 4982 alibi
1611 4943 1622 4976 :
1639 4924 1753 4993 Qui
1770 4931 1953 4995 tangit

350 5024 581 5085 mentes,
601 5024 650 5072 ει
669 5020 957 5087 remigant
980 5018 1148 5089 (Psal.
1162 5030 1245 5083 ex,
1264 5020 1401 5086 cur),
1417 5017 1475 5071 id
1499 5021 1586 5071 est
1608 5022 1825 5071 mentes
1846 5030 1950 5071 sa:-

352 5105 627 5160 cularium
639 5106 931 5160 hominum
943 5109 1000 5160 et
1011 5105 1381 5176 superborum
1392 5106 1650 5176 respectu
1662 5118 1777 5159 suae
1791 5104 1953 5159 mise-

350 5192 591 5247 rationis
612 5194 956 5264 compungit,
975 5198 1033 5248 et
1054 5194 1301 5248 lamenta
1317 5194 1594 5264 fletusque
1611 5191 1951 5263 paenitentiae

353 5281 668 5354 profarunt.
691 5282 800 5336 Sed
829 5282 1085 5353 quamvis
1112 5282 1195 5335 ita
1218 5282 1309 5346 sit,
1347 5294 1512 5336 nemo
1537 5286 1718 5352 potest
1737 5281 1953 5335 intrare

353 5371 415 5425 in
439 5371 734 5440 templum,
759 5371 815 5424 id
832 5375 941 5435 est,
964 5382 1129 5424 nemo
1152 5376 1335 5440 potest
1364 5384 1484 5424 esse
1508 5384 1737 5424 securus
1759 5371 1827 5423 de
1849 5383 1952 5424 sua

352 5459 714 5526 conscientia,
730 5464 919 5514 utrum
942 5459 1149 5513 scilicet
1164 5458 1574 5527 indulgentiam
1593 5463 1650 5513 et
1672 5457 1955 5513 remissio-

354 5556 488 5608 nem
499 5553 860 5622 peccatorum
875 5558 1107 5605 tuorum
1119 5551 1451 5604 consecutus
1461 5546 1788 5621 sit.ignorat
1802 5547 1955 5607 enim

2028 4484 2088 4538 in
2111 4482 2216 4538 hoc
2244 4483 2367 4538 loco
2391 4488 2621 4549 terram,
2646 4482 2702 4537 in
2733 4494 2902 4555 quam
2928 4485 3112 4556 prima
3141 4481 3319 4539 effusa
3339 4483 3397 4538 et
3415 4484 3625 4556 phiala,

2029 4584 2328 4645 possumus
2373 4570 2688 4643 intelligere
2717 4571 2936 4644 plebem
2971 4570 3357 4627 Israeliticam.
3394 4566 3474 4627 De
3521 4573 3629 4626 hac

2032 4662 2239 4733 quippe
2264 4660 2420 4715 terra
2446 4654 2549 4716 Job
2574 4656 2714 4716 dicit
2737 4680 2748 4715 :
2781 4663 2953 4715 Terra
2984 4660 3053 4714 de
3080 4678 3191 4731 qua
3219 4659 3507 4714 oriebatur
3534 4676 3630 4733 pa-

2031 4751 2120 4805 nis
2150 4752 2209 4805 in
2241 4743 2363 4805 loco
2395 4762 2515 4815 suo,
2558 4751 2688 4820 igne
2740 4750 3071 4821 consumpta
3103 4750 3206 4814 est,
3234 4742 3292 4802 id
3320 4746 3422 4810 est,
3452 4744 3631 4802 Judaei

2033 4856 2068 4894 a
2088 4838 2293 4911 quibus
2306 4836 2686 4911 procedebant
2716 4838 2939 4910 eloquia
2966 4832 3171 4900 divina,
3205 4841 3431 4909 peccato
3453 4835 3629 4890 inore;

2032 4923 2287 4982 dulitatis
2329 4932 2387 4982 et
2429 4924 2558 4997 igne
2606 4922 2827 4980 invidiae
2862 4916 2920 4979 in
2958 4925 3079 4979 loco
3116 4942 3217 4980 suo
3257 4920 3424 4980 occisi
3461 4929 3623 4983 sunt.

2033 5010 2242 5069 Effudit
2262 5014 2453 5085 itaque
2472 5013 2704 5084 angelus
2722 5012 2968 5084 phialam
2986 5026 3146 5065 suam
3166 5008 3224 5065 in
3245 5016 3477 5077 terram,
3499 5010 3632 5082 quia

2034 5100 2273 5176 apostoli
2317 5096 2388 5157 ad
2433 5118 2623 5157 vocem
2654 5096 2864 5157 Christi
2893 5106 3184 5172 coeperunt
3207 5100 3513 5172 praedicare
3539 5112 3633 5155 re:

2034 5192 2359 5248 missionem
2387 5192 2769 5263 peccatorum,
2801 5189 3130 5261 incipientes
3158 5190 3228 5244 ab
3255 5188 3629 5245 Hierusalem.

2035 5283 2181 5337 Nam
2211 5287 2269 5335 et
2300 5281 2419 5352 ipse
2445 5280 2720 5346 Christus,
2755 5280 2850 5351 qui
2875 5285 2959 5334 est
2989 5278 3319 5350 angelorum
3349 5280 3630 5350 princeps,

2035 5368 2353 5442 praedicavit
2380 5369 2439 5423 in
2469 5368 2664 5424 eadem
2694 5373 2865 5423 terra.
2896 5368 3056 5424 Unde
3086 5367 3218 5440 quia
3244 5368 3549 5422 noluerunt
3572 5365 3632 5420 in

2034 5469 2163 5513 eum
2185 5454 2430 5525 credere,
2449 5452 2699 5512 damnati
2720 5462 2855 5511 sunt
2872 5460 3100 5530 peccato
3120 5454 3473 5512 infidelitatis
3492 5464 3629 5519 suae,

2034 5549 2186 5609 unde
2212 5544 2498 5622 sequitur:
2526 5540 2594 5602 Et
2609 5548 2826 5621 factum
2843 5551 2918 5603 est
2937 5548 3142 5604 vulnus
3160 5552 3363 5602 savum
3380 5556 3447 5598 ac
3465 5541 3636 5618 pesti:
