4048 6172
476 232 617 305 1127
942 228 1323 284 HAYMONIS
1352 224 1841 281 HALBERSTAT.
1873 224 2100 280 EPISC.
2131 227 2291 284 OPP.
2323 230 2512 286 PARS
2539 231 2586 287 Ι.
2618 262 2686 275 -
2714 232 3085 291 COMMENT.
3116 233 3304 290 BIBL.
3605 233 3741 294 1128

474 373 633 411 mum
653 357 711 409 in
731 354 996 415 homines,
1013 352 1322 420 quihabent
1343 355 1714 409 characterem
1734 354 1926 420 bestiae,
1941 357 1991 407 et
2006 355 2126 415 inA
2140 355 2342 412 deinde
2391 359 2671 430 quomodo
2718 376 2985 415 conversa
3029 360 3107 415 sit
3132 360 3193 416 in
3236 361 3596 432 sanguinem.
3635 362 3743 416 Lex

473 462 557 500 eos
581 447 680 513 qui
707 443 1087 496 adoraverunl
1116 445 1413 508 imaginem
1434 446 1568 511 ejus.
1597 442 1717 495 Hoc
1736 442 1936 496 vulnus
1955 458 2068 495 non
2149 445 2298 499 enim
2317 447 2538 501 Veteris
2556 449 2899 504 Testamenti
2915 464 3066 520 aqua
3083 454 3184 512 est,
3204 466 3475 505 conversa
3485 451 3742 522 deinceps

474 540 560 588 est
580 531 852 603 corporis,
874 531 971 585 sed
993 529 1215 583 mentis.
1239 530 1338 583 Est
1355 531 1503 584 enim
1522 536 1812 602 peccatum
1833 530 2070 583 inﬁdeli-
2149 534 2207 587 in
2229 534 2417 589 vinum
2442 552 2542 605 per
2561 537 2764 591 Christi
2784 538 3030 609 nuptias.
3046 538 3189 591 Data
3206 543 3295 592 est
3312 538 3521 609 quippe
3539 539 3742 594 Judeis

471 626 625 684 tatis,
660 637 769 692 quo
795 618 1070 673 vulnerati
1099 624 1232 671 sunt
1259 619 1440 673 Judaei
1471 619 1725 673 nolentes
1754 619 1981 672 credere
2008 618 2068 671 in
2150 623 2441 693 Scriptura
2459 624 2638 679 dulcis
2666 642 2832 696 aqua,
2855 642 2965 696 qua
2986 626 3191 679 salvari
3213 634 3441 697 possent
3458 627 3743 683 credentes

470 710 776 767 Christum.
809 706 966 762 Unde
995 705 1267 760 Dominus
1286 706 1457 760 dicit:
1490 708 1554 763 Si
1582 723 1694 760 non
1722 710 1987 761 venissem
2016 710 2064 758 et
2147 710 2204 763 in
2226 711 2509 765 Christum
2538 713 2645 767 sibi
2676 713 3037 783 promissum,
3062 713 3161 767 sed
3182 714 3265 767 illi
3286 719 3585 768 verterunt
3601 730 3744 768 eam-

470 805 682 856 tocutus
702 801 777 851 eis
797 797 1045 864 fuissem,
1061 799 1343 862 peccatum
1364 812 1475 849 non
1497 797 1772 849 haberent.
1792 797 2067 848 Nuncau-
2147 798 2625 870 demScripturam
2640 801 2701 855 in
2711 801 3147 855 amaritudinem
3160 801 3746 872 inﬁdelitatismegan.

470 895 576 943 tem
600 887 1003 941 ewcusationem
1021 898 1133 936 non
1152 883 1350 936 habent
1370 885 1545 949 (Joan.
1568 892 1679 951 XV).
1705 883 1817 936 Hoc
1839 882 2066 935 vulnere
2145 894 2231 941 tes
2260 887 2566 953 Christum,
2601 896 2658 943 et
2686 889 2855 943 morti
2879 889 3187 951 tradentes,
3214 894 3273 942 et
3297 889 3354 942 in
3383 890 3738 960 sanguinem,

466 975 677 1031 mortui
694 974 867 1029 suntJ
877 971 1037 1028 udaei.
1054 972 1170 1024 Hoc
1190 988 1255 1024 ex
1273 971 1541 1040 gentibus
1563 971 1815 1025 inﬁdeles
1829 970 1974 1025 mori
1987 970 2066 1023 vi-
2148 976 2250 1028 hoc
2276 980 2380 1042 est,
2413 975 2473 1029 in
2499 978 2781 1031 carnalem
2810 977 3161 1030 intellectum
3192 981 3491 1031 vertentes.
3510 978 3745 1032 Factum

465 1065 690 1130 dentur,
706 1063 812 1117 sed
834 1059 1147 1114 mirabilius
1174 1058 1351 1113 Judaei
1381 1075 1549 1129 quam
1577 1065 1794 1129 gentes.
1820 1059 1954 1129 quia
1985 1057 2069 1112 illi
2151 1068 2236 1115 est
2265 1079 2399 1134 ergo
2426 1064 2565 1118 illud
2597 1081 2751 1119 mare
2788 1064 3037 1135 sanguis,
3070 1065 3217 1119 sicut
3243 1081 3370 1118 vere
3398 1065 3634 1135 sanguis
3662 1069 3744 1119 est

463 1154 785 1208 habuerunt
807 1150 1081 1219 legem,et
1098 1146 1198 1200 Dei
1218 1146 1479 1200 notitiam
1500 1152 1854 1217 acceperunt,
1874 1147 2062 1217 ipsum
2149 1150 2205 1203 in
2256 1168 2487 1222 corpore
2533 1153 2741 1207 mortui
2790 1153 3052 1219 hominis,
3097 1153 3231 1224 quia
3268 1153 3542 1208 veraciter
3573 1153 3634 1207 in
3662 1155 3744 1208 sui

465 1242 639 1298 etiam
685 1240 744 1294 in
790 1252 957 1292 carne
1005 1235 1403 1306 praedicantem
1444 1235 1771 1290 audierunt.
1811 1234 2063 1288 Gentiles
2146 1240 2447 1309 perniciem
2477 1240 2584 1311 ipsi
2626 1247 2916 1296 verterunt
2942 1242 3147 1312 legem,
3174 1242 3309 1296 dum
3350 1258 3477 1296 eam
3523 1256 3746 1313 semper

467 1336 659 1386 autem
687 1326 831 1382 nihil
859 1327 1058 1379 horum
1079 1322 1417 1389 habuerunt,
1441 1322 1551 1376 nisi
1579 1329 1769 1376 tamen
1799 1322 2062 1392 praedica-
2143 1328 2444 1381 carnaliter
2461 1329 2759 1383 voluerunt
2785 1328 3122 1399 intelligere,
3144 1335 3202 1384 et
3224 1346 3517 1401 nunquam
3538 1329 3613 1383 ad
3634 1329 3745 1401 apio

466 1420 677 1475 tionem
710 1412 919 1469 Christi
946 1414 1424 1480 contempserunt,
1449 1426 1617 1481 quam
1649 1427 1750 1480 per
1779 1411 2062 1481 apostolos
2145 1414 2405 1469 ritualem
2433 1432 2659 1470 sensum
2692 1417 2953 1472 transire.
2985 1417 3096 1471 Sed
3129 1417 3233 1471 hac
3262 1416 3387 1471 labe
3415 1417 3502 1472 illi
3530 1417 3746 1488 pericu-

471 1506 790 1563 audierunt.
811 1500 1057 1570 Ideoque
1076 1503 1128 1552 et
1148 1498 1242 1552 isti
1261 1498 1700 1562 damnabuntur,
1724 1499 1821 1552 sed
1842 1498 1923 1551 illi
1942 1515 2064 1554 cru—
2145 1503 2317 1558 losius
2347 1504 2532 1574 perire
2575 1505 2904 1575 probantur,
2938 1505 3034 1575 qui
3078 1505 3138 1559 in
3185 1505 3274 1559 sui
3314 1505 3744 1560 damnationem

469 1596 671 1651 delius.
705 1592 841 1646 llinc
878 1587 1086 1659 etenim
1126 1586 1396 1657 scriptum
1427 1591 1513 1641 est
1545 1605 1557 1640 :
1586 1588 1693 1653 Qui
1722 1603 1835 1641 non
1865 1589 2058 1650 credit,
2087 1659 2115 1664 _
2144 1598 2276 1646 ante
2300 1591 2498 1645 faciem
2529 1592 2695 1646 Pilati
2725 1593 3011 1647 Christum
3037 1597 3329 1664 negantes,
3360 1593 3571 1647 dixisse
3597 1593 3745 1647 refe-

460 1688 587 1755 jam
605 1683 894 1752 judicatus
923 1682 1016 1731 est.
1049 1674 1208 1729 Unde
1236 1673 1379 1728 bene
1406 1690 1519 1729 non
1549 1674 1690 1729 dixit
1730 1659 2123 1746 simpliciterB
2142 1684 2346 1734 runtur
2377 1699 2390 1733 :
2422 1680 2664 1748 Sanguis
2697 1682 2865 1749 hujus
2892 1696 3057 1748 super
3082 1659 3178 1734 nus
3204 1686 3253 1734 et
3281 1696 3448 1749 super
3474 1683 3625 1748 ﬁlios
3651 1697 3745 1735 no-

467 1786 674 1827 saevum
688 1767 893 1823 vulnus
915 1780 1036 1819 esse
1054 1763 1284 1828 factum,
1303 1767 1403 1816 aut
1419 1763 1746 1833 pessimum,
1762 1763 1860 1817 sed
1874 1762 2062 1833 junxit
2142 1774 2280 1822 siros
2295 1769 2505 1836 (Matth.
2522 1771 2709 1837 xxvii).
2728 1769 2791 1821 Et
2808 1771 2989 1822 omnis
3008 1771 3201 1822 anima
3220 1771 3404 1822 vivens
3421 1772 3651 1822 mortua
3665 1774 3744 1822 est

466 1861 579 1916 duo
606 1858 853 1918 nomina,
901 1854 959 1907 id
986 1857 1089 1917 est,
1122 1867 1321 1905 sevum
1350 1867 1415 1904 ac
1436 1854 1758 1918 pessimum,
1792 1851 1862 1905 ad
1892 1867 2062 1922 exag-
2143 1859 2206 1909 in
2236 1859 2406 1909 mari.
2441 1855 2547 1911 Hic
2581 1873 2616 1909 a
2650 1861 2770 1910 toto
2802 1872 2933 1927 pars
2969 1856 3324 1926 intelligitur.
3356 1857 3558 1927 Neque
3588 1857 3743 1910 enim

465 1946 775 2023 gerandam
790 1944 960 2014 hujus
972 1940 1219 1994 vulneris
1245 1938 1710 2009 magnitudinem,
1728 1940 1890 2010 quasi
1909 1940 2061 1994 dice-
2142 1961 2337 1999 omnes
2354 1943 2458 1998 sub
2479 1944 2693 1998 cameli
2712 1961 2879 1998 sensu
2908 1943 3053 2014 legis
3077 1943 3413 2008 moriuntur,
3434 1945 3575 2014 quia
3593 1960 3743 1998 nunc

466 2043 556 2093 ret
580 2030 993 2090 irremediabile
1018 2033 1186 2099 atque
1216 2027 1588 2093 mortiferum,
1613 2044 1724 2097 quo
1743 2028 1868 2093 soli,
1888 2028 2058 2081 etiam
2143 2033 2306 2086 multi
2330 2033 2430 2087 Dei
2453 2032 2640 2102 gratia
2668 2048 2735 2085 ea
2757 2049 2880 2103 quae
2901 2032 3011 2086 illis
3030 2031 3088 2085 in
3108 2032 3291 2102 ﬁgura
3312 2032 3740 2103 contingebant,

466 2127 515 2181 si
546 2125 641 2180 alii
671 2122 875 2187 desint,
906 2117 1143 2190 quilibet
1172 2115 1469 2180 vulnerati,
1506 2120 1716 2169 aeterna
1736 2116 2062 2186 judicentur
2141 2119 3008 2191 spiritualiterintelligunt.Tale
3023 2124 3109 2174 est
3126 2125 3183 2174 et
3201 2120 3743 2186 illud,0mnesdecli-

467 2230 635 2286 paena
651 2208 950 2283 plectendi.
976 2207 1046 2259 Et
1070 2205 1203 2275 quia
1224 2203 1580 2258 novissimam
1601 2204 1924 2258 Judaaorum
1950 2221 2058 2259 οω-
2140 2214 2435 2275 nave-runt,
2460 2211 2633 2263 simul
2660 2211 2889 2263 inutiles
2919 2210 3058 2276 facti
3083 2214 3216 2262 sunt
3245 2228 3262 2262 :
3294 2224 3407 2262 non
3433 2214 3511 2262 est
3540 2212 3643 2278 qui
3659 2211 3741 2277 fa-

466 2301 697 2355 citatem
723 2292 1007 2359 describit,
1023 2290 1118 2362 qui
1139 2307 1239 2360 pro
1253 2290 1476 2344 Christo
1496 2290 1903 2345 Antichristum
1926 2297 2060 2346 sunt
2140 2300 2248 2351 ciat
2280 2299 2503 2363 bonum,
2528 2313 2641 2352 non
2659 2302 2734 2351 est
2756 2313 2924 2365 usque
2942 2297 3017 2350 ad
3036 2313 3217 2350 unum
3231 2299 3398 2362 (Psat.
3422 2301 3566 2366 xm).
3594 2298 3739 2351 Nam

466 2384 802 2458 suscepturi,
828 2382 991 2453 juxta
1017 2378 1154 2432 illud
1189 2396 1201 2429 :
1238 2378 1350 2448 Ego
1378 2378 1503 2433 veni
1534 2378 1594 2432 in
1621 2378 1847 2433 nomine
1876 2380 2058 2435 Patris
2140 2391 2199 2440 et
2217 2386 2275 2439 in
2298 2385 2403 2439 hoc
2424 2385 2587 2451 mari,
2607 2385 2661 2439 id
2693 2390 2779 2439 est
2802 2386 2862 2439 in
2889 2401 3049 2439 sacra
3080 2384 3389 2455 Scriptura,
3416 2384 3742 2439 continetur

466 2475 598 2541 mei,
628 2479 685 2529 et
710 2478 824 2527 non
852 2466 1164 2539 suscipistis
1204 2482 1329 2521 me;
1360 2466 1506 2520 alius
1533 2466 1720 2520 veniet
1745 2467 1806 2520 in
1833 2467 2059 2521 nomine
2140 2473 2255 2527 vita
2277 2472 2513 2543 piscium
2551 2478 2776 2527 centum
2807 2473 3215 2543 quinquaginta
3240 2473 3414 2527 trium
3448 2473 3547 2544 qui
3588 2474 3738 2544 capti

464 2582 588 2631 suo,
618 2563 778 2618 illum
808 2555 1152 2628 suscepistis.
1191 2554 1342 2610 Bene
1365 2554 1619 2609 homines
1638 2555 1773 2608 dicit
1799 2554 2063 2627 praedica-
2142 2567 2276 2616 sunt
2305 2561 2411 2615 reti
2440 2562 2842 2633 apostolorum.
2858 2561 2975 2615 Hoc
2990 2566 3078 2615 est
3103 2561 3252 2615 enim
3272 2562 3455 2632 pisces
3476 2562 3586 2616 reti
3606 2578 3737 2633 apo—

380 2714 384 2719 ,
465 2654 620 2709 tione
654 2646 863 2705 Christi
889 2643 1133 2716 pessime
1162 2642 1504 2712 vulneratos,
1541 2643 1638 2713 qui
1679 2642 2059 2699 characterem
2142 2650 2412 2704 stolorum
2434 2649 2575 2720 capi,
2597 2650 2745 2719 quod
2769 2654 2872 2714 est,
2898 2649 2958 2703 in
2974 2649 3274 2704 electorum
3299 2655 3457 2721 parte
3477 2666 3659 2721 aquas
3676 2651 3735 2706 in

462 2741 657 2797 bestiae
685 2736 948 2791 videntur
974 2731 1179 2786 habere
1209 2732 1443 2802 ejusque
1466 2729 1772 2801 imaginem
1799 2733 2055 2787 adorare.
2140 2739 2473 2808 sanguinem
2500 2737 2729 2791 minime
2752 2738 3221 2793 converti,0mnis
3232 2754 3365 2808 ergo
3379 2739 3573 2792 anima
3588 2754 3738 2793 mora

466 2831 771 2886 Character
810 2839 941 2879 vero
978 2820 1191 2885 bestiae,
1221 2825 1287 2875 ut
1330 2835 1502 2891 supra
1542 2819 1754 2874 dictum
1782 2826 1886 2887 est,
1920 2821 2059 2876 ﬁdes
2139 2832 2238 2883 tua
2267 2827 2329 2881 in
2356 2826 2519 2891 mari,
2551 2843 2652 2897 pro
2681 2826 2770 2880 his
2803 2821 3024 2880 tantum
3054 2825 3377 2896 accipienda
3414 2830 3519 2891 est,
3549 2827 3649 2897 qui
3677 2827 3757 2881 in‘

465 2921 587 2991 ejus
616 2913 971 2985 intelligitur.
990 2910 1168 2974 Quem
1188 2908 1567 2963 characterem
1584 2908 1704 2978 jam
1730 2909 1942 2963 habent
1967 2911 2061 2964 Ju-
2078 2924 2122 2984 ο
2139 2914 2263 2986 lege
2290 2913 2430 2967 nihil
2454 2912 2607 2966 aliud
2631 2912 2740 2967 nisi
2758 2912 3003 2967 litteram
3031 2912 3350 2977 attendunt,
3369 2913 3519 2968 sicut
3530 2914 3731 2979 Judaei,

464 3007 590 3070 daei,
623 3004 915 3061 credentes
948 2999 1008 3052 in
1036 2997 1197 3051 illum
1226 3001 1283 3050 et
1319 3012 1450 3050 eum
1487 3002 1889 3067 exspectantes,
1931 3014 2059 3052 sus-

465 3093 685 3168 cepturi
714 3092 869 3147 illum
893 3103 1022 3143 cum
1049 3084 1204 3141 omni
1231 3085 1414 3140 cordis
1440 3084 1754 3142 devotione.
1771 3086 1927 3140 Tunc
1944 3086 2058 3140 uti-

468 3202 577 3257 que
604 3186 797 3253 aperte
824 3175 1150 3247 suscipient,
1174 3190 1341 3245 quem
1366 3189 1514 3228 nunc
1541 3179 1658 3228 toto
1682 3179 1806 3228 voto
1826 3179 2046 3231 tenent.

466 3273 721 3328 Aderant
745 3281 968 3338 quoque
993 3262 1300 3332 imaginem
1336 3263 1477 3331 ejus.
1510 3262 1566 3316 id
1592 3267 1696 3328 est,
1729 3263 1913 3333 ipsum
1941 3264 2058 3317 An-

466 3356 805 3420 tichristum,
842 3367 993 3406 nunc
1019 3356 1146 3403 voto
1184 3354 1241 3402 et
1276 3348 1571 3413 desiderio,
1612 3355 1746 3404 tunc
1773 3355 1965 3403 autem
2003 3353 2061 3403 et

468 3451 659 3504 mente
685 3448 742 3498 et
769 3455 1000 3512 corpore
1029 3436 1295 3510 prostrati
1322 3436 1384 3490 in
1418 3443 1719 3508 conspectu
1746 3436 1917 3492 illius.
1949 3438 2059 3492 Re-

465 3552 599 3591 vera
619 3533 768 3588 enim
793 3529 1025 3600 dignum
1055 3533 1159 3593 est,
1185 3530 1249 3581 ut
1269 3524 1364 3596 qui
1381 3524 1617 3580 vitulum
1633 3525 1952 3596 saginatum
1973 3532 2061 3580 tu-

466 3628 685 3680 mentes
708 3618 1042 3691 despiciunt,
1065 3615 1290 3670 haedum
1315 3614 1613 3683 accipiant,
1636 3619 2060 3670 contemnentes

465 3714 725 3770 videlicet
748 3708 1054 3773 Christum,
1077 3704 1388 3775 suscipiant
1411 3704 1839 3760 Antichristum.
1855 3706 2062 3770 Quam-

465 3808 657 3864 obrem
687 3801 1004 3874 specialiter
1040 3799 1144 3852 hoc
1173 3798 1242 3851 de
1269 3797 1406 3867 ipsis
1447 3796 1846 3865 intelligamus,
1879 3814 2059 3869 quan-

466 3911 637 3969 quam
672 3893 778 3947 hoc
819 3895 876 3944 et
910 3886 1215 3942 incredulis
1251 3884 1513 3955 gentibus
1547 3886 1889 3955 generaliter
1924 3903 2062 3942 con-

463 3999 669 4057 gruere
695 3980 968 4035 videatur.
999 3976 1205 4030 Multos
1231 3973 1380 4028 enim
1403 3978 1461 4028 et
1482 3973 1920 4029 innumerabiles
1949 3975 2059 4047 ipsi

463 4072 644 4131 Judmi
666 4071 726 4125 in
745 4066 1099 4137 susceptione
1116 4061 1449 4117 Antichristi
1470 4078 1535 4116 ex
1556 4062 1861 4117 incredulis
1878 4063 2060 4134 genti-

462 4162 570 4218 bus
590 4156 880 4215 habebunt
901 4168 1186 4224 sequaces,
1204 4151 1351 4205 sicut
1377 4151 1617 4222 apostoli
1639 4151 1701 4206 in
1719 4152 1830 4207 ﬁde
1850 4152 2060 4206 Christi

462 4250 672 4306 multos
716 4243 1036 4299 habuerunt
1070 4240 1401 4294 imitatores.
1435 4238 1736 4294 Sciendum
1763 4245 2110 4326 praeterea,D

466 4338 601 4409 quia
627 4334 772 4389 sicut
799 4329 977 4386 Judaei
1001 4333 1170 4399 atque
1192 4327 1431 4398 gentiles
1459 4343 1560 4397 pro
1585 4343 1650 4381 eo
1673 4328 1824 4399 quod
1851 4329 2058 4399 praedi-

464 4424 744 4481 cationem
772 4416 1029 4474 Ecclesiae
1058 4414 1393 4486 despiciunt,
1425 4420 1695 4487 tanquam
1724 4417 1926 4472 vulnus
1953 4418 2057 4471 ad-

457 4515 717 4585 junctum
733 4504 950 4563 vulneri
968 4503 1276 4575 suscipient
1288 4503 1718 4571 Antichristum,
1732 4505 1812 4560 sic
1830 4506 2055 4577 reprobi

460 4602 614 4657 intra
643 4600 892 4652 sanctam
932 4591 1235 4647 Ecclesiam
1264 4591 1573 4659 constituti,
1607 4593 1741 4664 quia
1768 4594 2055 4649 Christum

457 4692 610 4763 juste
660 4686 1019 4747 conﬁtentur,
1062 4680 1325 4752 operibus
1366 4681 1667 4753 denegant,
1702 4682 1933 4752 dignum
1971 4689 2058 4739 est

462 4784 547 4846 ut,
569 4776 902 4833 imminente
932 4770 1337 4843 persecutionis
1365 4770 1622 4835 articulo,
1652 4772 2057 4843 professionem

463 4867 747 4928 amittant,
775 4877 945 4933 quam
976 4859 1095 4914 sola
1120 4864 1327 4929 gerunt
1353 4859 1567 4930 lingua,
1591 4864 1648 4914 et
1674 4860 2057 4916 characterem

463 4955 711 5011 habeant
737 4953 797 5007 in
822 4949 953 5005 ﬁdei
979 4948 1370 5019 abnegatione,
1403 4965 1570 5020 quem
1598 4949 1815 5003 dudum
1844 4951 2056 5005 occulte

460 5041 745 5099 habebant
774 5040 835 5093 in
863 5037 1127 5109 operibus
1172 5054 1461 5103 manuum,
1494 5037 1865 5109 eumdemque
1894 5038 2059 5092 Anti-

464 5128 737 5187 christum
766 5126 1060 5179 manifeste
1102 5130 1429 5196 sequantur,
1461 5130 1589 5195 post
1628 5141 1796 5195 quem
1842 5125 2054 5180 dudum

463 5218 679 5276 occulte
706 5212 1089 5269 ambulabant.

527 5309 595 5363 Et
619 5303 887 5361 secundus
908 5304 1137 5370 angelus
1150 5304 1340 5370 effudit
1354 5302 1611 5372 phialam
1629 5320 1790 5358 suam
1802 5308 1866 5359 in
1879 5321 2052 5377 mare,

463 5404 513 5454 et
541 5397 721 5466 factus
740 5396 818 5446 est
844 5394 1073 5458 sanguis
1099 5396 1368 5458 tanquam
1396 5395 1624 5446 mortui.
1650 5392 1716 5447 In
1739 5393 1884 5447 mari
1911 5409 2057 5464 aqua

466 5490 570 5555 est,
609 5488 669 5540 et
719 5480 846 5539 ideo
882 5477 1131 5550 primum
1167 5478 1470 5535 videndum
1512 5480 1647 5553 quid
1682 5481 1758 5537 sit
1792 5498 1957 5554 aqua,
2000 5486 2058 5536 et

2139 3002 2235 3072 qui
2263 3002 2505 3056 maxime
2534 3019 2603 3057 ex
2639 3017 2705 3056 eo
2751 3005 3004 3072 tempore
3030 3017 3142 3055 non
3183 3007 3317 3055 sunt
3356 3002 3587 3068 mortui,
3622 3019 3734 3074 quo

2138 3096 2430 3162 cmperunt
2459 3091 2636 3144 vivere
2662 3089 2855 3144 ﬁdeles
2881 3106 2983 3160 per
3002 3105 3202 3144 sensus
3221 3089 3566 3160 spirituales.

2209 3181 2274 3233 Et
2305 3181 2500 3233 tertius
2526 3178 2717 3245 effudit
2740 3178 2997 3246 phialam
3024 3193 3187 3232 suam
3222 3194 3384 3247 super
3409 3181 3659 3248 ﬂumina
3685 3187 3735 3235 et

2138 3282 2304 3334 super
2342 3268 2516 3334 fontes
2542 3280 2843 3334 aquarum,
2890 3271 2939 3320 et
2967 3268 3149 3333 factus
3176 3272 3252 3321 est
3276 3270 3535 3335 sanguis.
3570 3268 3735 3332 Quod

2140 3361 2226 3409 est
2252 3354 2467 3426 primus
2491 3355 2746 3424 angelus,
2777 3354 2883 3408 hoc
2911 3355 3209 3423 secundus,
3240 3355 3346 3409 hoc
3370 3355 3600 3423 tertius,
3631 3358 3735 3412 hoc

2140 3443 2381 3514 denique
2428 3458 2643 3508 omnes,
2674 3442 2731 3496 id
2778 3447 2864 3497 est
2899 3443 3083 3497 cuncti
3109 3443 3530 3513 praedicatores.
3560 3446 3736 3499 Porro

2141 3548 2241 3602 per
2268 3531 2503 3585 ﬁumina
2533 3535 2588 3585 et
2625 3529 2808 3585 fontes
2835 3547 3109 3602 aquarum
3136 3532 3378 3602 gentiles
3413 3533 3738 3603 signiﬁcan-

2140 3622 2266 3687 tur,’
2286 3620 2432 3674 sicut
2456 3636 2628 3690 supra
2651 3636 2752 3690 per
2790 3635 2966 3674 mare.
3008 3620 3235 3675 Fluvius
3258 3620 3329 3673 ab
3356 3620 3520 3675 initio
3548 3621 3640 3677 sui
3666 3621 3739 3676 ad

2142 3708 2409 3763 interiora
2435 3708 2635 3771 tendit,
2661 3713 2720 3762 et
2745 3708 2802 3762 in
2834 3724 2989 3762 mare
3015 3707 3368 3775 diffunditur,
3400 3710 3481 3763 sic
3510 3714 3573 3763 et
3591 3726 3736 3781 gen-

2139 3798 2316 3852 tilitas
2344 3796 2404 3851 in
2431 3796 2761 3850 inﬁdelitate
2780 3802 3080 3867 praeventa,
3102 3796 3347 3851 cucurrit
3370 3798 3443 3852 ad
3469 3804 3732 3863 mortem,

2140 3887 2239 3941 sed
2266 3886 2390 3957 ipsa
2413 3885 2705 3956 gentilitas
2733 3887 2790 3938 in
2820 3885 2937 3939 suis
2966 3884 3310 3956 philosophis
3336 3886 3555 3957 accepit
3582 3887 3737 3958 phia-

2139 3975 2254 4029 lam
2284 3990 2466 4039 suam,
2497 3973 2549 4026 id
2584 3978 2688 4038 est,
2719 3988 2937 4027 sacram
2987 3973 3335 4044 Scripturam
3365 3980 3421 4028 et
3451 3974 3558 4029 Dei
3588 3976 3737 4030 noti-

2138 4063 2297 4129 tiam,
2322 4062 2488 4130 sicut,
2504 4060 2654 4116 verbi
2674 4061 2881 4131 gratia,
2906 4061 3066 4116 Plato
3086 4078 3122 4115 a
3143 4061 3388 4117 Jeremia
3413 4062 3473 4116 in
3492 4063 3735 4135 [Egypto

2141 4152 2376 4224 positus,
2405 4149 2663 4221 cognovit
2684 4150 2833 4220 quod
2860 4150 3009 4205 Deus
3035 4150 3389 4220 omnipotens
3408 4149 3609 4204 fecerit
3625 4166 3737 4203 cm-

2142 4241 2260 4295 lum
2290 4245 2348 4295 et
2373 4246 2602 4304 terram,
2627 4254 2782 4292 mare
2812 4243 2870 4292 et
2897 4238 3086 4291 omnia
3110 4253 3233 4308 quae
3262 4237 3319 4291 in
3348 4237 3430 4291 eis
3458 4242 3613 4305 sunt,
3639 4237 3733 4292 sed

2141 4330 2286 4384 hanc
2314 4328 2563 4400 phialam
2592 4326 2762 4381 vertit
2788 4326 2846 4381 in
2876 4326 3227 4396 sanguinem,
3261 4325 3319 4380 id
3348 4330 3435 4380 est
3461 4326 3523 4380 in
3551 4328 3736 4397 pravi-

2139 4423 2314 4473 tatem
2361 4416 2588 4483 erroris,
2629 4415 2821 4469 dicens
2867 4414 3015 4485 quod
3053 4414 3267 4468 ccelites
3298 4414 3373 4482 (id
3402 4419 3493 4469 est
3527 4415 3734 4486 angeli)

2138 4505 2371 4561 fecerint
2395 4510 2616 4570 caetera,
2646 4503 2703 4556 id
2733 4506 2836 4566 est,
2874 4501 3146 4556 minorem
3176 4506 3521 4557 creaturam.
3546 4502 3733 4572 Virgi-

2139 4595 2247 4650 lius
2274 4610 2498 4666 quoque
2547 4609 2613 4647 ex
2650 4591 2899 4647 Danielis
2940 4590 3220 4645 volumine
3258 4590 3454 4645 didicit
3491 4596 3735 4663 quatuor

2138 4700 2313 4754 regna
2339 4700 2374 4737 a
2400 4683 2516 4738 Deo
2551 4676 3043 4753 praeordinata,‘ex
3067 4678 3269 4751 quibus
3304 4695 3485 4735 unum
3514 4685 3605 4735 est
3632 4696 3733 4735 au-

2137 4788 2318 4838 reum,
2349 4772 2446 4826 sed
2490 4768 2764 4824 convertit
2798 4769 2905 4822 hoc
2932 4768 2991 4822 in
3031 4767 3386 4838 sanguinem,
3416 4784 3550 4822 cum
3578 4774 3734 4824 retu-

2136 4861 2203 4915 lit
2228 4861 2334 4915 hoc
2353 4860 2425 4914 ad
2454 4860 2762 4914 Saturnum
2784 4863 2842 4911 et
2855 4855 3073 4922 Jovem,
3091 4856 3355 4927 ipsosque
3375 4856 3521 4911 dixit
3540 4858 3732 4912 condi-

2137 4955 2289 5005 tores
2306 4964 2608 5020 regnorum
2626 4946 2875 5017 ipsorum
2892 4965 2908 5015 ;
2930 4945 3062 4999 hinc
3075 4944 3536 5015 doctorgentium
3557 4946 3734 5017 loqui-

2138 5042 2232 5091 tur
2258 5037 2448 5092 dicens
2476 5055 2487 5089 :
2524 5036 2732 5107 Sapere
2757 5034 3062 5089 secundum
3091 5048 3318 5087 carnem
3356 5050 3511 5088 mors
3540 5040 3649 5104 est,
3677 5038 3734 5088 et

2137 5143 2384 5193 rursum,
2411 5125 2689 5196 sapientia
2712 5124 2895 5179 carnis
2924 5123 3152 5177 inimica
3178 5127 3265 5176 est
3297 5123 3430 5178 Deo.

2206 5216 2275 5270 Et
2292 5215 2488 5268 audivi
2515 5202 2776 5282 angelum
2800 5228 3102 5280 aquarum.
3127 5211 3190 5265 ld
3217 5214 3321 5275 est,
3348 5211 3616 5266 nuntium
3638 5228 3731 5282 po-

2138 5304 2420 5375 pulorum,
2451 5302 2601 5373 quia,
2636 5302 2780 5355 sicut
2805 5301 2864 5355 in
2892 5299 3255 5372 sequentibus
3282 5300 3546 5370 legimus,
3573 5317 3730 5372 aqua

2137 5393 2329 5448 multae
2365 5391 2559 5463 populi
2586 5390 2750 5444 multi
2792 5395 2942 5444 sunt.
2978 5391 3248 5444 Dicentem
3284 5407 3301 5441 :
3327 5391 3524 5443 Justus
3551 5405 3605 5443 es
3633 5392 3730 5459 qui

2136 5496 2260 5536 eras
2304 5483 2549 5537 sanctus.
2578 5478 2934 5535 Praeteritum
2971 5482 3196 5550 tempus
3230 5476 3480 5551 positum
3518 5482 3608 5533 est
3641 5476 3731 5533 hic
