4006 6164
204 286 345 351 H29

1127 288 1513 347 EXPOSITIO
1544 290 1624 346 IN
1654 287 2179 379 APOCALYPSIN.
2222 319 2296 332 —
2320 290 2455 347 LIB.
2482 291 2552 346 V.

3345 290 3486 351 1130

197 432 302 487 pro
333 415 519 471 tribus
536 414 910 487 temporibus,
943 413 1004 468 id
1053 418 1156 477 est,
1198 431 1301 485 pro
1335 416 1639 486 praeterito,
1669 417 1872 485 prae-A
1896 414 2055 478 casti,
2084 419 2142 469 et
2178 420 2397 476 catera,
2446 420 2717 485 tanquam
2774 413 3058 470 diceretur
3089 433 3101 469 :
3130 416 3275 480 Quia
3318 417 3489 471 verba

198 503 348 558 senti
374 511 432 558 et
456 507 668 558 tuturo.
703 504 809 567 Qui
836 519 962 556 eras
992 503 1445 572 sanctus.justus
1484 520 1543 557 es
1573 509 1631 556 et
1667 503 1804 559 eris.

198 592 337 656 Quae
352 592 577 662 justitia
600 593 659 646 in
685 593 790 645 hoc
816 591 1227 652 manifestatur,
1252 607 1378 644 cum
1402 591 1662 645 subditur
1686 594 1816 659 :qui

199 681 331 745 hac,
356 680 568 750 inquit.
598 681 881 748 judicasti
900 682 1034 747 quia
1058 682 1389 746 sanguinem
1416 686 1735 734 sanctorum
1766 683 1815 731 et

198 768 603 837 prophetarum
637 768 951 833 effuderunt
980 772 1029 819 et
1053 770 1383 833 sanguinem
1415 770 1490 820 eis
1511 768 1712 820 dedisti
1740 768 1817 819 bi-

203 856 347 909 bere.
378 856 405 909 J
414 862 604 910 ustum
636 854 789 907 enim
833 860 919 907 est
946 854 1094 924 apud
1124 860 1199 915 te,
1228 860 1292 907 ut
1320 854 1453 924 quia
1479 854 1810 924 sanguinem

205 948 534 996 sanctorum
560 948 790 995 tuorum
824 941 1161 1001 effuderunt,
1214 940 1318 1009 ipsi
1366 942 1695 1011 sanguinem
1729 940 1814 994 bi-

202 1030 368 1086 bant.
395 1033 509 1085 Hoc
531 1035 619 1083 est
645 1030 947 1083 vindictam
976 1029 1135 1082 etfusi
1156 1029 1449 1099 sanguinis
1474 1031 1811 1093 sustineant,

204 1126 265 1174 et
317 1120 376 1173 in
419 1119 505 1173 tui
550 1118 928 1188 cognitionem
970 1116 1200 1170 minime
1244 1117 1573 1187 perveniant
1600 1118 1657 1170 hi
1697 1117 1814 1187 qui,

207 1207 366 1263 bona
394 1207 501 1261 sibi
526 1206 947 1268 annuntiantes,
979 1221 1091 1258 non
1119 1205 1301 1258 solum
1340 1222 1452 1259 non
1492 1206 1816 1267 audierunt,

204 1310 410 1350 verum
440 1296 612 1349 etiam
644 1294 949 1348 crudeliter
987 1301 1368 1363 peremerunt.
1402 1294 1562 1356 Quod
1607 1293 1819 1347 intelli-

203 1384 460 1454 gendum
481 1389 568 1436 est
586 1390 705 1437 tam
730 1383 800 1436 de
824 1381 1032 1436 Iudaeis
1051 1397 1220 1451 quam
1243 1381 1312 1435 de
1334 1380 1617 1452 gentibus.
1642 1381 1821 1435 Judaei

211 1473 373 1528 enim
400 1472 667 1527 fuderunt
697 1471 1026 1540 sanguinem
1050 1476 1370 1524 sanctorum
1396 1471 1816 1540 prophetarum,

207 1562 366 1616 sicut
378 1560 788 1615 interfecerunt
801 1558 1166 1623 Ezechielem,
1186 1564 1243 1611 et
1260 1558 1464 1612 Isaiam
1497 1563 1818 1623 secuerunt,

209 1647 522 1703 Jeremiam
562 1647 970 1717 lapidaverunt.
1001 1645 1161 1699 Unde
1199 1650 1257 1698 et
1296 1645 1614 1715 Stephanus
1645 1645 1727 1699 eis
1763 1644 1824 1698 in

1895 502 2056 569 legis,
2088 504 2311 574 eloquia
2348 505 2769 574 prophetarum,
2802 505 3065 575 dictaque
3106 505 3488 575 apostolorum

1897 593 2287 663 depravantes,
2314 593 2475 664 quasi
2498 594 2648 664 ipsos
2669 594 3012 658 occiderunt,
3036 595 3267 664 dignum
3314 601 3400 649 est
3425 601 3491 649 ut

1897 696 1999 750 per
2018 682 2506 753 temporalia(quze
2523 689 2652 735 ante
2673 682 3043 749 calcaverunt)
3066 683 3287 752 ﬂagella
3306 684 3493 754 ipsum

1898 770 2250 838 sanguinem,
2280 787 2444 841 quem
2474 771 2807 836 effuderunt,
2843 788 2952 841 quo
3002 778 3059 825 et
3104 777 3319 824 animas
3362 788 3494 826 suas

1897 864 2351 915 cruentavcrunt.
2386 876 2573 912 coram
2602 860 2922 913 hominibus
2952 859 3161 921 bibant,
3194 860 3249 912 id
3280 866 3367 913 est
3396 876 3497 913 no-

1898 962 2026 1000 men
2058 952 2216 1001 tuum
2250 948 2398 1018 quod
2428 949 2566 1002 falso
2595 948 2870 1010 colebant,
2907 948 3125 1018 publice
3172 954 3397 1018 negent,
3440 956 3498 1003 et

1900 1035 2357 1104 corruptionibus
2388 1036 2593 1103 carnis,
2628 1037 2784 1106 quasi
2816 1036 2997 1090 inanis
3023 1037 3217 1107 gloriae
3242 1036 3498 1107 appetitu

1900 1123 2340 1189 refrenaverant,
2366 1124 2572 1177 iterare
2600 1131 2960 1194 praesumant.

1972 1211 2039 1264 Et
2060 1217 2294 1278 quartus
2308 1215 2537 1279 angelus
2562 1215 2751 1279 e/fudit
2769 1214 3024 1280 phialam
3048 1229 3209 1266 suam
3226 1217 3288 1267 in
3308 1216 3496 1267 solem.

1904 1296 1998 1351 Sol
2028 1297 2085 1350 in
2114 1315 2274 1353 sacro
2301 1299 2524 1369 eloquio
2570 1300 2817 1353 diversas
2844 1301 3014 1354 habet
3040 1301 3495 1370 signiﬁcationes,

1903 1390 1962 1439 et
2002 1386 2231 1456 ponitur
2266 1388 2325 1441 in
2373 1388 2516 1441 bono
2564 1394 2621 1441 et
2664 1388 2831 1441 malo.
2864 1388 3179 1458 Aliquando
3224 1389 3505 1459 signiﬁcat

1908 1473 2198 1528 Christum
2226 1475 2296 1528 de
2317 1492 2426 1545 quo
2447 1476 2715 1547 scriptum
2746 1481 2864 1530 est:
2894 1478 3041 1530 Vobis
3071 1479 3390 1530 timentibus
3411 1493 3507 1530 no-

1905 1578 2031 1614 men
2062 1578 2245 1615 meum
2276 1568 2491 1616 orietur
2508 1566 2587 1617 sol
2605 1567 2844 1631 justitiw
2864 1565 3052 1634 (Zach.
3074 1569 3181 1632 m),
3205 1564 3507 1634 aliquando

1907 1649 2188 1719 significat
2233 1656 2290 1704 et
2346 1650 2767 1704 tribulationem
2816 1652 3108 1721 praesentis
3153 1652 3297 1714 vitae,
3348 1644 3509 1720 juxta

209 1736 600 1798 contentione,
634 1750 801 1805 quam
849 1750 977 1787 cum
1034 1732 1145 1786 illis
1197 1732 1394 1786 habuit
1451 1719 1883 1803 improperat,B
1904 1738 2053 1808 quod
2083 1738 2143 1792 in
2172 1738 2441 1808 parabola
2470 1739 2603 1801 iacti
2650 1719 2880 1793 seminis
2931 1739 3156 1799 dicitur,
3184 1739 3317 1809 quia
3351 1719 3507 1793 aliud

211 1825 416 1881 dicens
439 1845 451 1879 :
476 1825 656 1888 Quem
685 1823 1089 1894 prophetarum
1119 1837 1231 1874 non
1262 1827 1396 1874 sunt
1420 1821 1696 1891 persecuti
1722 1837 1823 1892 pa-

210 1920 340 1969 tres
381 1913 598 1967 vestri?
637 1912 705 1965 Et
741 1911 1066 1965 occiderunt
1106 1926 1201 1963 eos
1240 1909 1335 1980 qui
1375 1909 1828 1980 praenuntiabant

212 2002 295 2057 de
324 2001 570 2056 adventu
593 1999 753 2071 justi.
777 1999 1030 2053 Gentiles
1052 2013 1272 2068 quoque
1300 1997 1563 2051 similiter
1587 1998 1827 2051 multum

219 2096 554 2145 sancmrum
608 2094 923 2158 martyrum
978 2085 1308 2156 sanguinem
1350 2086 1638 2140 fuderunt.
1685 2086 1832 2139 sicut

216 2180 380 2234 Nero
400 2178 677 2232 cruciﬁxit
698 2178 951 2241 Petrum,
974 2174 1268 2228 decollavit
1286 2173 1523 2227 Paulum
1546 2180 1604 2227 et
1627 2175 1832 2227 multos

217 2269 390 2322 alios.
420 2267 491 2321 lli
521 2281 717 2319 omnes
743 2266 900 2334 justo
932 2262 1034 2317 Dei
1078 2261 1290 2332 judicio
1340 2267 1538 2332 postea
1568 2261 1833 2315 biberunt

219 2355 586 2426 sanguinem,
604 2353 663 2407 id
693 2358 797 2413 est,
817 2351 1121 2405 vindictam
1138 2349 1430 2420 sanguinis
1446 2351 1825 2420 pertulerunt:

219 2444 397 2498 velin
421 2441 702 2514 praesenti,
730 2440 872 2494 sicut
904 2440 1079 2494 Judaei
1109 2446 1165 2492 et
1193 2439 1312 2510 ipse
1343 2439 1510 2503 Nero,
1538 2445 1603 2491 ut
1633 2439 1831 2508 perde-

220 2539 361 2588 rent
381 2538 438 2585 et
458 2536 790 2601 praesentem
809 2528 982 2581 vitam
1014 2534 1072 2581 et
1096 2527 1345 2580 futuram
1373 2544 1385 2577 :
1413 2527 1496 2581 vel
1526 2527 1583 2579 in
1616 2526 1835 2580 inferno

223 2620 510 2681 damnati,
534 2628 591 2672 et
612 2618 897 2688 perpetuis
926 2615 1264 2669 cruciatibus
1284 2614 1494 2668 traditi.
1534 2614 1691 2668 Unde
1724 2615 1834 2668 Do~

225 2709 425 2764 minus
452 2708 510 2761 in
541 2706 840 2775 Evangelio
865 2704 1002 2758 dicit
1035 2722 1046 2756 :
1082 2704 1425 2773 Requiretur
1449 2703 1681 2773 sanguis
1713 2719 1837 2756 om-

226 2797 395 2852 nium
418 2801 740 2849 sanctorum
763 2810 797 2846 a
814 2792 1178 2863 generatione
1200 2792 1304 2845 hac
1322 2791 1708 2861 reproborum,
1742 2790 1839 2860 qui

226 2886 446 2940 etfusus
465 2889 552 2937 est
567 2899 738 2954 super
756 2890 967 2934 terram
989 2898 1024 2934 a
1048 2880 1323 2950 sanguine
1344 2879 1483 2933 Abel
1497 2879 1841 2949 justi,usque

227 2974 310 3029 ad
337 2974 668 3042 sanguinem
698 2970 999 3024 Zachariae.
1019 2969 1200 3022 Aliter
1223 2991 1235 3023 :
1263 2969 1503 3039 Sanguis
1519 2974 1840 3021 sanctorum

1906 1825 2108 1880 cecidit
2134 1843 2305 1896 supra
2338 1832 2577 1897 petram,
2612 1833 2669 1881 et
2717 1827 2907 1881 statim
2951 1834 3017 1881 ut
3064 1833 3222 1881 ortus
3267 1833 3354 1881 est
3401 1827 3504 1893 sol,

1908 1914 2143 1967 exaruit.
2174 1915 2274 1968 Hic
2295 1922 2485 1969 autem
2505 1916 2681 1969 solem
2702 1915 3082 1985 intelligamus
3118 1914 3302 1986 ipsum
3355 1916 3512 1969 dam-

1914 2008 2113 2055 natum
2135 2002 2441 2063 hominem,
2465 2003 2563 2072 qui
2603 2020 2663 2057 se
2688 2003 2745 2057 in
2770 2004 3088 2057 novissimis
3117 2003 3314 2057 diebus
3336 2003 3511 2058 solem

1908 2089 2164 2157 justitiae,
2189 2089 2511 2151 mentietur,
2539 2106 2665 2144 cum
2687 2090 2801 2144 sint
2827 2090 2887 2145 in
2907 2106 2973 2145 eo
2996 2090 3339 2145 densissimas
3351 2096 3513 2144 tene-

1919 2176 2029 2230 brae
2058 2180 2117 2230 et
2145 2176 2344 2230 umbra
2376 2177 2592 2231 mortis.
2612 2179 2677 2231 1n
2707 2179 2880 2231 solem
2907 2178 3097 2248 itaque
3118 2180 3350 2249 angelus
3361 2180 3518 2250 phia-

1917 2264 2031 2317 1am
2066 2265 2322 2327 effundit,
2359 2266 2584 2335 quando
2612 2266 3009 2336 praedicatores
3055 2267 3324 2321 adversus
3353 2268 3517 2321 Anti-

1914 2352 2187 2406 christum
2229 2362 2287 2429 et
2329 2354 2451 2424 ejus
2500 2353 2789 2409 ministros
2830 2355 3062 2409 verbum
3104 2355 3520 2426 praedicationis

1919 2442 2226 2511 proferunt.
2262 2443 2329 2495 Et
2366 2444 2561 2496 datum
2592 2448 2667 2496 est
2696 2446 2788 2496 illi
2807 2449 2937 2497 astu
2967 2446 3185 2511 afﬁcere
3204 2445 3451 2498 homines
3472 2448 3522 2498 et

1920 2533 2064 2596 igne.
2093 2531 2209 2584 Hoc
2232 2529 2300 2583 ad
2326 2536 2631 2600 utrumque
2651 2538 2835 2601 potest
2873 2532 3067 2585 referri
3111 2532 3300 2586 Estus
3328 2548 3519 2602 perse-

1919 2619 2200 2672 cutionem
2228 2618 2506 2688 signiﬁcat
2520 2635 2769 2688 gravem,
2794 2636 2904 2689 qua
2918 2619 3295 2673 Antichristus
3314 2619 3522 2674 afﬁciet

1923 2705 2202 2770 homines,
2233 2706 2289 2759 id
2314 2712 2417 2764 est,
2450 2713 2674 2760 sanctos
2706 2707 2801 2777 qui
2838 2707 2897 2761 in
2926 2708 3035 2761 ﬁde
3066 2714 3518 2778 permanserunt,

1922 2794 2069 2847 sicut
2096 2794 2273 2847 Eliam
2306 2800 2362 2848 et
2392 2795 2597 2849 Enoch.
2630 2796 2833 2849 Datum
2875 2803 2963 2849 est
2986 2795 3069 2849 illi
3093 2812 3129 2849 a
3161 2796 3291 2860 Deo,
3323 2796 3381 2850 id
3410 2801 3519 2863 est,

1925 2882 2261 2952 permissum
2283 2890 2368 2937 est
2387 2883 2608 2937 afﬁcere
2624 2883 2880 2937 homines
2903 2890 3041 2938 aestu
3069 2889 3127 2937 et
3154 2885 3301 2954 igne,
3324 2884 3381 2938 id
3412 2890 3517 2949 est,

1928 2971 2316 3040 persecutione
2337 2970 2698 3035 validissima,
2716 2972 2896 3041 qualis
2918 2988 3203 3043 nunquam
3223 2972 3522 3043 fuitneque

227 3030 642 3134 prophetarum
664 3058 1003 3129 intelligitur
1030 3058 1338 3128 spiritualis
1366 3030 1563 3111 sonsus
1592 3056 1841 3110 illorum.
1862 3030 1906 3089 Ο
1925 3030 2042 3123 ﬁet,
2076 3058 2222 3112 sicut
2248 3058 2519 3113 Dominus
2547 3059 2607 3112 in
2636 3030 2936 3131 Evangelio
2964 3030 3121 3118 dicit.
3147 3060 3307 3115 Unde
3335 3030 3525 3115 subdi-

230 3152 348 3214 Qui
376 3149 549 3220 igitur
586 3147 920 3217 sanguinem
952 3146 1358 3216 prophetarum
1397 3146 1483 3198 vel
1511 3152 1840 3199 canterorum

230 3245 566 3293 sanctorum
601 3235 829 3300 fuderit,
861 3234 918 3288 id
956 3241 1062 3295 est,
1092 3234 1189 3305 qui
1226 3234 1575 3304 spiritualem
1615 3233 1839 3287 illorum

232 3343 472 3383 sensum
504 3327 563 3380 in
592 3332 881 3379 terrenum
926 3322 1273 3376 intellectum
1314 3322 1670 3388 converterit,
1710 3337 1843 3375 san-

231 3418 471 3488 guinem
491 3414 659 3475 bibet,
678 3413 736 3467 id
752 3418 857 3477 est,
884 3412 1187 3465 vindictam
1209 3410 1501 3481 sanguinis
1522 3409 1840 3464 sustinebit.

235 3506 363 3560 Hoc
393 3509 499 3568 est,
532 3501 807 3573 quidquid
835 3500 1002 3554 vitale
1031 3499 1239 3554 habere
1269 3500 1508 3565 videtur,
1538 3499 1754 3570 perdet.
1788 3504 1846 3553 et

232 3596 300 3650 in
320 3592 537 3647 carnali
560 3607 732 3645 sensu
752 3588 1066 3644 remanebit
1089 3591 1245 3659 justo
1288 3588 1386 3642 Dei
1410 3588 1643 3659 judicio.
1675 3590 1847 3655 Digni

234 3685 395 3737 enim
424 3685 576 3734 sunt.
618 3679 865 3748 Dignum
905 3683 990 3731 est
1028 3677 1199 3737 enim,
1231 3682 1292 3730 ut
1332 3676 1380 3729 is
1420 3675 1513 3746 qui
1554 3674 1847 3745 spirituale

233 3772 436 3825 vinum
465 3769 656 3823 bibere
685 3767 885 3832 noluit,
919 3766 1374 3836 corruptionibus
1414 3764 1677 3818 vitiorum
1717 3770 1846 3816 tan-

235 3876 414 3932 quam
445 3855 817 3928 sanguinibus
840 3855 1147 3909 debrietur.

312 3950 383 4003 Et
407 3948 604 4001 audivi
641 3949 903 4000 alterum.
935 3943 1301 4008 Subauditur,
1327 3940 1581 4007 verbum,
1610 3942 1793 3994 dicens
1826 3957 1843 3992 :

235 4041 434 4100 etiam,
460 4037 689 4090 Domine
717 4036 859 4088 Deus
889 4036 1248 4100 omnipotens,
1270 4034 1427 4098 justa
1470 4036 1517 4083 et
1560 4045 1689 4083 vera
1717 4033 1850 4082 sunt

227 4129 464 4199 judicia
489 4130 609 4179 tua.
641 4124 765 4178 Non
791 4121 950 4185 dixit,
983 4119 1169 4175 audivi
1189 4120 1432 4173 alterum
1457 4117 1757 4179 dicentem,
1779 4131 1850 4169 ne

240 4216 513 4285 angelum
533 4212 1001 4282 intelligeremus,
1016 4209 1134 4273 sed,
1156 4211 1362 4264 Audivi
1379 4212 1621 4262 alterum
1644 4208 1847 4271 dicens,

1923 3152 2018 3200 tur
2047 3159 2060 3193 :

1995 3237 2060 3290 Et
2089 3241 2462 3290 aestuaverunt
2493 3237 2741 3291 homines
2768 3242 2901 3291 aestu
2930 3253 3146 3305 magno.
3183 3237 3351 3301 Quia,
3380 3237 3526 3292 sicut

1925 3325 2137 3378 dictum
2150 3330 2256 3389 est,
2281 3325 2390 3379 erit
2410 3330 2545 3378 tunc
2562 3323 2853 3379 tribulatio
2877 3328 3062 3393 qualis
3074 3342 3183 3380 non
3198 3327 3330 3393 fuit,
3354 3343 3527 3397 neque

1926 3416 2035 3480 ﬁet,
2058 3417 2221 3467 itaut
2243 3416 2307 3467 in
2328 3428 2574 3467 errorem
2585 3417 2951 3479 inducantur,
2964 3418 3016 3467 si
3025 3417 3526 3482 ﬁeripotest,etiam

1927 3505 2082 3555 electi
2106 3503 2328 3557 (Matth.
2371 3505 2547 3569 xxxv).
2579 3502 2761 3555 Aliter
2786 3516 2797 3549 ε
2829 3502 2944 3572 Ipsi
2975 3503 3071 3572 qui
3099 3502 3519 3567 cruciabuntur,

1929 3588 2175 3643 afﬁcient
2196 3606 2292 3644 eos
2319 3595 2479 3652 aestu,
2512 3590 2569 3642 id
2587 3596 2702 3655 est,
2735 3591 2822 3643 ira
2850 3606 3056 3659 magna
3092 3595 3150 3643 et
3176 3590 3457 3659 angustia,
3491 3608 3528 3645 a

1931 3677 2133 3747 quibus
2161 3676 2267 3731 sibi
2298 3678 2458 3729 illata
2484 3677 2695 3730 fuerint
2723 3683 3025 3739 tormenta,
3057 3677 3188 3747 quia
3213 3684 3343 3731 ante
3371 3683 3526 3749 pote-

1929 3771 2065 3819 runt
2093 3765 2288 3829 occidi,
2323 3781 2492 3835 quam
2521 3781 2552 3817 a
2580 3766 2691 3819 ﬁde
2720 3765 2927 3819 Christi
2952 3765 3202 3836 separari
3235 3784 3247 3818 :
3276 3766 3525 3838 dumque

1927 3852 2333 3924 insuperabiles
2372 3869 2468 3907 eos
2516 3853 2775 3918 viderint,
2816 3853 2923 3924 ipsi
2963 3870 3167 3924 magno
3206 3855 3528 3910 ass-tuabunt

1932 3949 2072 3996 aestu
2101 3941 2424 4005 iracundiis,
2463 3941 2820 4013 indignantes
2866 3942 2995 4003 illis,
3031 3959 3171 4013 quos
3213 3943 3363 3998 inter
3406 3950 3527 3998 tor-

1932 4036 2123 4085 menta
2151 4035 2472 4083 constantes
2507 4029 2770 4084 viderint.
2799 4029 2960 4093 Quod
2989 4029 3160 4083 etiam
3202 4030 3410 4085 factum
3441 4036 3529 4087 est

1932 4119 1989 4172 in
2014 4118 2400 4190 persecutione
2428 4125 2749 4172 sanctorum
2778 4123 3113 4188 martyrum,
3145 4120 3244 4173 sed
3267 4124 3404 4174 tunc
3431 4121 3531 4175 ﬁet

1933 4214 2093 4262 tanto
2123 4207 2380 4269 validius,
2413 4214 2624 4277 quanto
2650 4207 2874 4275 gravior
2902 4206 3011 4277 erit
3037 4206 3355 4266 tribulatio.
3390 4198 3528 4263 Am-

242 4304 306 4359 id
330 4309 437 4366 est,
463 4302 704 4356 alterum
736 4300 963 4354 verbum
997 4299 1067 4353 ab
1096 4315 1163 4352 eo
1204 4297 1523 4369 repetitum.
1548 4294 1677 4366 Ipse
1700 4294 2080 4367 enimDplius
2119 4296 2323 4367 quippe
2374 4295 2488 4355 isti,
2530 4294 2587 4348 id
2626 4301 2730 4360 est,
2772 4294 2996 4365 reprobi
3035 4296 3436 4352 cruciabuntur
3471 4298 3532 4352 in

243 4392 487 4463 angelus
525 4391 621 4462 qui
653 4388 1026 4461 praecedentia
1073 4387 1310 4448 dixerat,
1344 4384 1598 4455 adjunxit
1647 4389 1705 4437 et
1752 4384 1855 4436 hoc

248 4480 509 4545 verbum,
541 4478 733 4531 dicens
766 4494 778 4529 :
816 4477 1022 4541 Etiam,
1058 4476 1285 4528 Domine
1322 4475 1462 4527 Deus
1491 4474 1850 4538 omnipotens,

241 4574 405 4639 justa
435 4572 487 4621 et
515 4582 644 4620 vera
681 4571 812 4619 sunt
842 4567 1063 4633 judicia
1095 4570 1209 4623 tua,
1249 4562 1379 4632 quia
1412 4562 1630 4630 justum
1670 4566 1756 4613 est
1794 4563 1856 4612 ut

249 4657 352 4727 qui
379 4654 717 4725 sanguinem
750 4653 1037 4714 fuderunt,
1066 4650 1394 4720 sanguinem
1430 4648 1639 4707 bibant,
1663 4647 1717 4700 id
1749 4651 1853 4714 est,

246 4745 557 4799 vindictam
574 4742 866 4811 sanguinis
888 4740 1219 4795 sustineant.
1245 4739 1440 4792 Potest
1461 4737 1565 4790 hoc
1593 4736 1855 4806 speciali-

244 4839 341 4888 ter
359 4833 431 4887 de
455 4831 738 4886 haereticis
758 4829 1019 4898 intelligi,
1049 4845 1113 4882 ex
1140 4842 1379 4898 quorum
1402 4842 1500 4879 ore
1513 4824 1861 4879 abundantia

248 4922 608 4992 eloquiorum
624 4924 897 4990 tanquam
910 4918 1045 4971 ilum
1053 4917 1147 4970 ina
1161 4916 1457 4970 decurrere
1485 4915 1720 4969 videtur.
1751 4913 1861 4968 Sed

246 5011 311 5064 hi
324 5008 421 5080 qui
438 5010 771 5078 sanguinem
782 5013 1103 5060 sanctorum
1116 5011 1172 5058 et
1179 5004 1579 5074 prophetarum
1595 5002 1858 5069 fundunt,

1936 4386 2125 4439 anima
2145 4400 2311 4455 quam
2334 4383 2511 4437 sancti
2542 4383 2600 4437 in
2626 4400 2812 4437 carne.
2838 4384 2925 4439 Illi
2949 4384 3099 4440 inter
3130 4391 3413 4442 tormenta
3440 4403 3533 4443 re-

1936 4473 2256 4537 dibunt,isti
2272 4471 2531 4527 dentibus
2556 4472 2988 4527 stridebunt.llli
3003 4474 3181 4528 Deum
3202 4475 3529 4543 laudabunt,

1936 4562 2030 4616 isti
2062 4578 2201 4633 pene
2231 4562 2520 4616 exanimes
2536 4564 2689 4616 ~ﬁent
2716 4580 2727 4615 :
2760 4563 2953 4631 sicque
2981 4569 3121 4615 aestu
3157 4563 3403 4616 afﬁcient
3430 4564 3534 4617 ho-

1938 4652 2119 4705 mines
2136 4651 2382 4704 humana
2406 4650 2688 4720 sapientes
2732 4648 2787 4701 id
2816 4653 2920 4708 est,
2944 4647 3186 4701 ﬂammis
3215 4648 3533 4702 invidentia

1939 4746 1998 4795 et
2024 4739 2393 4810 malignitatis
2435 4755 2529 4792 eos
2575 4735 2826 4791 consumi
2872 4735 3097 4797 facient,
3132 4735 3536 4805 insuperabiles

1941 4845 2119 4900 usque
2162 4828 2231 4881 ad
2286 4833 2527 4881 mortem
2571 4829 2886 4879 manentes.
2934 4822 3093 4877 Unde
3135 4819 3431 4876 subditur:
3467 4825 3535 4879 Et

1942 4918 2451 4984 blasphemaverunt
2475 4929 2671 4967 nomen
2694 4913 2935 4972 Domini,
2956 4911 3203 4965 habentis
3220 4917 3537 4979 potestatem

1940 5020 2104 5073 super
2128 5004 2226 5057 has
2264 5005 2453 5070 plagas
2525 5000 2670 5054 Dum
2714 4998 2864 5052 enim
2910 5002 3132 5051 sanctos
3178 4999 3459 5069 patienter
3486 5009 3545 5057 et

249 5098 315 5151 in
337 5096 673 5167 sanguinem
696 5093 973 5161 conversi,
996 5093 1329 5162 sanguinem
1359 5090 1858 5160 bibuntzquiadum
1946 5091 2188 5146 ﬁrmiter
2215 5089 2458 5143 viderint
2484 5102 2837 5159 perseverare
2865 5085 2925 5139 in
2957 5085 3065 5140 ﬁde
3095 5102 3272 5157 usque
3300 5089 3371 5143 ad
3396 5107 3545 5145 mor-

247 5186 430 5241 verba
447 5185 609 5256 legis,
626 5191 684 5238 et
698 5184 1100 5255 prophetarum
1115 5181 1353 5252 eloquia,
1373 5180 1631 5249 dictaque
1645 5182 1864 5249 aposto-
1947 5188 2084 5236 tem.
2110 5185 2168 5233 et
2186 5178 2497 5248 gaudenter
2516 5191 2750 5247 pergere
2769 5175 2841 5227 ad
2861 5174 3181 5245 passionem
3196 5175 3546 5247 blasphema-

249 5276 443 5330 lorum
461 5276 519 5328 in
539 5274 709 5327 falsos
728 5276 1513 5339 sensuscommutant,agente
1530 5266 1867 5338 persecutio-
1950 5268 2088 5323 bunt
2124 5266 2452 5321 Dominum.
2487 5264 2592 5327 Qui
2641 5269 2938 5334 propterea
2985 5279 3156 5335 super
3204 5265 3306 5321 has
3351 5268 3548 5337 plagas

249 5364 347 5419 nis
378 5364 639 5425 articulo,
668 5362 852 5432 ipsum
883 5377 1088 5414 nomen
1111 5359 1341 5419 Christi,
1377 5356 1524 5427 quod
1554 5356 1692 5409 talso
1717 5362 1870 5408 tene-
1952 5362 2287 5428 potestatem
2320 5352 2527 5406 habere
2557 5352 2781 5407 dicitur.
2808 5353 2941 5424 quia
2960 5369 2995 5407 a
3014 5369 3124 5423 quo
3146 5355 3286 5420 vult,
3327 5359 3549 5408 amovet

252 5450 1018 5517 bant,amittunt,serviendo
1036 5448 1254 5520 publice
1267 5445 1414 5499 vitiis
1429 5445 1628 5497 carnis.
1644 5444 1873 5497 Dicatur
1952 5460 2046 5498 eas
2072 5462 2082 5495 :
2108 5449 2163 5496 et
2184 5458 2352 5511 super
2371 5456 2511 5510 quos
2534 5440 2671 5504 vult,
2689 5441 2844 5512 justo
2858 5441 3070 5512 judicio
3089 5441 3552 5512 permittit,juxta

250 5542 454 5614 itaque
490 5542 724 5597 :Justus
752 5556 813 5595 es
842 5539 939 5611 qui
978 5554 1105 5593 eras
1152 5542 1397 5602 sanctus,
1431 5532 1528 5604 qui
1562 5534 1676 5587 haec
1713 5531 1870 5602 judi-
1950 5532 2090 5587 illud
2112 5548 2124 5586 :
2150 5532 2450 5587 Induraiit
2468 5530 2741 5586 Dominus
2762 5545 2858 5585 cor
2880 5531 3188 5586 Pharaoni:
3219 5528 3415 5596 (Exod.
3443 5530 3549 5597 τί.)

504 5640 775 5703 Ρλτιοι..
808 5638 1044 5704 uxvu.
3207 5622 3316 5684 36-
