4006 6164
234 292 376 352 1133

1172 292 1556 350 EXPOSITIO
1586 294 1664 350 IN
1692 296 2215 352 APOCALYPSIN.
2249 329 2312 339 —
2344 298 2476 353 LI".
2510 297 2576 351 ν.

3361 307 3505 365 1134

225 418 604 501 daemonibus,
625 421 687 471 ut
717 433 845 472 cum
877 419 1040 473 multi
1071 420 1185 499 sint
1206 426 1484 489 potestate
1514 425 1571 472 et
1592 419 1827 477 malitia.
1848 423 1898 479 A
1918 426 2104 473 terunt
2135 425 2327 490 Moysi,
2354 427 2430 475 ita
2450 431 2497 476 et
2512 426 2601 476 isti
2620 427 2871 478 resistent
2890 430 3111 481 veritati
3133 431 3211 493 (II
3235 433 3504 501 TimJIl).

221 507 285 561 in
317 524 492 561 unum
526 514 715 560 tamen
746 507 1091 585 redigantur,
1118 508 1252 578 quia
1275 509 1495 561 diverso
1531 508 1696 561 modo
1732 510 1832 561 ho-

226 597 414 651 mines
443 598 793 675 impugnant.
829 582 985 675 Unde
1016 582 1163 651 unus
1189 598 1395 651 dicitur
1423 598 1653 667 spiritus
1684 614 1834 673 inen-

228 672 359 740 dax.
386 686 535 763 alius
550 670 784 756 spiritus
828 669 1231 763 fornicationis,
1250 686 1450 740 tertius
1472 687 1703 756 spiritus
1724 672 1832 739 ini—

227 774 499 829 mundus.
530 759 741 828 idcirco
769 782 881 828 tres
911 759 1143 844 spiritus
1179 774 1499 851 immundos
1545 792 1604 828 se
1636 774 1835 827 vidisse

228 863 462 941 dicitur,
487 879 586 934 pro
610 851 1085 939 numero,scilicet
1111 846 1354 939 partium
1369 864 1619 939 ejusdem
1647 879 1836 933 corpo-

227 951 341 1027 ris.
371 953 522 1027 Bene
548 958 737 1006 autem
759 952 988 1023 spiritus
1035 944 1359 1006 immundus
1385 944 1591 1005 dicitur
1610 959 1838 1021 propter

231 1047 471 1119 peccata
488 1022 699 1111 gravia,
724 1040 926 1110 quibus
958 1041 1275 1119 sordidatus
1301 1047 1405 1117 est,
1428 1048 1484 1115 et
1508 1028 1651 1094 alios
1678 1040 1837 1093 coin-

231 1114 474 1205 quinare
495 1120 605 1183 non
629 1136 824 1183 cessat.
848 1129 953 1183 Sed
978 1130 1106 1199 quia
1127 1114 1295 1205 caput
1314 1114 1370 1183 et
1388 1114 1636 1205 membra
1658 1146 1832 1183 unum

230 1200 390 1297 sunt,
414 1219 471 1299 id
500 1226 586 1301 est
615 1218 870 1301 diabolus
892 1225 949 1272 et
972 1202 1169 1272 omnes
1188 1200 1521 1295 i'niquisipsi
1556 1219 1649 1285 qui
1671 1218 1837 1288 spiri-

231 1313 331 1361 tus
360 1306 775 1381 immundi,ipsi
803 1312 934 1381 sunt
960 1307 1151 1367 draco,
1186 1302 1382 1360 bestia.
1416 1316 1473 1359 et
1497 1307 1839 1379 pseudOpro-

231 1378 428 1471 pheta.
451 1378 629 1471 Esivit
648 1410 782 1462 ergo
802 1388 871 1469 de
893 1378 989 1447 ore
1010 1394 1271 1447 draconis
1292 1394 1484 1471 bestiae
1514 1401 1570 1447 et
1598 1378 1838 1464 pseudo-

232 1467 547 1555 prophetae.
573 1482 629 1536 id
650 1488 735 1536 est
752 1482 820 1536 de
837 1467 1036 1560 seipsis
1057 1484 1126 1535 ad
1149 1490 1399 1553 apertam
1430 1467 1835 1552 blasphemiam

232 1570 438 1626 contra
452 1572 761 1635 Christum,
786 1578 841 1624 et
860 1571 928 1624 ad
951 1569 1204 1641 apertam
1239 1572 1681 1642 persecutionem
1702 1588 1836 1624 con-

232 1668 330 1715 tra
377 1644 602 1714 sanctos
621 1660 792 1713 illius.
826 1660 987 1714 Nunc
1016 1660 1163 1713 enim
1197 1660 1328 1713 dum
1361 1660 1539 1734 latent
1563 1666 1619 1713 et
1646 1666 1839 1730 aperte

237 1738 443 1804 saevire
462 1734 832 1827 non'audent,
857 1749 1015 1817 quasi
1045 1748 1194 1827 intra
1221 1736 1552 1819 semetipsos
1573 1748 1837 1821 conquie-

152 1886 171 1907 ,
231 1844 422 1892 scunt.
459 1839 602 1915 Cum
632 1820 819 1891 autem
850 1820 1429 1914 diabolus'ingressus
1458 1837 1627 1890 fuerit
1658 1836 1840 1906 perdi-

231 1934 363 1982 tum
397 1912 704 1989 hominem,
737 1930 870 1978 tunc
899 1912 1273 1995 degredientur
1301 1926 1371 1979 ad
1400 1932 1651 1996 apertam
1672 1924 1837 1977 blas-

234 2015 528 2089 phemiam
559 2000 726 2079 (sicut
754 2012 1021 2089 diximus)
1054 2020 1108 2067 et
1139 2000 1460 2067 sanctorum
1496 2013 1841 2083 persecutio-

234 2104 363 2158 nes.
396 2088 692 2157 Nec‘va'cat
720 2083 872 2172 quod.
886 2084 1039 2155 idem
1072 2096 1304 2172 spiritus
1330 2102 1387 2155 in
1418 2102 1645 2175 modum
1673 2117 1839 2154 rana-

235 2208 370 2246 rum
400 2190 665 2244 dicuntur
692 2190 920 2259 egressi.
952 2190 1122 2243 Ranae
1152 2190 1358 2260 quippe
1400 2189 1710 2242 molestiam
1738 2190 1841 2241 bo-

232 2279 489 2334 minibus
517 2265 787 2342 inferunt,
816 2278 1113 2348 strepitum
1134 2278 1368 2341 faciunt,
1398 2278 1641 2348 quietem
1665 2276 1842 2330 homi-

231 2368 409 2443 nibus
434 2354 718 2443 auferunt,
749 2371 806 2420 et
833 2367 891 2420 in
924 2383 1080 2443 caeno
1111 2354 1429 2421 versantur!
1472 2367 1635 2441 Tales
1676 2372 1843 2420 erunt

234 2442 359 2527 ipsi
382 2440 632 2510 ministri
648 2440 1005 2519 'Antichristi,
1040 2440 1135 2524 qui
1177 2472 1288 2509 non
1322 2455 1493 2525 loqui,
1528 2455 1625 2508 sed
1658 2454 1843 2525 potius

234 2534 488 2624 garrulis
514 2544 736 2598 vocibus
761 2549 1011 2623 strepere
1042 2543 1396 2619 videbuntur.
1428 2544 1664 2597 Omnem
1700 2560 1841 2619 quo-

238 2630 356 2711 que
382 2634 626 2704 quietem
657 2633 914 2689 auferent
961 2632 1035 2711 ab
1086 2632 1295 2697 electis,
1329 2632 1460 2685 dum
1501 2649 1595 2686 eos
1633 2632 1841 2702 ubique

236 2707 490 2794 graviter
514 2723 902 2792 insequentur,
953 2707 1094 2775 etin
1125 2737 1302 2787 caeno,
1344 2722 1450 2775 hoc
1487 2726 1591 2784 est,
1635 2721 1693 2775 in
1730 2721 1841 2774 im-

234 2811 523 2889 munditia
553 2801 904 2883 peccatorum
935 2793 1246 2865 devolvent:

290 2894 437 2957 Sunt
448 2885 598 2955 enim
616 2903 848 2969 spiritus
857 2901 1256 2955 damoniornm
1269 2903 1529 2973 facientes
1542 2899 1841 2968 signa.Ipsi

238 2990 452 3069 quippe
477 2990 757 3069 daemones
790 3005 889 3059 per
917 3006 1012 3043 eos
1039 3005 1177 3059 quos
1224 2987 1622 3069 inhabitabant
1640 2988 1843 3041 facient

1918 509 2023 561 Sed
2050 510 2159 562 ista
2179 511 2510 579 signatsicut
2529 512 2740 566 dictum
2764 521 2849 567 est
2859 522 2973 572 )aut
2992 525 3160 570 erunt
3176 535 3302 571 vera
3320 538 3382 572 ex
3404 521 3506 573 Dei

1915 600 2190 666 permissu
2234 607 2333 652 aut
2354 601 2734 670 talsa,quibus
2776 605 2993 672 reprobi
3029 613 3258 676 prOpter
3285 614 3511 677 peccata

1918 688 2201 765 prieterita
2246 688 2424 759 decipi
2469 702 2774 754 merentur,
2810 693 2957 746 unde
2978 695 3166 748 nonin
3206 703 3510 768 conspectu

1918 778 2237 829 Sanctorum
2261 778 2365 829 hoc
2386 778 2567 831 facere
2587 779 2870 839 dicuntur.
2895 782 3061 835 sedin
3084 790 3385 857 conspectu
3415 787 3514 842 ho-

1919 862 2154 927 minum,
2188 863 2333 916 sicut
2352 880 2524 934 supra
2544 864 2753 919 dictum
2800 872 2902 931 est,
2936 868 2993 921 id
3013 876 3097 922 est
3124 870 3183 923 in
3211 858 3513 943 conspectu

1919 951 2164 1008 illorum.
2199 950 2294 1022 qui
2324 968 2434 1006 non
2466 953 2693 1023 sapiunt
2720 971 2786 1007 ea
2819 971 2941 1025 quee
2966 958 3065 1011 Dei
3094 964 3245 1021 sunt,
3262 961 3361 1015 sed
3390 979 3513 1033 qum

1917 1040 2228 1093 hominum.
2265 1043 2339 1093 At
2367 1042 2422 1094 in
2448 1050 2745 1112 conspectu
2768 1044 3069 1100 electorum
3103 1036 3245 1102 muti
3274 1054 3514 1121 appare~

1919 1126 2073 1209 bunt.
2092 1145 2191 1181 nec
2212 1134 2477 1198 poterunt
2496 1132 2795 1199 procedere
2813 1133 2960 1187 ultra
2975 1126 3266 1191 deﬁnitum
3290 1140 3515 1211 signum

1919 1232 2206 1269 ranarum.
2245 1218 2310 1300 Et
2328 1221 2631 1284 procedunt
2661 1223 2733 1272 ad
2756 1236 2901 1287 reges
2929 1226 3093 1277 totius
3115 1231 3273 1281 terra:
3298 1245 3516 1296 congre-

1918 1320 2051 1370 gare
2068 1308 2191 1358 illos
2211 1309 2269 1357 in
2290 1309 2551 1372 praelium
2566 1309 2639 1359 ad
2657 1310 2800 1360 diem
2830 1325 3099 1376 magnum
3130 1318 3515 1383 omnipotentis

1918 1394 2034 1445 Dei.
2061 1391 2221 1459 Quod
2252 1394 2305 1446 in
2336 1394 2516 1447 tribus
2540 1394 2843 1449 immundis
2863 1396 3153 1467 spiritibus
3173 1404 3518 1459 unusdiabo-

1920 1482 2007 1534 lus
2044 1482 2388 1551 designetur,
2415 1499 2476 1535 ex
2500 1483 2602 1537 hac
2625 1486 2976 1554 processione
3006 1489 3417 1557 manifestatur,
3448 1476 3517 1547 de

1922 1585 2031 1638 qua
2050 1569 2181 1623 alibi
2200 1571 2467 1639 scriptum
2490 1574 2737 1627 est:0um
2755 1581 3125 1629 consummati
3135 1580 3352 1643 [uerint
3365 1583 3519 1635 mitte

1921 1661 2083 1718 anni,
2109 1662 2349 1711 solvetur
2368 1658 2607 1713 Satanas
2628 1663 2691 1713 de
2712 1678 2928 1715 carcere
2945 1680 3061 1726 suo,
3087 1670 3135 1716 et
3155 1669 3342 1730 eaibit,
3365 1673 3416 1722 et
3444 1686 3521 1723 se-

1860 1748 2075 1825 Bclucet
2106 1763 2253 1813 reges
2281 1752 2330 1800 et
2349 1753 2531 1814 gentes
2549 1765 2667 1815 quae
2685 1756 2815 1802 sunt
2842 1767 3006 1818 super
3025 1759 3266 1818 quatuor
3284 1748 3518 1823 angulos

1925 1840 2082 1888 terra:
2103 1838 2286 1903 (Apoc.
2313 1840 2425 1902 xx).
2450 1837 2629 1905 Reges
2648 1845 2836 1891 autem
2880 1839 2969 1891 hic
2990 1836 3051 1892 in‘
3070 1842 3276 1895 malam
3300 1850 3519 1913 partem

1922 1923 2245 1993 noverimus
2281 1925 2509 1994 positos,
2535 1925 2590 1977 id
2617 1931 2703 1978 est
2730 1926 3008 1995 principes
3038 1937 3095 1981 et
3121 1928 3321 1984 divites
3350 1932 3519 2002 hujus

1923 2012 2127 2071 saeculi,
2162 2012 2258 2081 qui
2289 2019 2421 2066 sunt
2442 2013 2695 2066 membra
2721 2014 3368 2079 Antichristi.Quomodo
3385 2037 3520 2091 ergo

1925 2102 2236 2179 procedunt
2265 2104 2334 2155 ad
2366 2118 2478 2161 eos,
2510 2103 2557 2155 si
2584 2102 2687 2173 ipsi
2718 2111 2851 2157 sunt
2897 2105 2954 2158 in
3004 2106 3205 2177 quibus
3234 2108 3518 2166 daemones

1924 2190 2231 2243 habitant?
2268 2192 2362 2243 sed
2430 2208 2529 2261 per
2589 2192 2739 2261 ipsos
2777 2195 3088 2263 procedunt
3125 2198 3193 2251 ad
3232 2199 3403 2270 ipsos,
3446 2201 3519 2254 ad

1925 2282 2148 2347 apertas
2169 2278 2379 2332 scilicet
2408 2278 2878 2349 blasphemias,ad
2902 2285 3348 2352 persecutionem
3364 2304 3518 2342 com-

1929 2366 2447 2422 movendam.Unde
2468 2368 2726 2438 sequitur
2747 2388 2758 2421 :
2787 2370 3142 2447 Congregare
3160 2374 3286 2429 illos
3304 2376 3363 2430 in
3381 2394 3519 2447 prae-

1926 2454 2064 2507 lium
2091 2462 2287 2531 contra
2316 2455 2493 2508 Deum
2517 2462 2574 2509 et
2597 2462 2818 2531 sanctos
2846 2445 3147 2523 illiusQuo
3175 2468 3365 2517 autem
3382 2445 3516 2521 loco

1925 2530 2334 2612 congregabit?
2364 2544 2617 2613 nunquid
2648 2530 2705 2597 in
2727 2562 2903 2600 unum
2932 2552 3151 2602 venturi
3182 2556 3404 2615 sunt,ut
3419 2555 3517 2623 qui

1923 2639 2056 2685 sunt
2084 2633 2140 2684 in
2171 2631 2456 2684 occidente
2480 2637 2768 2686 transeant
2790 2634 2847 2687 in
2877 2635 3171 2704 orientem,
3200 2644 3297 2692 aut
3320 2657 3517 2697 rursus

1924 2720 1995 2773 ab
2026 2719 2241 2773 oriente
2268 2719 2325 2772 in
2355 2719 2740 2779 occidentem?
2769 2723 2890 2775 Non
2922 2742 2933 2789 ;
2968 2725 3063 2778 sed
3095 2726 3151 2778 in
3185 2712 3356 2781 unum
3381 2746 3516 2784 con-

1924 2825 2170 2872 sensum,
2211 2814 2265 2861 et
2298 2808 2354 2861 in
2382 2824 2549 2861 unam
2585 2809 2789 2863 malam
2838 2798 3178 2867 voluntatem
3204 2832 3514 2889 congrega-

1922 2896 2676 2964 buntur.Propterunitatem
2699 2899 2904 2968 quippe
2927 2902 3388 2958 malititeillorum
3413 2906 3516 2961 hoc

1924 2986 2149 3049 dicitur,
2182 2984 2312 3053 quia
2346 2985 2490 3054 quod
2523 3002 2668 3039 unus
2700 2987 2830 3040 facit
2882 2988 2985 3041 hoc
3040 2996 3096 3069 et
3131 2992 3333 3062 reliqui
3385 2994 3515 3050 Dies

237 3066 425 3148 signa,
459 3066 714 3157 aut'vera
738 3076 838 3131 Dei
869 3077 1256 3157 permissione,
1306 3085 1406 3130 aut
1432 3066 1590 3135 falsa,
1634 3075 1897 3146 quibusC
1917 3082 2106 3127 autem
2138 3073 2247 3126 ista
2277 3074 2345 3126 ad
2374 3090 2541 3142 quam
2589 3066 3078 3157 congregabuntur
3122 3081 3179 3155 in
3239 3082 3512 3150 praelium,

236 3147 469 3237 reprobi
484 3147 739 3236 j'ustoDei
754 3166 966 3235 judicio
987 3154 1509 3236 decipiantur:sicut
1524 3164 1654 3217 olim
1677 3163 1843 3216 facie-

236 3255 385 3310 bant
416 3256 585 3325 magi,
619 3256 713 3325 qui
760 3254 1091 3308 videbantur
1144 3255 1399 3307 homines
1439 3252 1768 3306 resuscitare
1806 3268 1842 3305 a

237 3334 503 3409 mortuis,
522 3332 668 3420 sicut
687 3344 877 3398 Simon
894 3344 1026 3417 fecit
1044 3344 1100 3396 in
1113 3349 1411 3412 conspectu
1429 3330 1743 3395 Neronis.N
1747 3358 1837 3393 am

237 3439 303 3488 et
328 3433 797 3510 dehocDominus
820 3432 955 3486 dicit
978 3426 1036 3485 in
1072 3430 1399 3510 Evangelia:
1430 3432 1495 3484 In
1520 3433 1634 3482 illis
1651 3432 1837 3483 diebus

238 3504 570 3588 consurgent
590 3504 1047 3590 pseudochristiet
1062 3504 1609 3588 p.seudoprophet.e,et
1632 3520 1837 3584 facient

236 3613 405 3677 signa
423 3594 627 3677 magna
646 3615 693 3662 et
710 3610 1072 3677 prodigia,ita
1083 3614 1145 3661 ut
1158 3612 1219 3661 in
1239 3615 1481 3662 errorem
1496 3608 1843 3661 inducantur

234 3700 295 3751 si
304 3700 433 3765 ﬁeri
450 3686 635 3765 potest,
660 3700 826 3751 etiam
841 3699 993 3751 electi
1015 3698 1238 3766 (Matth.
1264 3704 1435 3763 xxnv).
1468 3697 1574 3750 Sed
1599 3713 1705 3748 non
1721 3695 1840 3748 sine

236 3801 417 3839 causa
435 3785 529 3859 isti
546 3786 641 3855 qui
663 3786 823 3859 signa
843 3785 1071 3845 faciunt,
1093 3785 1149 3838 in
1173 3784 1400 3859 modum
1422 3800 1685 3857 ranarum
1709 3800 1839 3853 pro-

234 3864 442 3928 cedere
460 3858 739 3927 dicuntur.
766 3862 1033 3948 Legimus
1052 3873 1258 3945 quippe
1288 3872 1346 3926 in
1362 3858 1609 3925 historia
1626 3871 1842 3924 Veteris

236 3948 591 4017 Testamenti
613 3962 759 4043 quod
784 3962 974 4043 Moyse
1003 3963 1169 4037 signa
1184 3959 1443 4025 faciente,
1486 3961 1738 4014 fecerunt
1787 3965 1844 4013 et

236 4049 397 4133 magi
414 4050 675 4129 similiter
696 4042 960 4129 usquead
980 4051 1200 4120 signum
1218 4066 1503 4103 ranarum.
1521 4049 1687 4101 Verbi
1706 4065 1838 4118 gra-

233 4139 594 4209 tia,primum
619 4140 839 4210 Moyses
862 4139 1341 4211 projecitvirgam.
1358 4155 1480 4209 quae
1499 4155 1654 4191 versa
1676 4144 1759 4191 est
1781 4138 1839 4190 in

236 4222 551 4281 draconem
574 4246 586 4294 ;
616 4228 873 4282 fecerunt
893 4234 949 4281 et
971 4216 1204 4281 maleﬁci
1237 4228 1497 4281 similiter
1513 4228 1629 4280 suis
1650 4226 1840 4279 incan-

236 4306 719 4381 tationibus,licet
760 4316 911 4387 virga
930 4316 1106 4388 Moysi
1128 4316 1477 4389 devoraverit
1504 4315 1686 4385 virgas
1712 4314 1839 4368 illo-

1924 3163 2223 3241 novissima
2241 3162 2579 3233 intelligitur
2598 3165 2927 3233 persecutio.
2940 3167 3163 3236 quando
3186 3168 3441 3225 diabolus
3460 3176 3518 3226 et

1923 3251 2175 3305 membra
2206 3253 2326 3321 ejus
2355 3257 2547 3321 aperte
2577 3251 2939 3333 blasphemiis
2969 3261 3163 3309 contra
3206 3258 3514 3329 Christum,

1921 3347 1978 3395 et
2009 3340 2489 3411 persecutionibus
2513 3341 2785 3411 pugnabit
2812 3348 3007 3396 contra
3036 3345 3158 3415 ejus
3182 3346 3509 3408 Ecclesium.

1920 3429 2075 3483 Facit
2101 3429 2250 3482 enim
2281 3445 2429 3482 nunc
2450 3428 2676 3494 bellum,
2715 3430 2810 3484 sed
2835 3433 3132 3495 occultum,
3162 3434 3291 3505 quia
3312 3437 3518 3508 ligatus

1921 3525 2005 3571 est
2020 3564 2030 3574 .
2045 3519 2102 3572 Si
2126 3534 2260 3588 ergo
2282 3523 2443 3571 tanta
2462 3518 2594 3570 facit
2613 3519 2838 3588 ligatus,
2868 3528 3077 3590 quanta
3097 3529 3363 3594 putamus
3384 3543 3516 3582 eum

1924 3607 2108 3659 facere
2133 3606 2414 3659 solutum?
2442 3607 2597 3659 Tunc
2624 3608 2984 3676 congregabit
3011 3627 3105 3662 eos
3146 3611 3203 3664 in
3233 3614 3512 3682 praelium,

1925 3694 2147 3764 quando
2175 3694 2534 3762 gravissimas
2564 3694 2825 3746 excitabit
2849 3695 3114 3751 adversus
3127 3714 3221 3752 eos
3250 3716 3514 3789 persecu-

1921 3782 2124 3844 tiones,
2159 3782 2306 3835 unde
2332 3781 2471 3834 bene
2502 3781 2625 3851 ipsa
2653 3781 2771 3835 dies
2800 3800 3006 3853 magna
3046 3790 3104 3838 et
3133 3785 3233 3840 Dei
3261 3781 3511 3855 vocatur,

1924 3870 2055 3940 quia
2083 3869 2342 3922 videlicet
2368 3875 2503 3923 tunc
2529 3886 2709 3939 agnus
2739 3870 2914 3925 victor
2935 3889 3063 3927 cum
3090 3856 3208 3929 suis
3224 3882 3419 3931 contra
3439 3862 3517 3932 fe—

1923 3944 2241 4013 rocissimas
2270 3958 2478 4011 bestias
2513 3957 2801 4029 pugnabit.

1992 4049 2119 4102 Ecce
2136 4050 2289 4101 venio
2306 4050 2445 4100 sicut
2461 4049 2579 4114 fur.
2614 4046 2791 4103 Istum
2813 4067 2939 4105 vero
2960 4052 3260 4108 adventum
3289 4060 3345 4109 et
3374 4072 3514 4128 quo—

1920 4135 2195 4189 tidianum
2230 4152 2525 4206 possumus
2554 4136 2868 4207 intelligere
2896 4145 2953 4215 et
2982 4142 3301 4212 generalem
3330 4163 3343 4211 ;
3377 4161 3514 4216 quo-

1922 4225 2057 4278 tidie
2088 4225 2294 4295 quippe
2325 4224 2475 4278 venit
2504 4225 2760 4280 Christus
2805 4233 2870 4301 ut
2906 4229 3013 4292 fur,
3047 4233 3270 4309 quando
3299 4232 3511 4305 impro-

1924 4312 2039 4367 visa
2065 4316 2243 4368 morte
2272 4312 2457 4367 subito
2482 4314 2616 4389 dum
2648 4332 2758 4370 non
2790 4319 3162 4387 sperathomo
3184 4320 3515 4380 moritur.In

236 4421 371 4460 rum
400 4423 411 4471 ;
445 4390 645 4458 deinde
696 4405 970 4459 convertit
1024 4421 1199 4487 aquas
1233 4404 1347 4458 Nili
1381 4404 1435 4457 in
1467 4403 1795 4473 sanguinem
1824 4391 2009 4470 ;D_die
2036 4402 2204 4456 etiam
2231 4402 2424 4471 judicii
2458 4405 2598 4456 sicut
2628 4406 2745 4471 fur,
2779 4405 2835 4459 id
2883 4413 2969 4461 est
3019 4414 3249 4480 repente
3307 4413 3509 4478 veniet,

238 4482 501 4548 fecerunt
520 4497 586 4569 et
611 4493 718 4565 ipsi
776 4494 1038 4549 similiter
1088 4482 1268 4565 aquas
1298 4494 1667 4548 cisternarum
1701 4510 1839 4565 quas

240 4583 351 4638 sibi
383 4583 638 4636 foderant
667 4583 930 4655 Egyptii.
960 4601 1071 4638 non
1102 4584 1350 4638 volentes
1378 4582 1568 4657 bibere
1598 4581 1667 4635 de
1695 4594 1842 4649 aqua

240 4668 517 4749 fluminis.
545 4658 699 4727 Fecit
723 4672 891 4727 etiam
921 4674 1142 4744 Moyses
1162 4674 1463 4727 ascendere
1484 4687 1651 4724 ranas
1672 4685 1842 4739 super

236 4750 647 4835 terram,‘quod
668 4770 723 4816 et
738 4761 843 4835 ipsi
868 4763 1049 4835 facere
1068 4763 1183 4818 suis
1210 4763 1439 4833 magicis
1475 4761 1690 4816 artibus
1710 4764 1843 4814 sunt

238 4847 526 4927 permissi.
552 4846 657 4903 Ubi
689 4840 815 4923 vero
845 4856 1007 4905 terrae
1028 4834 1255 4922 pulvere
1269 4838 1425 4921 virga
1458 4866 1721 4921 percusso
1752 4865 1843 4919 cy-

239 4938 448 5009 niphes
475 4945 887 5008 processerunt,
918 4939 1329 5007 incantationes
1377 4958 1499 5013 quae
1524 4942 1643 5011 jam
1674 4938 1840 4993 tertio

238 5024 673 5117 prievalu'erant,
693 5029 937 5102 ptenitus
966 5016 1498 5113 evanuerunt.Unde
1517 5014 1573 5083 et
1593 5027 1841 5099 superati

238 5115 507 5193 dixerunt
529 5134 541 5145 ’
575 5110 787 5191 ltigitus
817 5119 914 5171 [lci
938 5124 1014 5171 est
1042 5110 1131 5171 hic
1154 5110 1345 5189 (Exod.
1379 5121 1473 5182 XI).
1512 5117 1599 5171 Ita
1628 5135 1759 5187 ergo
1785 5122 1841 5185 et

238 5190 337 5258 isti
351 5190 529 5287 usque
549 5202 616 5281 ad
632 5190 853 5279 signum
871 5222 1133 5289 ranarum
1153 5198 1690 5278 pérvenientjbique
1711 5207 1844 5259 defi-

240 5292 487 5351 cient.a’c
500 5295 746 5364 superati
765 5290 1209 5366 quiescent,quia
1224 5294 1545 5368 insipientia
1559 5295 1840 5355 eorum,il-

237 5377 353 5459 lius
368 5381 878 5459 videlicetdamnati
892 5383 1133 5437 hominis
1154 5394 1211 5439 et
1222 5385 1836 5455 pscutloprophetarum

242 5453 664 5550 manifestaerit
681 5471 825 5543 sicut
839 5478 896 5526 et
921 5473 1144 5526 illorum
1177 5453 1314 5539 fuit;
1344 5453 1492 5526 unde
1521 5453 1577 5525 et
1601 5474 1838 5541 Aposto-

238 5557 333 5614 lus
367 5555 538 5613 dicit:
571 5556 1041 5628 Quemadmodum
1062 5563 1287 5616 Jamnes
1312 5566 1359 5614 et
1378 5561 1647 5614 Mambres
1678 5561 1840 5612 resti-

1923 4481 2054 4562 quia
2083 4508 2210 4545 cum
2241 4492 2483 4544 dixerint
2505 4509 2609 4562 pax
2633 4500 2690 4547 et
2718 4495 3007 4562 securitas,
3027 4503 3160 4552 tunc
3180 4500 3301 4568 ejus
3322 4517 3517 4571 repen-

1922 4581 2075 4635 tinus
2099 4579 2456 4650 superveniet
2471 4579 2746 4636 interitus.
2760 4584 2914 4636 Beati
2939 4592 3125 4638 autem
3147 4594 3280 4640 sunt
3300 4588 3400 4650 illi,
3417 4588 3514 4659 qui

1923 4670 2038 4723 sive
2068 4666 2317 4741 quotidie
2345 4670 2477 4724 dum
2508 4677 2798 4724 transeant
2818 4688 2918 4743 per
2936 4679 3193 4737 mortem,
3210 4674 3324 4726 sive
3341 4675 3513 4728 etiam

1922 4765 2058 4813 tunc
2081 4759 2367 4813 venientes
2387 4759 2454 4811 ad
2472 4760 2791 4827 generalem
2825 4744 3307 4821 resurrectionem,
3328 4762 3512 4832 parati

1924 4848 2135 4903 inventi
2156 4847 2536 4902 fuerint.Hinc
2555 4848 2610 4899 in
2624 4847 2921 4917 Evangelia
2944 4847 3062 4917 ipse
3083 4847 3245 4923 dicit:
3264 4851 3507 4917 Vigilate,

1925 4953 1991 4991 ne
2007 4954 2133 4991 cum
2152 4939 2357 4989 venerit
2397 4936 2664 4989 Dominus
2685 4939 2919 5002 repente,
2955 4938 3207 4989 inveniat
3252 4953 3342 4992 vos
3381 4940 3513 4994 dor-

1925 5026 2353 5087 mientestlllarc.
2367 5030 2503 5088 xm);
2529 5023 2721 5076 etalibi
2739 5041 2750 5075 :
2768 5025 2889 5076 Dies
2910 5025 3134 5077 Domini
3148 5028 3291 5079 sicut
3309 5029 3409 5095 fur
3431 5029 3513 5085 ita

1924 5118 1985 5183 in
2012 5120 2161 5168 nocte
2190 5113 2365 5165 veniet
2395 5114 2441 5179 (Ι
2472 5111 2627 5163 Thess
2680 5110 2756 5179 v).
2790 5111 2947 5165 Unde
2975 5111 3065 5165 hic
3112 5130 3335 5186 quoque
3372 5118 3518 5173 sub-

1917 5203 2204 5272 jungitur:
2240 5203 2428 5253 Beatus
2457 5202 2556 5267 qui
2574 5200 2768 5265 vigilat
2798 5204 2847 5251 et
2906 5202 3138 5255 custodit
3191 5209 3514 5261 vestimenta

1922 5308 2023 5344 sua
2050 5307 2115 5343 ne
2143 5290 2326 5341 nudus
2354 5288 2611 5339 ambulet.
2642 5287 2867 5355 Vigilat,
2902 5288 2995 5359 qui
3021 5290 3090 5343 ad
3122 5300 3408 5363 aspectum
3431 5312 3522 5348 su-

1922 5380 2080 5450 perni
2111 5375 2340 5430 luminis
2365 5375 2569 5427 mentis
2595 5376 2782 5428 oculos
2809 5384 3033 5447 apertos
3090 5386 3245 5435 tenet
3269 5402 3280 5449 ;
3324 5370 3517 5451 vigilat

1930 5475 2008 5553 λης
2038 5470 2233 5521 beatus
2284 5466 2588 5535 Gregorius
2646 5467 2799 5535 dicit)
2858 5470 2952 5540 qui
3008 5477 3194 5525 servat
3232 5472 3512 5552 operando

1924 5556 2071 5628 quod
2097 5556 2297 5613 credit.
2335 5554 2464 5608 Haec
2519 5560 2709 5612 autem
2740 5559 3074 5613 vestimenta
3099 5576 3221 5628 quae
3258 5558 3513 5631 vigilanti
