4048 6172
553 263 691 323 1135

961 267 1342 324 HAYMONIS
1379 262 1868 325 HALBERSTAT.
1910 258 2138 315 EPISC.
2183 259 2341 315 OPP.
2381 258 2589 315 PARS.
2629 260 2675 315 Ι.
2716 288 2776 300 -
2813 259 3184 319 COMMENT.
3223 264 3406 323 BIBL.

3688 263 3819 322 H36

547 384 734 440 studio
761 391 1064 441 monentur
1120 388 1349 454 servari,
1405 380 1764 444 sacramenta
1792 390 1926 439 sunt
1952 382 2202 454 bapti-A
2220 383 2537 437 ctorum.Et
2553 382 2962 439 sicutChristus
2973 388 3292 458 appellatur
3309 389 3425 444 aﬁd
3434 388 3619 444 elibus
3639 405 3821 453 mons,

547 462 777 529 amatis:
796 475 1149 530 Vestimenta
1167 493 1270 531 sua
1324 482 1618 532 conservat
1640 475 1736 547 qui
1794 473 2141 544 baptismum

546 579 662 618 non
690 564 878 619 iterat.
908 565 1255 619 Vestimenta
1284 566 1454 620 etiam
1511 583 1615 621 sua
1661 558 1906 618 custodit
1942 562 2037 633 qui
2075 577 2142 615 ea

548 668 671 724 quae
700 653 756 706 in
785 651 1064 724 baptismo
1092 654 1611 725 promisit,implere
1639 650 1989 722 satagit.Ista
2009 656 2141 704 sunt

546 742 889 796 vestimenta
906 741 1349 797 immortalitatis
1378 749 1435 797 et
1454 738 2013 810 innocentiae,quibus
2033 738 2145 809 pri-

546 845 674 885 mus
696 830 865 885 homo
893 830 951 885 in
999 831 1261 901 paradiso
1308 831 1648 902 exspoliatus
1684 831 1887 895 fuerat,
1915 827 2013 882 sed
2043 827 2144 880 ite-

545 935 671 973 rum
703 935 805 991 per
831 920 1077 974 occisum
1104 920 1339 974 vitulum
1364 918 1770 989 saginatum,id
1798 922 1884 972 est
1902 933 2002 987 per
2019 933 2143 986 pas-

544 1006 759 1061 sionem
788 1007 916 1061 Filii
945 1007 1066 1074 Dei,
1085 1008 1144 1061 in
1174 1007 1454 1078 baptismo
1473 1008 1668 1061 eadem
1700 1005 2031 1059 vestimenta
2049 1020 2140 1057 re-

543 1095 707 1166 cipit.
738 1096 937 1151 Servat
962 1096 1138 1166 igitur
1166 1096 1287 1150 haec
1337 1096 1675 1150 vestimenta
1727 1094 1981 1165 quisquis
2016 1107 2143 1162 gra-

543 1182 792 1239 vioribus
815 1185 1058 1256 peccatis
1086 1201 1147 1239 se
1175 1200 1288 1238 non
1317 1184 1709 1238 commaculet.
1745 1182 1905 1246 Quod
1950 1180 1997 1235 si
2022 1181 2141 1235 haec

543 1273 727 1327 amitti
755 1274 1000 1345 peccatis
1040 1273 1494 1344 impedientibus,
1528 1278 1584 1326 et
1623 1270 1926 1341 fragilitate
1955 1270 2139 1324 carnis

542 1368 780 1432 cogente
807 1362 1126 1432 contigerit,
1158 1360 1327 1414 habet
1368 1361 1551 1414 adhuc
1576 1360 1915 1431 baptismum
1945 1375 2138 1413 secun-

541 1451 697 1515 dum,
731 1466 842 1520 quo
870 1450 1130 1505 mundari
1156 1449 1353 1520 possit,
1402 1448 1887 1519 compunctionem
1924 1447 2138 1501 scilicet

542 1537 867 1608 fontemque
894 1538 1292 1608 lacrymarum.
1317 1538 1397 1591 De
1424 1553 1533 1607 quo
1554 1536 1891 1607 baptismate
1909 1535 2135 1606 gemino

541 1625 848 1680 Psalmista
875 1625 1044 1679 dicit:
1072 1628 1224 1679 Beati
1248 1642 1485 1694 quorum
1503 1628 1743 1678 remissa
1770 1629 1899 1677 sunt
1925 1626 2137 1691 iniqui-

545 1720 699 1780 tates,
726 1713 786 1768 in
831 1713 1171 1785 baptismate
1201 1714 1392 1784 prima:
1420 1712 1883 1783 regenerationis,
1915 1717 1962 1766 el
1992 1729 2128 1779 quo-

2222 471 2301 526 ita
2318 472 2697 526 Antiuhristus
2715 473 3092 544 appellabitur
3121 493 3304 536 mons.
3323 477 3381 531 id
3412 484 3500 532 est
3514 477 3773 532 Christus
3789 493 3824 530 a

2222 560 2571 625 latrunculis,
2604 559 2708 614 hoc
2733 568 2820 615 est
2846 579 2880 615 a
2908 563 3023 617 suis
3076 565 3372 634 ministris,
3404 566 3502 637 qui
3562 566 3823 621 furantur

2224 648 2390 701 ﬁdem
2421 656 2632 702 rectam
2662 665 2697 702 a
2724 649 2985 704 cordibus
3012 651 3447 708 ﬁdelium.Mons
3467 671 3695 724 quoque
3709 654 3822 724 glo-

2224 736 2393 791 bosus
2417 738 2733 808 appellatur
2748 738 3381 812 Antichristus,propter
3401 742 3820 797 multitudinem

2224 826 2558 895 populorum
2589 825 2693 880 sibi
2722 826 3150 895 adhaerentium,
3190 830 3275 883 vel
3302 830 3434 901 quia
3459 847 3822 902 quoscunque

2223 930 2397 985 prava
2418 914 2744 969 seductione
2772 915 2950 977 illicit,
2977 915 3195 985 globosi
3237 925 3527 985 vocantur,
3562 919 3700 991 quia
3740 920 3821 974 di-

2221 1018 2411 1055 versos
2456 1002 2702 1056 ostendit
2758 1020 2980 1058 errores
3005 1004 3061 1058 in
3095 1021 3197 1059 suo
3226 1022 3478 1077 corpore,
3512 1007 3652 1061 dum
3695 1007 3820 1061 hinc

2222 1096 2416 1161 aperte
2447 1091 2620 1157 saevit,
2649 1091 2804 1145 illinc
2831 1092 3222 1148 fraudulenter
3247 1095 3658 1167 decipit.Quasi
3670 1097 3818 1150 enim

2221 1194 2398 1233 unum
2416 1178 2743 1233 bellantium
2766 1180 2994 1250 globum
3014 1188 3207 1237 contra
3227 1184 3432 1238 electos
3452 1184 3817 1249 emittit,dum

2220 1283 2316 1321 eos
2338 1284 2441 1339 per
2468 1269 2838 1339 temporalem
2860 1271 3171 1340 potentiam
3200 1273 3535 1344 afﬂigit.Sed
3550 1274 3688 1327 dum
3700 1275 3819 1343 ejus

2217 1354 2419 1410 insana
2437 1357 2685 1426 potentia
2698 1358 3095 1419 contemnitur,
3120 1361 3408 1415 fortiorem
3426 1362 3817 1428 dimittit,cum

2219 1460 2320 1514 per
2346 1445 2617 1499 miracula
2645 1454 2702 1499 et
2729 1446 2869 1499 falsa
2898 1448 3155 1519 prodigia
3181 1449 3492 1520 illaqueare
3514 1451 3697 1521 ﬁngit.

2270 1534 2337 1586 Et
2352 1537 2850 1601 septimusangelus
2868 1537 3059 1602 effudit
3068 1537 3321 1605 phialam
3339 1556 3503 1593 suam
3527 1544 3589 1593 in
3608 1555 3810 1596 aerem.

2218 1621 2325 1685 Qui
2354 1629 2441 1676 est
2469 1622 2745 1692 septimus
2788 1623 2908 1694 ipse
2938 1631 3025 1678 cst
3052 1632 3109 1679 et
3162 1626 3400 1697 primus,
3433 1628 3566 1697 quia
3604 1628 3665 1681 in
3703 1644 3812 1683 uno

2217 1726 2413 1763 omnes
2436 1710 2848 1781 intelliguntur,
2880 1719 2940 1766 et
2960 1712 3017 1767 in
3048 1720 3260 1784 septem
3292 1716 3529 1785 angelis,
3556 1722 3625 1770 ut
3646 1733 3815 1787 supra

541 1774 836 1857 rum-tecta
863 1774 998 1856 sunt
1023 1774 1241 1871 peccata
1272 1774 1725 1872 (Psal.x;x1),per
1749 1774 2133 1871 com'punctio-
2155 1774 2201 1833 Β
2219 1797 2431 1852 dictum
2456 1774 2762 1861 est,omnes
2778 1774 3171 1870 praedicatores
3195 1774 3450 1859 Ecclesiae
3472 1774 3809 1874 ﬁgurantur,

539 1907 670 1945 nem
698 1890 900 1944 cordis.
934 1891 1033 1944 Est
1060 1896 1118 1944 et
1142 1890 1297 1944 aliud
1327 1890 1643 1943 vestimenti
1682 1905 1881 1959 genus,
1906 1905 2017 1959 quo
2050 1905 2136 1942 ve-

540 1978 791 2034 stiuntur
820 1978 1001 2045 electi,
1036 1979 1282 2033 charitas
1311 1978 1540 2043 scilicet,
1571 1978 1641 2032 de
1679 1994 1791 2049 qua
1816 1977 1952 2031 dicit
1978 1979 2134 2031 Jaco-

537 2067 643 2122 bus
671 2086 683 2121 :
704 2068 977 2122 Charitas
1002 2070 1173 2136 operit
1200 2068 1622 2121 multitudinem
1638 2069 2127 2134 peccatorum(Jac.

537 2156 738 2225 v).Hoc
764 2156 1100 2210 vestimento
1126 2160 1250 2210 erat
1274 2154 1369 2208 ille
1399 2154 1760 2225 exspoliatus,
1780 2170 1946 2224 quem
1969 2154 2131 2223 ejecit

537 2261 635 2299 rex
663 2261 699 2298 α
722 2249 1023 2315 conspectu
1042 2243 1387 2314 nuptiarum,
1404 2243 1549 2297 sicut
1573 2242 1933 2312 Evangelium
1962 2248 2131 2296 testa-

534 2338 631 2387 tur
652 2332 868 2387 dicens:
891 2334 1033 2400 Quia
1053 2334 1287 2385 intravit
1308 2347 1404 2384 res;
1426 2336 1486 2384 ut
1506 2333 1707 2385 videret
1734 2332 2129 2385 discumbentes

537 2422 753 2492 (Matth.
783 2424 940 2488 χχιι).
968 2420 1175 2495 Beatus
1194 2418 1370 2489 igitur
1397 2418 1493 2489 qui
1525 2419 1770 2473 custodit
1795 2420 2130 2474 vestimenta

535 2526 657 2576 sua,
685 2509 744 2563 id
765 2518 868 2576 est,
899 2509 1066 2563 ﬁdem
1100 2524 1268 2578 quam
1293 2507 1355 2561 in
1374 2506 1653 2578 baptismo
1673 2508 1939 2579 percepit,
1963 2514 2020 2562 et
2037 2508 2127 2562 in-

532 2598 853 2654 nocentiam
886 2597 1099 2661 vitaa,et
1127 2596 1485 2665 charitatem,
1512 2601 1851 2667 cantet-asque
1871 2596 2123 2661 virtutes,

531 2703 604 2743 ne
633 2687 819 2742 nudus
849 2685 1119 2749 ambulet,
1154 2685 1262 2739 hoc
1290 2689 1378 2739 est
1398 2701 1469 2738 ne
1496 2684 1583 2738 his
1610 2685 1967 2756 exspoliatus,
2000 2691 2127 2739 tur-

529 2776 679 2848 piter
706 2790 836 2829 cum
865 2773 1085 2828 diabolo
1109 2774 1429 2827 damnetur.
1462 2774 1529 2827 Et
1565 2775 1787 2827 videant
1816 2777 2125 2841 turpitudi—

530 2880 656 2919 nem
686 2867 823 2933 ejus,
854 2862 912 2916 id
942 2866 1029 2917 est
1051 2861 1314 2916 omnibus
1343 2865 1615 2931 appareat
1629 2867 1922 2930 peccatum
1952 2862 2121 2916 illius.

599 2954 666 3007 Et
694 2953 1042 3021 eongrcgabit
1070 2967 1155 3004 eos
1182 2953 1246 3004 in
1272 2952 1472 3016 locum,
1506 2952 1605 3018 qui
1628 2951 1886 3003 Hebraice
1914 2951 2125 3004 dicitur

527 3042 932 3109 Armageddon.
965 3039 1133 3093 Redit
1159 3039 1231 3093 ad
1260 3054 1328 3092 ea
1368 3023 1491 3109 quae
1519 3037 1778 3108 superius
1812 3038 2122 3108 praetermi-

2216 1886 2312 1956 qui
2340 1887 2636 1940 eﬁ‘undunt
2660 1887 2906 1958 phialam
2936 1906 3099 1944 suam
3126 1890 3184 1944 in
3215 1908 3425 1958 aerem,
3471 1894 3527 1947 id
3556 1901 3648 1948 est
3674 1911 3813 1964 prie-

2214 1974 2549 2028 dicationem
2578 1992 2737 2029 suam
2767 1983 2962 2030 contra
2993 1978 3298 2042 daemones,
3323 1997 3424 2050 per
3443 1981 3595 2035 hunc
3626 1998 3810 2036 aerem

2201 2062 2593 2127 discurrentes
2615 2071 2907 2135 spargunt.
2930 2067 3094 2135 juxta
3116 2068 3252 2121 illud
3271 2070 3525 2139 Apostoli
3548 2087 3563 2123 ;
3597 2072 3721 2125 Non
3740 2076 3813 2124 est

2214 2153 2365 2205 nobis
2393 2155 2707 2206 colluctatio
2730 2154 2989 2207 adversus
3019 2172 3243 2209 carnem
3264 2162 3315 2210 et
3338 2162 3699 2226 sanguinem,
3723 2163 3810 2213 sed

2211 2246 2404 2293 contra
2430 2244 2757 2309 spirituatia
2778 2246 3038 2311 nequitiae
3061 2247 3123 2297 in
3148 2247 3445 2300 caelestibus
3474 2247 3809 2319 (Ephes.vr).

2210 2329 2276 2382 Et
2295 2332 2461 2382 earivit
2478 2346 2578 2384 vos:
2598 2347 2803 2398 magna
2815 2334 2880 2385 de
2901 2334 3097 2400 templo
3107 2350 3142 2386 a
3156 2334 3354 2388 throno
3371 2337 3811 2391 dicens:Factum

2210 2422 2302 2471 est.
2336 2418 2456 2471 Vox
2476 2417 2586 2472 ista
2603 2435 2704 2473 vox
2724 2420 2827 2474 Dei
2846 2421 3248 2491 omnipotentis
3258 2423 3624 2495 intelligitur.
3654 2427 3808 2480 Tem-

2208 2506 2365 2576 plum
2417 2512 2608 2562 autem
2654 2514 2712 2562 et
2739 2509 2978 2564 thronus
3008 2527 3183 2565 unum
3214 2519 3317 2575 est,
3359 2512 3415 2566 id
3475 2520 3565 2568 est
3617 2521 3810 2569 sancta

2209 2594 2474 2659 Ecclesia,
2500 2612 2667 2666 quam
2701 2596 2977 2652 Dominus
3016 2604 3079 2652 et
3131 2599 3501 2673 inhabitando
3525 2603 3806 2673 praesidet,

2209 2691 2266 2737 et
2284 2684 2634 2754 praesidendo
2662 2685 2961 2741 inhabitat.
2989 2687 3272 2742 Inhabitat
3312 2668 3458 2743 sicut
3486 2668 3547 2744 in
3575 2692 3805 2763 templo,

2214 2772 2477 2841 praesidet
2497 2773 2642 2827 sicut
2669 2773 2727 2827 in
2756 2774 2982 2829 throno.
3013 2780 3063 2828 A
3083 2776 3314 2831 sedente
3342 2794 3478 2848 ergo
3508 2779 3566 2832 in
3599 2780 3804 2834 throno

2206 2866 2375 2930 atque
2404 2860 2754 2915 inhabitante
2780 2862 2841 2915 in
2866 2864 3075 2933 templo
3101 2880 3200 2918 vox
3228 2865 3338 2919 ista
3366 2867 3644 2937 procedit,
3680 2868 3807 2939 quia

2206 2950 2328 3019 ejus
2378 2950 2590 3019 judicio
2653 2958 3118 3006 consummantur
3167 2955 3371 3008 omnia.
3433 2957 3671 3010 Factum
3717 2963 3808 3019 est,

2204 3037 2408 3108 inquit,
2442 3038 2497 3092 id
2528 3044 2614 3093 est
2664 3040 2886 3095 ﬁnitum
2944 3048 3030 3094 est
3085 3058 3322 3112 regnum
3356 3045 3720 3111 Antichristi,
3758 3052 3813 3099 et

526 3134 681 3184 serat
706 3129 776 3183 de
801 3127 1091 3200 spiritibus
1119 3127 1443 3191 immundis,
1500 3121 1597 3197 qui
1653 3133 2045 3196 processerunt
2060 3124 2183 3182 'utC
2204 3126 2482 3197 completa
2505 3134 2593 3181 est
2633 3128 2922 3182 damnatio
2952 3131 3344 3200 reproborum.
3376 3132 3542 3196 Quod
3572 3151 3708 3189 vero
3732 3151 3812 3189 se-

527 3233 689 3287 reges
712 3217 888 3270 totius
915 3224 1080 3271 terrae
1109 3216 1168 3269 in
1199 3216 1452 3286 praelium
1479 3222 1869 3269 convocarent.
1900 3217 1968 3271 Et
1993 3217 2125 3287 quia

526 3304 587 3358 in
615 3303 798 3358 tribus
817 3320 964 3359 unus
997 3304 1235 3373 intelligi
1256 3303 1440 3369 debet,
1472 3320 1506 3357 a
1537 3304 1741 3375 plurali
1768 3321 2002 3360 numero
2032 3323 2122 3360 re-

527 3391 766 3446 vertitur
791 3392 865 3446 ad
892 3391 1258 3462 singularem,
1290 3391 1482 3445 dicens
1509 3410 1520 3445 :
1558 3395 1913 3459 Congregabit
1944 3411 2027 3447 eos
2058 3398 2121 3449 in

529 3482 728 3546 locum,
759 3484 858 3550 qui
885 3482 1143 3536 Hebraice
1171 3481 1383 3534 dicitur
1400 3482 1768 3547 Armagedan.
1803 3482 1937 3536 Tale
1966 3488 2123 3537 estet

525 3568 668 3624 illud
696 3569 1001 3640 Evangelii,
1034 3568 1259 3640 quando
1288 3568 1421 3622 dum
1470 3568 1741 3623 Dominus
1772 3570 2056 3625 hominem
2086 3588 2122 3624 a

523 3657 745 3729 legione
763 3657 1416 3727 liberaret,interrogavit
1433 3664 1703 3729 tanquam
1717 3675 1890 3713 unum
1906 3659 2116 3714 dicens:

525 3746 685 3812 Quod
707 3746 808 3801 tibi
836 3763 1042 3802 nomen
1062 3748 1182 3801 est?
1211 3746 1314 3800 Cui
1344 3746 1465 3817 ipsa
1496 3746 1683 3801 unitas
1711 3748 1870 3802 unita
1894 3764 2120 3819 respon-

524 3836 683 3899 dens,
726 3834 1039 3905 ait:Legio
1093 3849 1302 3888 nomen
1351 3833 1489 3887 mihi
1542 3840 1646 3888 est.
1681 3835 1748 3888 Et
1803 3834 2113 3901 subdendo,

523 3922 689 3979 multi
716 3940 931 3987 sumus,
954 3923 1132 3994 ipsam
1153 3922 1425 3976 unitatem
1438 3922 1685 3976 ostendit
1708 3939 1774 3977 ex
1791 3924 2123 3978 multiscon-

523 4018 694 4068 stare.
708 4011 1065 4083 Armagedon
1088 4010 1494 4082 interpretatur
1506 4015 1877 4064 consurrectio
1898 4015 2118 4065 testium

523 4105 873 4171 iniquorum,
908 4100 994 4155 vel
1020 4116 1179 4154 mons
1216 4114 1251 4153 a
1278 4100 1637 4164 latrunculis,
1668 4098 1783 4152 sive
1816 4116 1974 4153 mons
2000 4103 2118 4168 glo-

2206 3215 2400 3286 quitur
2430 3234 2444 3272 :

2276 3304 2343 3357 Et
2368 3306 2517 3371 facta
2536 3311 2667 3359 sunt
2687 3308 2943 3373 fulgura,
2984 3314 3036 3362 et
3054 3324 3218 3369 voces,
3238 3316 3287 3363 et
3319 3313 3596 3377 tonitrua,
3622 3318 3684 3367 et
3703 3330 3806 3368 αε-

2202 3394 2326 3444 tera
2355 3408 2479 3462 quae
2499 3399 2832 3464 sequuntur.
2861 3396 3112 3464 ejusdem
3141 3398 3553 3467 persecutionis
3583 3407 3803 3474 tempus

2203 3480 2634 3549 recapitulatum
2656 3483 3172 3552 comprehenditur.
3202 3486 3452 3557 Fulgura
3480 3488 3681 3560 itaque
3706 3491 3803 3543 mi-

2201 3568 2392 3621 racula
2412 3568 2751 3639 signiﬁcant,
2784 3588 2907 3642 quae
2949 3572 3151 3627 facturi
3193 3585 3329 3628 sunt
3358 3575 3609 3631 ministri
3639 3580 3799 3632 Anti-

2201 3656 2415 3720 christi,
2440 3664 2503 3711 ut
2530 3664 2801 3713 terrorem
2834 3659 3112 3715 incutiant
3140 3662 3481 3718 hominibus.
3526 3667 3677 3719 Voces
3702 3684 3797 3721 au-

2200 3750 2314 3797 tem
2346 3745 2761 3801 exhortationes
2790 3749 3147 3819 appellantur
3166 3750 3416 3818 illorum,
3440 3752 3647 3822 quibus
3678 3772 3797 3809 sua-

2200 3831 2415 3887 debunt
2440 3835 2760 3890 hominibus
2788 3837 3196 3893 Antichristum
3238 3840 3468 3895 credere
3495 3842 3703 3897 Deum.
3728 3847 3796 3899 At

2206 3938 2332 3976 vero
2386 3924 2640 3978 tonitrua
2688 3926 3151 3982 comminationes
3195 3933 3252 3982 et
3273 3934 3561 3983 tormenta
3588 3931 3793 3986 intelli-

2198 4014 2433 4080 guntur,
2461 4012 2667 4082 quibus
2694 4013 2902 4067 multos
2935 4013 3233 4085 decipient.
3266 4017 3649 4074 Terraemotus
3670 4037 3792 4075 vero

2200 4113 2457 4168 magnus,
2481 4101 2793 4170 persecutio
2816 4118 3022 4172 magna
3048 4104 3502 4178 validissimaque
3525 4109 3793 4179 intelligi-

2199 4190 2313 4251 tur,
2328 4187 2476 4241 unde
2491 4187 2711 4242 dicitur:
2743 4190 2934 4256 Qualis
2953 4196 3118 4245 terrae
3139 4198 3324 4247 motus
3342 4210 3640 4263 nunquam
3659 4199 3789 4264 fuit,

2199 4272 2257 4326 id
2277 4279 2365 4328 est
2382 4274 2463 4328 sic
2483 4292 2742 4345 magnus.
2762 4278 2845 4332 Ea:
2865 4294 2970 4346 quo
2991 4280 3238 4334 homines
3256 4283 3494 4348 fuerunt
3522 4287 3589 4338 in
3621 4292 3786 4340 terra.

525 4193 702 4245 bosus.
731 4190 926 4245 Testes
955 4187 1133 4259 iniqui
1162 4203 1357 4240 omnes
1386 4192 1522 4241 sunt
1568 4185 1812 4241 ministri
1841 4188 2120 4242 Antichri-

523 4278 617 4342 sti,
649 4277 746 4348 qui
769 4276 911 4331 bene
939 4276 1120 4346 iniqui
1139 4275 1424 4339 dicuntur,
1450 4275 1717 4346 quoniam
1740 4275 1931 4347 inique
1950 4278 2119 4331 conﬁ-

522 4370 718 4420 tentur
743 4364 1031 4419 Christum
1062 4378 1184 4418 esse
1209 4363 1638 4431 Antichristum,
1662 4369 1720 4418 et
1746 4364 1937 4435 inique
1962 4366 2171 4453 Anti-D
2200 4362 2317 4453 Hoc
2346 4362 2518 4453 etiam
2547 4370 2603 4418 et
2631 4365 2904 4420 Dominus
2931 4368 3273 4435 manifestat,
3293 4372 3519 4441 quando
3538 4372 3598 4427 in
3613 4374 3793 4428 Evan-

521 4452 794 4508 christum
824 4453 1165 4507 conﬁtentur
1190 4451 1496 4506 Christum.
1548 4454 1612 4507 ln
1666 4451 2154 4509 consurrectione_
2194 4452 2342 4521 gelio
2371 4452 2540 4506 dicit:
2565 4454 2687 4507 Erit
2744 4459 2877 4508 tunc
2924 4458 3215 4510 tribulatio
3241 4463 3424 4526 qualis
3444 4477 3559 4515 non
3586 4464 3699 4529 fuit
3724 4465 3791 4517 ab

520 4542 753 4599 testium
774 4541 1094 4612 iniquorum
1110 4538 2115 4612 congregabiteosAntichristus,quia
2196 4542 2363 4594 initio
2390 4544 2576 4595 seculi
2607 4543 3261 4612 tMarc.xm).Possumus
3279 4553 3336 4600 et
3360 4547 3473 4602 ista
3502 4549 3563 4603 in
3587 4550 3787 4606 bonam

521 4631 593 4689 ad
608 4632 714 4686 hoc
732 4647 827 4686 eos
848 4630 918 4684 ad
940 4634 1159 4701 partem
1204 4643 1363 4682 suam
1409 4628 1618 4695 trahet,
1640 4633 1705 4683 ut
1732 4634 1926 4683 contra
1956 4630 2113 4684 Chri-
2195 4634 2435 4697 partem,
2466 4628 2573 4682 hoc
2596 4635 2683 4683 est
2731 4630 2803 4683 ad
2832 4630 3224 4701 praedicatores
3269 4635 3527 4691 veritatis
3557 4640 3783 4703 referre,

519 4728 641 4775 tum
665 4719 832 4774 verba
860 4717 1220 4789 blasphemiae
1250 4722 1307 4770 et
1350 4716 1665 4787 iniquitatis
1695 4717 1995 4788 proferant.
2024 4719 2110 4772 Ad
2196 4715 2292 4786 qui
2309 4715 2419 4770 ista
2442 4717 2632 4770 omnia
2670 4718 3030 4790 complebunt
3055 4721 3443 4790 spiritualiter,
3478 4725 3552 4779 ad
3585 4728 3785 4781 conﬁr-

519 4811 757 4865 istorum
779 4808 1008 4863 testium
1028 4806 1350 4876 iniquorum
1372 4822 1673 4860 numerum
1693 4805 1979 4876 pertinent
2003 4806 2106 4874 illi,
2193 4804 2402 4859 manda
2423 4808 2594 4860 corda
2620 4807 3009 4865 electorum.et
3034 4811 3328 4865 terrendos
3343 4813 3570 4869 animos
3597 4833 3783 4888 repro-

519 4900 590 4954 de
619 4896 1097 4969 quibusDominus
1117 4894 1254 4949 dicit
1271 4895 1330 4949 in
1350 4895 2032 4966 psalmo:lnsurre.rerunt
2046 4899 2111 4950 in
2191 4892 2411 4947 borum.
2444 4895 2693 4963 Fulgura
2709 4902 2845 4950 sunt
2871 4913 3065 4951 eorum
3094 4898 3387 4967 miracula,
3421 4918 3549 4973 quae
3573 4904 3782 4958 illumi-

519 5003 604 5040 me
630 4992 779 5041 testes
796 4987 1299 5055 iniqui,etmcntila
1320 4988 1394 5037 est
1415 4986 1688 5051 iniquitas
1705 4982 2105 5052 sibi(Ps.xxvi).
2191 4987 2331 5036 nant
2358 4982 2550 5038 ﬁdeles
2579 4989 2637 5037 et
2664 4989 2882 5039 terrent
2925 4984 3217 5054 inﬁdeles;
3249 5004 3412 5044 voces
3438 4991 3672 5048 illorum
3690 5010 3780 5048 ex-

517 5074 737 5129 Dicitur
758 5075 930 5129 etiam
957 5072 1315 5142 Armagedon
1340 5088 1493 5125 mons
1514 5087 1549 5124 a
1573 5073 1932 5125 latrunculis.
1948 5072 2107 5125 Mons
2188 5070 2545 5126 hortamenta
2566 5072 2827 5143 pietatis;
2858 5074 3108 5130 tonitrua
3130 5078 3599 5136 comminationes
3612 5082 3778 5137 futuri

517 5159 775 5217 Christus
799 5161 1116 5233 appellatur
1135 5177 1171 5216 a
1197 5158 1474 5219 ﬁdelibus,
1502 5160 1665 5227 juxta
1691 5158 1839 5230 quod
1869 5158 1929 5211 in
1956 5157 2107 5213 Isaia
2180 5158 2378 5228 judicii
2404 5177 2417 5226 ;
2445 5166 2801 5216 terrmmotus
2823 5179 2954 5217 vero
2986 5164 3292 5219 motionem
3314 5166 3543 5223 illorum
3574 5171 3781 5242 signiﬁ-

513 5249 791 5322 propheta
816 5249 1088 5307 habetur:
1133 5249 1329 5315 Venite,
1371 5246 1728 5301 ascendamus
1747 5248 1821 5300 ad
1865 5252 2105 5302 montem
2187 5254 2295 5315 cat,
2329 5249 2424 5319 qui
2452 5266 2552 5320 per
2577 5267 2772 5305 eorum
2828 5252 3277 5323 praedicationem
3328 5255 3406 5309 ab
3445 5257 3777 5314 inﬁdelitate

512 5342 740 5397 Domini
762 5340 979 5408 (Isa.n).
1006 5338 1072 5392 Et
1090 5340 1195 5391 erit
1209 5339 1272 5390 in
1291 5338 1602 5390 novissimis
1618 5336 1805 5389 diebus
1822 5351 2103 5404 prwpara-
2184 5337 2256 5391 ad
2288 5337 2455 5391 ﬁdem
2485 5345 2798 5394 moventur.

511 5436 600 5487 tus
623 5445 781 5485 mons
798 5428 1220 5483 domusDomini
1231 5429 1289 5480 in
1314 5428 1509 5479 vertice
1528 5425 2095 5493 montiumWicth),
2233 5425 2310 5480 Et
2327 5426 2472 5492 facta
2489 5433 2562 5481 est
2575 5431 2769 5482 civitas
2791 5445 2997 5497 magna
3016 5433 3080 5484 in
3097 5437 3205 5485 tres
3219 5436 3425 5501 partes.
3449 5434 3537 5487 Ab
3553 5437 3776 5491 exordio

506 5520 568 5582 id
586 5525 675 5585 est
691 5517 951 5575 Christus
973 5514 1070 5588 qui
1090 5514 1472 5587 supereminet
1489 5513 1705 5568 meritis
1720 5512 1972 5569 omnium
1983 5514 2100 5570 ele-
2184 5514 2379 5569 mundi
2397 5531 2577 5587 usque
2595 5516 2668 5571 ad
2687 5518 2860 5573 ﬁnem
2878 5519 3067 5574 saeculi
3089 5519 3213 5575 dum
3229 5520 3490 5577 civitates
3509 5524 3774 5582 ediﬁcari
