4048 6172
335 220 397 278 11
409 220 480 278 37

1264 232 1652 293 EXPOSITIO
1679 239 1758 294 IN
1780 238 2315 295 APOCALYPSIN.
2348 268 2414 283 —
2446 240 2581 297 LIB.
2618 240 2686 294 V.

3467 245 3611 304 1138

328 345 609 414 videntur,
638 365 876 420 quarum
905 367 1022 406 una
1046 357 1133 408 est
1160 354 1282 421 Dei,
1316 357 1493 427 altera
1524 361 1735 417 diaboli
1768 382 1780 417 :
1814 368 1987 426 unaA
2005 364 2336 436 Signiﬁcant
2352 364 2501 419 enim
2524 363 3142 436 sanctos,quiﬂuctibus
3160 366 3326 424 istius
3344 369 3470 426 vitae
3482 375 3611 426 tun-

330 437 539 506 quaeab
559 437 697 491 Abel
713 439 868 508 justo
889 441 1075 510 cmpit,
1100 448 1159 496 et
1196 445 1265 498 ad
1296 447 1658 503 novissimum
1691 452 1931 507 electum

326 525 513 579 tendit
530 543 544 584 :
564 527 744 581 altera
772 544 896 599 quae
916 545 951 583 a
980 530 1119 584 Cain
1147 531 1317 604 impio
1347 535 1571 591 initium
1592 542 1852 611 sumpsit,
1877 549 1934 597 et

326 611 387 666 in
421 613 620 669 ultimo
648 615 1015 686 reproborum
1045 620 1609 680 terminabitur.Hinc
1639 636 1827 683 autem
1850 632 1931 684 ci-

326 700 472 755 vitas
491 718 715 773 magna,
751 704 947 760 civitas
968 706 1306 779 intelligitur
1326 711 1555 780 diaboli,
1579 732 1701 786 qua:
1726 734 1932 788 magna

325 788 534 844 dicitur
552 797 782 863 propter
801 794 1221 852 multitudinem
1234 802 1679 871 populorum,vel
1703 813 1933 877 propter

325 880 723 936 enormitatem
746 883 1042 938 scelerum.
1092 886 1223 942 Haec
1268 888 1463 945 civitas
1492 892 1597 947 hoc
1625 894 1684 948 in
1714 895 1834 950 loco
1869 897 1929 951 in

325 972 442 1023 tres
465 976 655 1040 partes
677 970 849 1026 dividi
879 976 1296 1044 pronuntiatur,
1327 995 1436 1034 non
1470 998 1579 1052 quo
1602 988 1658 1037 et
1685 989 1818 1039 ante
1847 986 1929 1039 di-

323 1055 445 1111 visa
460 1074 574 1114 non
601 1065 768 1126 esset,
785 1066 851 1114 ut
871 1066 1003 1119 tunc
1015 1063 1368 1121 solummodo
1388 1068 1793 1141 dividatur,sed
1815 1090 1924 1145 quo

322 1152 541 1202 certum
559 1148 635 1203 sit
653 1165 720 1203 ex
740 1150 943 1221 quibus
962 1152 1254 1208 hominum
1277 1157 1776 1232 qualitatibusipsa
1794 1180 1923 1218 con-

321 1239 453 1302 stet,
486 1236 591 1291 hoc
615 1243 703 1292 est
729 1255 1076 1309 paganorum
1101 1242 1159 1296 in
1180 1245 1514 1314 gentilitatis
1531 1265 1719 1305 errore
1735 1251 1919 1307 adhuc

323 1327 696 1390 manentium,
728 1334 897 1399 atque
947 1330 1335 1387 haereticorum
1366 1341 1423 1389 et
1449 1337 1791 1405 Judaeorum,
1827 1342 1920 1412 qui

318 1429 420 1484 pro
450 1431 564 1469 uno
589 1417 962 1488 accipiuntur,
992 1419 1262 1476 falsorum
1294 1440 1516 1496 quoque
1570 1428 1919 1484 Christiano-

310 1519 462 1571 rum,
489 1505 585 1575 qui
607 1506 664 1560 in
677 1508 805 1561 sinu
828 1509 1083 1565 Ecclesiae
1113 1513 1280 1569 modo
1307 1514 1486 1570 latent
1518 1536 1530 1571 :
1560 1520 1625 1572 Et
1672 1524 1917 1577 civitates

2014 455 2228 508 duntur
2246 455 2578 523 undique,et
2597 459 2760 508 terrae
2774 469 2837 509 su
2845 455 3471 525 pereminentes,mente
3480 477 3609 516 cum

2012 543 2281 613 Apostolo
2301 543 2552 597 caelestia
2583 547 2812 612 petunt:
2838 543 2998 597 Unde
3046 543 3383 600 Psalmista:
3416 549 3611 603 Levavi

2014 634 2194 685 oculos
2213 646 2351 685 meos
2387 635 2452 685 in
2494 637 2702 685 montes
2724 649 2740 693 ;
2768 636 2826 685 et
2844 631 2977 685 alibi
3006 646 3018 679 :
3049 635 3255 688 Montes
3284 638 3347 689 in
3365 639 3610 690 circuitu

2013 724 2131 789 ejus
2154 722 2699 790 (Psal.cxxn,cxx1v);
2715 720 3058 791 etPrOpheta
3082 739 3094 774 :
3117 722 3243 775 Erit
3256 728 3608 793 preparatus

2012 825 2170 864 mons
2186 810 2607 863 domusDomini
2620 812 2684 862 in
2697 812 2894 863 vertice
2914 813 3188 864 montium
3197 812 3468 883 {Mich.1v)
3479 854 3492 867 .
3505 814 3608 869 Isti

2010 896 2239 966 fugiunt
2264 897 2590 951 societatem
2620 897 2899 952 malorum
2929 913 3043 953 non
3060 915 3312 971 corpore,
3336 900 3469 971 quia
3491 918 3605 956 non

2010 988 2264 1054 possunt,
2287 984 2384 1038 sed
2403 988 2609 1039 mente.
2632 985 2879 1056 Corpore
2891 986 3042 1040 enim
3064 987 3123 1041 in
3144 987 3328 1042 medio
3345 994 3603 1059 peccato-

2008 1089 2136 1127 rum
2163 1078 2476 1136 morantur,
2519 1078 2708 1128 mente
2737 1078 2927 1128 autem
2980 1074 3051 1128 ab
3098 1092 3294 1130 eorum
3321 1077 3601 1132 consortio

2004 1161 2169 1230 longe
2189 1161 2420 1215 distant.
2451 1160 2666 1225 Quibus
2695 1178 2796 1232 per
2820 1162 3158 1233 Prophetam
3187 1163 3422 1219 dicitur:
3444 1166 3601 1220 Exite

2001 1251 2063 1303 de
2076 1250 2307 1314 illa,hoc.
2326 1253 2413 1304 est
2428 1249 2497 1302 de
2516 1248 2821 1319 Babylone,
2848 1251 3087 1321 populus
3102 1258 3335 1316 meus,et
3352 1256 3601 1308 immun-

2003 1339 2139 1391 dum
2163 1355 2229 1392 ne
2252 1340 2493 1406 tetigeris
2514 1340 2655 1401 (Cor.
2676 1339 2734 1406 Il)
2753 1383 2764 1395 .
2805 1338 2915 1392 Sed
2931 1338 3080 1409 quod
3096 1345 3230 1393 tunc
3244 1341 3447 1396 facturi
3467 1348 3600 1398 sunt

2001 1427 2482 1497 corpore,quando
2499 1443 2563 1480 ex
2575 1431 2695 1481 toto
2705 1426 2775 1480 ab
2795 1426 2877 1481 eis
2897 1427 3599 1497 separabuntur,hocnunc

2000 1522 2188 1570 mente
2200 1516 2429 1581 faciunt,
2453 1515 2586 1586 quia
2607 1514 2678 1568 ab
2698 1532 2892 1569 eorum
2912 1515 3151 1587 reproba
3170 1517 3282 1572 vita
3309 1517 3476 1588 longe
3495 1536 3598 1590 per

308 1596 563 1661 gentium
591 1598 922 1652 ceciderunt.
946 1600 1049 1655 Hic
1066 1618 1246 1672 genus
1276 1604 1334 1658 in
1353 1605 1593 1675 speciem
1622 1608 1908 1677 dividitur;
1928 1638 1975 1698 Β
1999 1604 2261 1658 meritum
2284 1604 2645 1658 distantJVon
2808 1606 3024 1657 inventi
3031 1604 3101 1668 ,id
3127 1610 3211 1698 est
3242 1606 3302 1660 in
3327 1606 3594 1698 societate

297 1698 432 1735 nam
464 1685 615 1753 quod
642 1688 904 1757 superius
926 1705 1023 1759 per
1044 1706 1234 1755 unam,
1263 1692 1367 1747 hoc
1387 1710 1536 1749 nunc
1560 1695 1911 1766 signiﬁcatur
1931 1685 1974 1698 “’
1992 1694 2269 1747 malorum
2301 1710 2414 1747 non
2445 1698 2578 1747 sunt
2606 1709 2707 1764 per
2732 1692 2859 1747 vita:
2878 1694 3330 1748 communionem
3360 1697 3590 1766 reperti.

293 1771 601 1841 perplures
612 1774 868 1843 gentium
888 1776 1284 1833 civitates.Hoc
1306 1787 1391 1835 est
1406 1783 1556 1837 enim
1568 1801 1683 1838 una
1710 1786 1905 1841 civitas

297 1858 573 1931 Babylon,
605 1863 752 1932 quod
786 1865 978 1919 multm
1015 1867 1267 1923 civitates
1311 1871 1584 1941 gentium,
1621 1874 1765 1930 sicut
1796 1876 1902 1930 hoc

290 1953 380 2002 est
405 1965 521 2003 una
542 1951 788 2006 Ecclesia
819 1955 967 2024 quod
995 1961 1230 2026 septem.
1266 1958 1335 2012 Et
1363 1960 1511 2031 quod
1540 1961 1675 2016 dicit
1700 1968 1899 2019 civita-

290 2042 366 2091 tes
390 2042 644 2105 gentium
667 2042 996 2108 ceciderunt,
1031 2046 1136 2099 hoc
1166 2051 1251 2100 est
1279 2049 1427 2118 quod
1449 2049 1506 2103 in
1534 2046 1897 2122 sequentibus

289 2126 502 2182 dicitur
522 2146 539 2182 :
562 2129 785 2195 Cecidit,
804 2133 996 2186 cecidit
1024 2136 1288 2203 Babylon.
1323 2137 1456 2201 Quae
1485 2138 1615 2194 licet
1644 2143 1894 2211 quotidie

286 2215 455 2271 cadat
485 2218 543 2272 in
573 2218 849 2290 reprobis,
881 2226 1074 2276 tamen
1104 2226 1446 2294 generaliter
1480 2228 1537 2281 in
1563 2229 1675 2283 ﬁne
1702 2232 1891 2286 saeculi

284 2304 667 2375 damnabitur,
691 2314 749 2362 et
766 2309 929 2365 cadet
950 2328 1074 2366 cum
1102 2313 1345 2369 audierit
1365 2331 1399 2369 a
1420 2316 1660 2371 Domino
1688 2338 1699 2373 :
1724 2321 1799 2373 Ite
1829 2325 1891 2376 in

282 2397 471 2463 ignem
495 2402 782 2452 aeternum.
826 2400 895 2453 Et
927 2402 1167 2470 Babylon
1194 2419 1401 2471 magna
1432 2409 1583 2460 venit
1602 2410 1665 2461 in
1693 2425 1892 2464 inemo-

282 2485 438 2537 riam
456 2489 587 2538 ante
599 2486 797 2553 Deum,
823 2489 957 2542 dare
978 2491 1072 2544 illi
1096 2493 1321 2546 calicem
1346 2496 1470 2548 vini
1480 2497 1889 2563 indignationis

281 2575 384 2626 ira:
403 2577 539 2641 ejus.
560 2574 711 2630 Deus
731 2577 1088 2648 omnipotens
1105 2595 1216 2634 non
1245 2582 1460 2652 patitur
1478 2584 1723 2655 aliquam
1754 2586 1891 2641 obli-

276 2661 522 2725 vionem,
554 2670 655 2719 aut
683 2667 1030 2734 recordatur,
1063 2668 1195 2739 quia
1245 2670 1616 2727 immutabilis
1644 2680 1750 2742 est,
1789 2677 1886 2731 sed

276 2751 676 2807 condescendit
702 2754 965 2809 humanae
986 2756 1277 2827 fragilitati
1304 2775 1490 2814 sermo
1502 2760 1885 2827 divinus,dum

276 2838 383 2893 hos
400 2840 516 2894 Deo
535 2841 670 2895 dicit
690 2842 872 2896 inesse
895 2843 1171 2899 humanos
1219 2848 1472 2915 allectus,
1496 2849 1666 2904 veluti
1697 2857 1885 2922 patres

272 2934 332 2982 et
359 2935 572 2984 matres
589 2931 773 2986 solent
792 2931 1158 2988 balbutiendo
1178 2937 1621 2993 condescendere
1642 2940 1794 3004 ﬁliis,
1818 2948 1886 2997 ut

272 3015 495 3073 facilius
513 3019 905 3091 intelligantur
923 3022 994 3075 ab
1009 3023 1104 3077 eis.
1116 3024 1414 3080 Sciendum
1438 3033 1524 3081 est
1542 3034 1730 3083 autem
1749 3030 1884 3101 quia

272 3108 631 3178 omnipotens
650 3110 800 3165 Deus
824 3128 889 3165 ex
918 3113 1159 3182 quadam
1184 3121 1345 3185 parte
1370 3115 1714 3172 obliviscitur
1733 3135 1883 3175 nunc

269 3196 601 3265 electorum,
631 3215 696 3252 ex
727 3200 968 3270 quadam
997 3218 1129 3256 vero
1174 3204 1521 3259 recordatur.
1557 3206 1702 3260 Dum
1729 3208 1877 3263 enim

269 3301 367 3339 eos
396 3303 499 3357 pro
529 3287 689 3342 bonis
718 3288 936 3344 actibus
982 3290 1040 3344 in
1097 3294 1358 3362 praesenti
1384 3311 1496 3349 non
1527 3305 1876 3369 remunerat,

268 3376 432 3445 quasi
456 3375 804 3433 obliviscitur
824 3395 1019 3434 eorum
1046 3398 1059 3433 :
1090 3381 1226 3435 dum
1252 3387 1442 3437 autem
1473 3385 1620 3439 mala
1645 3386 1873 3444 illorum

266 3479 372 3535 per
400 3465 624 3536 ﬂagella
651 3473 875 3538 purgat,
908 3468 1132 3522 illorum
1179 3470 1529 3525 recordatur.
1564 3474 1628 3527 In
1681 3475 1872 3531 futuro

265 3558 459 3609 autem
484 3554 695 3625 judicio
724 3557 1160 3622 alitererit,cum
1183 3560 1574 3615 recordabitur
1595 3562 1868 3620 bonorum

259 3641 490 3697 illorum
518 3644 588 3697 ad
608 3644 803 3712 hoc,ut
814 3662 909 3701 eos
929 3653 1270 3701 remuneret:
1296 3649 1596 3704 mala.vero
1616 3652 1867 3722 illorum,

263 3730 403 3799 quia
422 3730 508 3784 hic
528 3746 629 3802 per
646 3731 871 3801 ﬂagella
890 3737 1025 3787 sunt
1041 3733 1260 3803 punita,
1287 3733 1553 3788 oblivioni
1579 3737 1786 3804 tradet;
1811 3745 1868 3793 et

257 3817 389 3873 ideo
403 3819 554 3874 unde
593 3836 740 3875 nunc
768 3821 1186 3888 obliviscuntur,
1217 3827 1351 3876 tunc
1379 3823 1860 3893 recordabuntur;

259 3913 319 3962 et
347 3908 499 3963 unde
527 3926 676 3964 nunc
705 3912 1092 3975 recordentur,
1116 3912 1247 3966 inde
1275 3918 1410 3966 tunc
1438 3913 1857 3970 obliviscantur.

255 3997 334 4051 At
361 4002 557 4052 contra
585 3998 838 4070 reprobis
884 3999 1051 4054 aliter
1098 4001 1407 4071 continget,
1442 4018 1680 4072 quorum
1711 4005 1862 4059 Deus

255 4087 616 4156 omnipotens
642 4088 699 4140 in
724 4089 985 4158 praesenti
1003 4090 1333 4144 recordatur
1347 4090 1418 4144 ad
1438 4090 1561 4157 hoc,
1583 4097 1645 4146 ut
1665 4092 1713 4145 si
1732 4092 1862 4148 boni

254 4173 468 4245 aliquid
492 4175 786 4241 faciunt,in
803 4179 1066 4247 pmsenti
1082 4185 1653 4247 remunerentur,non
1679 4198 1863 4236 recor-

2058 1782 2126 1835 Et
2145 1783 2361 1849 grando
2382 1798 2588 1849 magna
2607 1784 2748 1835 sicut
2770 1784 3041 1835 talentum
3063 1783 3335 1836 descendit
3374 1785 3438 1837 de
3465 1788 3591 1842 calo

1986 1873 2049 1924 in
2078 1871 2326 1924 homines
2357 1871 2580 1924 Talenti
2600 1885 2811 1940 genera
2840 1875 2975 1924 sunt
3000 1870 3111 1924 tria
3138 1889 3149 1923 :
3177 1887 3353 1926 unum
3376 1872 3591 1929 scilicet

1981 1965 2204 2014 centum
2229 1959 2434 2029 vigenti
2455 1959 2748 2025 librarum;
2766 1948 2921 2013 aliud
2942 1960 3301 2030 septuaginta
3319 1961 3583 2031 duarum;

1978 2048 2209 2102 tertium
2237 2047 2671 2118 quinquaginta.
2700 2047 2810 2102 Sed
2834 2047 2927 2101 hic
2951 2052 3171 2102 tantum
3192 2049 3365 2103 medii
3382 2050 3585 2106 talenti

1977 2137 2042 2190 fit
2069 2137 2297 2200 mentio,
2333 2136 2479 2208 quod
2513 2135 2762 2190 continet
2790 2135 3150 2206 septuaginta
3199 2137 3340 2192 duas
3370 2137 3572 2199 libras.

1975 2225 2117 2289 Quid
2140 2231 2329 2280 autem
2351 2242 2451 2296 per
2467 2224 2823 2296 grandinem,
2839 2224 2948 2278 nisi
2969 2225 3310 2279 sententiam
3326 2228 3581 2298 omnipo-

1973 2315 2148 2369 tentis
2178 2315 2279 2368 Dei
2310 2314 2625 2385 intelligere
2646 2312 2957 2368 debemus?
2987 2312 3136 2367 unde
3154 2313 3425 2383 scriptum
3452 2319 3573 2369 est:

1972 2404 2067 2456 Ira
2088 2405 2320 2458 Domini
2347 2407 2488 2457 sicut
2527 2403 2743 2470 grando
2771 2402 3114 2456 descendens.
3160 2401 3295 2466 Quae
3342 2400 3485 2457 bene
3512 2408 3581 2457 ut

1970 2492 2246 2546 talentum
2277 2497 2640 2554 memoratur,
2677 2490 2810 2561 quia
2837 2489 3097 2544 videlicet
3123 2505 3191 2543 ex
3216 2490 3575 2561 septuaginta

1970 2580 2186 2635 duabus
2215 2580 2422 2651 linguis
2449 2584 2745 2651 peccantes
2762 2576 2986 2650 reprobi
3007 2577 3576 2644 damnabuntur,nul-

1970 2669 2169 2741 iusque
2189 2669 2257 2723 ad
2293 2676 2529 2724 mortem
2563 2666 2853 2740 praescitus
2881 2667 3027 2721 hanc
3067 2672 3302 2721 mortem
3338 2668 3563 2727 evadet.

1969 2759 2187 2814 Talenti
2200 2758 2345 2812 enim
2364 2757 2627 2830 ponderis
2642 2774 2742 2828 pro
2764 2755 3155 2826 magnitudine
3166 2755 3572 2828 vindictazﬁpsa

1965 2848 2258 2918 grandinis
2278 2848 2362 2902 ira
2381 2847 2551 2901 fuisse
2571 2844 2915 2917 perhibetur.
2932 2845 3053 2908 Qua
3066 2844 3328 2898 videlicet
3342 2845 3430 2899 ira
3447 2862 3564 2901 non

1969 2937 2074 2991 nisi
2100 2936 2467 3007 praecedentis
2491 2935 2668 3006 culpae
2724 2934 2926 2988 merito
2954 2933 3256 3004 inﬂigitur.
3294 2933 3568 2990 Praecedit

1966 3042 2097 3095 ergo
2124 3030 2411 3095 peccatum
2464 3025 2521 3078 in
2568 3023 2908 3081 hominibus,
2942 3023 3105 3092 cujus
3125 3022 3328 3077 merito
3346 3022 3564 3093 grando

1970 3110 2259 3169 descendit
2275 3114 2512 3168 decmlo.
2558 3112 2915 3167 Descendens
2936 3116 3125 3165 autem
3159 3111 3327 3181 plaga
3353 3127 3563 3182 magna

1961 3203 2228 3275 reprobos
2247 3201 2665 3272 vulnerat,quia
2688 3201 2812 3272 ipsa
2836 3199 3076 3254 districti
3091 3199 3297 3269 judicis
3326 3199 3413 3253 ira
3439 3199 3564 3270 agi-

1957 3298 2070 3357 tur,
2104 3297 2169 3346 ut
2197 3292 2292 3363 qui
2311 3297 2603 3363 peccatum
2629 3289 2990 3344 commissum
3021 3304 3193 3342 manu
3215 3288 3562 3359 pmnitentiae

1957 3383 2069 3437 cito
2090 3398 2203 3436 non
2231 3386 2483 3452 tergunt,
2515 3381 2575 3435 in
2606 3379 2759 3434 aliud
2786 3378 3035 3433 deterius
3087 3377 3317 3434 cadant.
3354 3377 3435 3432 Ex
3460 3377 3559 3432 illo

1954 3472 2161 3543 quippe
2174 3471 2407 3542 judicio,
2426 3470 2592 3540 culpa
2610 3468 2959 3537 subsequens
2998 3466 3197 3529 oritur,
3231 3482 3298 3519 ex
3318 3482 3430 3536 quo
3454 3482 3559 3522 ce-

1953 3566 2077 3614 cata
2100 3576 2258 3613 mens
2278 3559 2519 3620 ducitur,
2545 3563 2612 3611 ut
2631 3557 2791 3626 pejus
2809 3560 2865 3607 et
2893 3553 3005 3608 alio
3030 3554 3258 3623 ligetur.
3294 3553 3402 3608 Sed
3423 3571 3556 3624 pec-

1953 3655 2141 3702 catum
2173 3648 2320 3718 quod
2353 3663 2419 3700 ex
2449 3649 2679 3716 peccato
2709 3642 2910 3707 oritur,
2962 3658 3074 3696 non
3112 3642 3230 3711 jam
3258 3648 3551 3712 peccatum

1951 3735 2362 3796 tantummodo,
2387 3733 2486 3788 sed
2542 3736 2831 3803 peccatum
2863 3735 2951 3784 est
2995 3729 3165 3783 simul
3196 3736 3255 3784 et
3281 3729 3451 3800 plaga
3485 3746 3552 3784 ac

1947 3841 2113 3897 paena
2136 3822 2508 3896 peccati,quia
2516 3823 2671 3892 justo
2681 3818 2892 3889 judicio
2909 3817 3264 3890 omnipotens
3284 3819 3434 3874 Deus
3454 3835 3553 3873 cor

1946 3912 2228 3986 peccantis
2252 3910 2561 3976 obnubilat,
2604 3915 2669 3963 ut
2712 3906 3079 3979 praecedentis
3106 3906 3320 3977 peccati
3348 3906 3550 3962 merito
3584 3936 3593 3941 -

1946 4004 2117 4058 etiam
2140 4003 2197 4056 in
2221 4000 2331 4055 alio
2351 3999 2532 4054 cadat.
2557 3999 2735 4062 Quem
2781 3995 2930 4050 enim
2960 3993 3200 4049 liberare
3228 3994 3429 4060 noluit,
3454 3994 3549 4050 de-

1947 4090 2183 4145 serendo
2204 4086 2497 4160 percussit.
2522 4085 2630 4141 Sed
2660 4091 2724 4138 ut
2751 4083 3103 4138 manifestius
3125 4083 3232 4138 hoc
3249 4083 3369 4151 ﬂat,
3387 4082 3545 4138 dica-

1944 4196 2071 4234 mus
2096 4164 2200 4233 sub
2231 4176 2488 4248 exemplo
2521 4193 2534 4229 :
2565 4174 2813 4245 Papulus
2852 4173 3173 4228 Iudaeorum
3214 4172 3284 4227 de
3311 4179 3546 4243 accepta

253 4263 426 4319 datur
454 4264 525 4318 ad
557 4265 676 4331 hoc,
711 4271 776 4320 ut
806 4267 1029 4337 ﬂagella
1053 4285 1153 4339 pro
1197 4268 1314 4322 suis
1359 4268 1665 4324 sceleribus
1694 4271 1921 4359 susti-“
1942 4269 2042 4323 Dei
2070 4268 2192 4339 lege
2212 4264 2678 4359 superbienslper
2696 4269 2976 4359 tumorem
2993 4261 3179 4359 cordis
3197 4260 3453 4359 pervenit
3469 4261 3544 4359 ad

253 4358 446 4407 neant.
497 4354 560 4408 In
583 4354 770 4409 futuro
794 4372 920 4410 vero
938 4356 1150 4426 judicio
1172 4358 1633 4423 recordabuntur,
1667 4365 1730 4413 ut
1756 4377 1856 4431 pro
1876 4344 1924 4402 D
1942 4358 2149 4411 malum
2177 4354 2510 4426 negationis.
2539 4353 2598 4408 Si
2626 4352 2774 4407 enim
2808 4369 2872 4406 ex
2899 4349 3162 4422 superbia
3191 4365 3305 4421 qua
3330 4347 3541 4405 tumuit

254 4442 377 4495 suis
397 4442 638 4513 peccatis
658 4444 775 4513 igni
792 4452 1063 4516 perpetuo
1084 4446 1383 4501 tradantur
1408 4465 1421 4513 ;
1451 4464 1563 4501 non
1594 4448 1856 4502 recorda-

251 4529 470 4584 buntur
497 4531 567 4584 ad
592 4532 714 4595 hoc,
740 4538 803 4586 ut
826 4550 927 4604 pro
948 4534 1137 4604 aliquo
1158 4534 1303 4589 bono
1333 4552 1501 4606 opere
1531 4553 1855 4592 remunera-

250 4619 467 4673 tionem
497 4621 829 4692 percipiant.
861 4622 1020 4677 Unde
1051 4628 1107 4677 et
1136 4623 1225 4678 hic
1251 4623 1391 4679 bene
1416 4624 1653 4679 dicitur:
1689 4628 1860 4695 Baby-

252 4710 350 4762 lon
378 4724 586 4777 magna
609 4714 757 4763 venit
793 4713 855 4764 in
885 4714 1212 4766 memoriam
1238 4719 1371 4767 ante
1396 4715 1591 4779 Deum,
1611 4716 1745 4769 dare
1763 4718 1857 4770 illi

250 4799 480 4851 calicem
509 4801 633 4851 vini
662 4801 1071 4866 indignationis
1090 4805 1190 4856 ira:
1208 4805 1345 4871 ejus.
1380 4803 1489 4856 Per
1511 4803 1739 4857 calicem
1768 4804 1853 4858 in-

248 4883 612 4954 dignationis,
639 4903 808 4957 pmna
831 4887 1172 4959 intelligitur
1197 4890 1507 4958 infernalis,
1526 4909 1648 4962 quae
1676 4892 1854 4947 omni-

245 4969 354 5026 bus
382 4972 610 5028 dabitur
635 4975 887 5046 reprobis
916 4992 1044 5031 cum
1077 4994 1178 5032 suo
1231 4979 1413 5050 capite
1439 4979 1740 5032 damnatis.
1780 4978 1850 5051 In

247 5061 353 5114 hac
381 5067 573 5117 autem
623 5080 790 5135 paena
841 5064 1277 5121 innumerabilia
1329 5072 1497 5121 erunt
1540 5073 1844 5133 tormenta,

242 5149 396 5220 ignis
418 5150 692 5217 videlicet,
728 5152 926 5224 frigus,
960 5171 1174 5210 vermes
1221 5155 1588 5216 immortales,
1621 5162 1679 5211 et
1708 5157 1850 5211 fetor

242 5238 955 5314 intolerabilis,cseteraque
986 5244 1310 5313 hujusmodi
1341 5262 1467 5298 cum
1499 5245 1848 5299 densissimis

1938 4446 2326 4519 penitentiam
2357 4447 2569 4514 ageret,
2604 4448 2893 4514 peccatum
2937 4439 3290 4495 solummodo
3318 4438 3538 4496 fuisset.

1938 4539 2011 4590 At
2038 4535 2171 4606 quia
2197 4551 2295 4605 per
2325 4537 2606 4587 tumorem
2638 4535 3016 4603 pervenerunt
3043 4529 3113 4583 ad
3135 4528 3347 4583 Christi
3363 4544 3539 4597 nega-

1938 4625 2290 4688 tionem,non
2313 4622 2493 4677 solum
2516 4625 2804 4691 peccatum
2824 4622 2928 4681 est,
2942 4617 3039 4671 sed
3051 4612 3344 4686 peccatum
3364 4614 3537 4668 simul

1938 4720 1994 4769 et
2012 4729 2183 4769 causa
2198 4710 2431 4784 peccati,
2457 4709 2592 4780 quia
2603 4724 2666 4762 ex
2688 4723 2749 4760 se
2784 4705 2936 4760 aliud
2977 4703 3194 4774 genuit.
3231 4702 3341 4755 Per
3357 4717 3529 4773 quam

1937 4803 2107 4857 etiam
2136 4815 2367 4855 causam
2396 4798 2540 4869 lapsi
2563 4800 2697 4850 sunt
2726 4794 2785 4849 in
2828 4808 3049 4865 poenam
3077 4789 3312 4862 peccati,
3344 4794 3411 4845 ut
3437 4789 3535 4862 qui

1937 4891 2224 4946 Christum
2239 4887 2343 4943 sibi
2361 4885 2704 4958 promissum
2723 4883 3005 4954 suscipere
3024 4878 3534 4946 noluerunt,susci-

1931 4980 2089 5051 piant
2107 4968 3248 5049 quandoqueAntichristum,ipsoDomino
3268 4968 3488 5024 dicente
3515 4988 3529 5024 :

1929 5069 2044 5139 Ego
2083 5066 2209 5122 veni
2236 5066 2294 5120 in
2323 5062 2552 5119 nomine
2580 5061 2762 5116 Patris
2790 5060 2922 5125 mei,
2953 5063 3010 5112 et
3036 5074 3151 5113 non
3203 5057 3530 5130 suscepistis

1928 5174 2039 5223 me,
2063 5157 2208 5211 alius
2227 5154 2412 5210 veniet
2431 5153 2489 5207 in
2506 5150 2733 5206 nomine
2743 5164 2866 5211 suo,
2885 5147 3042 5201 illum
3070 5163 3168 5202 vos
3187 5147 3528 5221 suscipietis.

1929 5245 1994 5300 In
2022 5258 2244 5299 tumore
2270 5244 2461 5312 itaque
2488 5240 2558 5294 de
2599 5238 2738 5309 legis
2786 5235 3141 5291 observantia
3192 5236 3526 5292 Antichristi

242 5326 515 5395 tenebris,
548 5329 617 5382 de
639 5329 842 5400 quibus
869 5332 1139 5401 scriptum
1167 5338 1255 5385 est
1281 5353 1293 5387 :
1327 5331 1590 5387 Inutilem
1617 5350 1840 5388 servum
1925 5332 2279 5404 susceptione
2308 5330 2565 5402 publicus
2595 5324 2804 5382 Christi
2848 5331 3208 5397 contemptus
3236 5331 3526 5397 peccatum

242 5415 455 5477 mittite
481 5416 540 5469 in
562 5418 824 5473 tenebras
850 5420 1171 5474 exteriores.

313 5507 382 5562 Et
411 5510 596 5562 omnis
622 5511 814 5575 insula
833 5511 1001 5579 fugit,
1020 5516 1068 5565 et
1097 5516 1304 5581 montes
1327 5529 1437 5569 non
1453 5518 1584 5569 sunt
1605 5516 1837 5569 inventi.

1928 5431 1986 5479 et
2013 5424 2176 5493 plaga
2196 5426 2300 5485 est,
2317 5426 2373 5473 et
2395 5434 2565 5472 causa
2594 5414 2819 5488 peccati.
2844 5415 3141 5470 Peccatum
3164 5430 3293 5468 vero
3313 5419 3399 5467 est
3425 5427 3527 5482 per

1927 5511 2312 5585 semetipsum;
2330 5508 2495 5580 plaga
2515 5511 2705 5561 autem
2720 5505 2933 5578 peccati
2953 5504 3198 5578 est,quia
3204 5499 3524 5573 praecedens
