4048 6172
456 200 593 263 1143

872 203 1251 262 HAYMONIS
1286 207 1777 265 HALBERSTAT.
1820 207 2045 264 EPISC.
2087 207 2247 264 OPP.
2289 209 2476 265 PARS
2514 209 2561 263 Ι.
2601 234 2673 252 -
2708 204 3085 262 COMMENT.
3122 206 3308 264 BIBL.

3581 209 3613 263 1
3624 208 3725 265 144

451 325 555 383 bra
573 329 698 398 ejus
717 328 1023 401 negabunt,
1047 337 1104 386 et
1122 333 1475 388 mendacium
1498 334 1670 390 fuisse
1690 334 1895 388 dicent.
1933 333 2085 391 Ha—A
2110 339 2262 389 tutes
2309 334 3094 406 signiﬁcantureanctorum,
3128 331 3182 386 id
3233 335 3319 387 est
3353 331 3520 393 ﬁdes,
3561 349 3717 403 spes,

452 417 660 471 bentem
689 422 872 486 capita
900 425 1095 488 septem
1139 426 1188 475 et
1218 438 1430 475 cornua
1459 426 1658 480 decem.
1692 425 1799 477 Per
1827 429 2042 493 septem

450 504 636 576 capita
669 509 755 571 (ut
778 509 1163 578 supradictum
1193 516 1305 575 est)
1341 528 1536 567 omnes
1564 529 1726 583 reges
1764 512 1916 572 mali.
1948 512 2045 581 qui

446 594 682 649 fnerunt
718 594 788 649 ab
817 597 1043 651 exordio
1074 598 1267 651 mundi
1301 616 1481 670 usque
1510 602 1581 654 ad
1617 602 1785 655 finem
1834 601 2041 663 saeculi,

448 681 877 754 intelliguntur;
914 686 1047 755 quia
1076 689 1426 757 septenarius
1469 706 1740 743 numerus
1769 691 2042 743 universi-

450 775 629 825 tatem
657 773 799 827 solet
819 775 1249 829 ostendere.Per
1267 777 1456 831 decem
1480 783 1666 832 autem
1691 795 2044 837 cornua,om-

451 859 546 915 nia
593 876 765 931 regna
794 862 1017 917 diabolo
1046 869 1101 917 et
1132 865 1480 920 Antichristo
1510 866 1782 936 subjecta,
1814 868 1962 920 unde
1990 873 2047 921 et

450 947 810 1005 Danieldicit:
843 952 1020 1004 Bestia
1046 957 1250 1019 quarta
1280 959 1549 1020 quartum
1579 970 1817 1020 regnum
1847 956 1952 1006 erit
1984 956 2046 1007 in

351 1030 359 1038 ’
452 1040 777 1107 terra,quod
796 1043 980 1107 majus
990 1044 1097 1093 erit
1116 1042 1372 1095 omnibus
1393 1044 1859 1109 regnileanwu)
1874 1042 2048 1095 Porro

452 1125 645 1180 decem
676 1143 887 1181 cornua
917 1127 1094 1197 ipsius
1115 1130 1276 1199 regni
1309 1130 1501 1183 decem
1532 1147 1693 1200 reges
1716 1136 2048 1200 erunt,quos

448 1214 709 1269 videlicet
726 1216 844 1269 haec
861 1217 1224 1288 Apocalypsis
1245 1218 1302 1271 in
1324 1224 1537 1288 septem
1558 1218 1749 1272 bestiae
1771 1218 2046 1288 capitibus

450 1319 516 1357 ac
543 1303 735 1357 decem
759 1303 1020 1358 cornibus
1049 1306 1549 1360 commemoratEt
1571 1306 1677 1377 ipsi
1705 1307 1853 1360 enim
1884 1323 2044 1377 reges

449 1396 507 1446 et
529 1408 723 1461 regna,
756 1408 884 1461 pars
908 1392 1102 1446 bestiae
1127 1399 1278 1456 sunt,
1313 1395 1445 1464 quia
1474 1395 1756 1449 Christum
1784 1394 2045 1466 blasphe-

447 1486 612 1534 mant
640 1484 697 1533 et
731 1496 863 1534 voce
892 1485 950 1534 et
969 1497 1154 1551 opere.
1189 1482 1349 1536 Unde
1376 1483 1620 1537 Joannes
1647 1483 1795 1537 idem
1824 1483 1883 1537 in
1914 1484 2044 1554 Epi-

449 1567 595 1622 stola
620 1583 724 1622 sua
751 1568 915 1623 dicit:
965 1569 1158 1625 Omnis
1181 1573 1414 1639 spiritus
1456 1574 1556 1639 qui
1583 1575 1741 1625 solvit
1769 1574 1956 1625 Jesum
1987 1572 2044 1625 in

2125 423 2394 483 charitas,
2427 422 2738 483 humilitas,
2772 420 3145 474 mansuetudo
3178 427 3237 474 et
3272 426 3487 474 caetera?
3526 421 3726 489 hujus-

2126 512 2298 573 modi,
2330 512 2534 581 quibus
2563 514 2839 564 ornantur
2865 509 3218 572 fideles.Qum
3240 516 3580 564 ornamenta
3598 527 3725 563 cum

2126 601 2245 654 sola
2266 599 2471 653 habeat
2491 599 2754 660 Ecclesia,
2777 597 3053 651 fallaciter
3090 596 3195 651 sibi
3225 614 3503 669 usurpare
3529 598 3730 651 nititur

2126 690 2243 743 haec
2272 689 2477 743 mulier
2495 703 2774 757 perversa.
2801 685 3012 740 Idcirco
3042 702 3101 740 se
3140 687 3245 739 hoc
3262 685 3470 740 habere
3497 686 3731 740 simulat

2127 777 2272 847 quod
2304 793 2415 830 non
2447 775 2704 837 habet,ut
2726 791 2865 845 quos
2885 791 2997 827 non
3021 775 3268 844 potuerit
3298 791 3396 845 per
3415 774 3730 845 potentiam

2127 866 2352 919 trahere
2379 866 2447 918 ad
2478 880 2748 929 errorem,
2772 862 3015 931 decipiat
3041 879 3141 933 per
3173 863 3497 917 simulatam
3530 863 3735 916 sancti-

2126 960 2325 1018 tatem,
2353 959 2410 1008 et
2434 953 2686 1007 fraudem
2717 952 3316 1006 verisimilemﬂabens
3338 956 3601 1019 poculum
3620 968 3730 1005 au-

2129 1059 2289 1096 reum
2316 1046 2379 1096 in
2402 1058 2577 1095 manu
2608 1058 2710 1094 sua
2725 1045 2957 1109 plenum
2978 1042 3391 1094 abominatione
3408 1047 3459 1094 et
3481 1043 3735 1094 immun-

2129 1133 2273 1185 ditia
2302 1132 2695 1197 fornicationis
2726 1133 2862 1197 ejus.
2894 1129 3019 1200 Ipsa
3049 1129 3317 1183 meretrix
3346 1134 3435 1183 est
3461 1129 3731 1200 poculum

2127 1235 2360 1272 aureum
2392 1229 2622 1288 propter
2640 1216 2961 1270 simulatam
2991 1216 3366 1274 sanctitatem.
3395 1232 3568 1285 quam
3594 1233 3736 1286 prie-

2126 1307 2310 1361 tendit
2339 1306 2604 1365 exterius,
2635 1321 2761 1359 cum
2795 1305 2869 1358 sit
2895 1305 3132 1358 interius
3156 1306 3318 1374 plena
3348 1304 3734 1374 omniiniqui-

2125 1401 2243 1449 tate
2270 1401 2327 1449 et
2348 1394 2787 1456 abominatione,
2815 1392 2964 1447 unde
2994 1398 3051 1446 et
3074 1392 3349 1446 Jeremias
3375 1392 3545 1445 dicit:
3571 1392 3734 1445 Calia:

2127 1500 2335 1538 aureus
2362 1485 2606 1552 Babylon
2635 1485 2698 1535 in
2728 1498 2905 1535 manu
2930 1483 3029 1535 Dei
3056 1483 3186 1540 (Jer.
3222 1484 3313 1546 ιι).
3337 1483 3556 1536 Aurum
3579 1480 3733 1535 enim

2128 1572 2405 1626 simulata;
2460 1570 2776 1626 sanctitatis
2829 1586 2888 1623 se
2937 1586 3038 1640 per
3077 1568 3416 1640 hypocrisim
3450 1569 3641 1638 ﬁngit,
3667 1574 3735 1625 ut

448 1672 617 1711 carne
647 1656 967 1722 venisse,e:r
989 1659 1092 1711 Deo
1114 1674 1227 1712 non
1250 1663 1348 1719 est;
1371 1664 1419 1712 et
1436 1660 1526 1713 hic
1545 1665 1620 1713 est
1648 1661 2040 1727 Antichristus,
2058 1640 2106 1700 B
2127 1660 2347 1714 facilius
2374 1660 2445 1713 ad
2504 1659 2924 1713 immunditiam
2981 1657 3365 1713 fornicationis
3421 1657 3735 1728 quemlibet

446 1746 511 1798 de
524 1761 632 1813 quo
647 1746 887 1799 audistis
902 1748 1169 1814 quoniam
1184 1749 1435 1811 veniet,et
1452 1764 1603 1801 nunc
1610 1751 1738 1815 jam
1762 1751 1823 1802 in
1836 1750 2044 1803 mundo

447 1838 523 1887 est
543 1834 597 1903 (Ι
614 1835 774 1888 Joan.
800 1832 901 1902 III);
925 1839 982 1888 et
1004 1834 1154 1888 alibi:
1179 1837 1343 1889 Nunc
1369 1839 1537 1889 multi
1561 1837 1881 1890 antichristi
1906 1838 2045 1904 facti

446 1927 599 1978 sunt.
631 1922 746 1976 Nec
767 1922 977 1976 mirum
1008 1922 1056 1977 si
1103 1924 1208 1979 hoc
1247 1924 1568 1994 signiﬁcent
1593 1929 1808 1994 septem
1834 1925 2035 1995 capita,

446 2010 594 2081 quod
611 2011 803 2066 decem
835 2028 1064 2076 cornua,
1092 2028 1220 2066 cum
1252 2013 1458 2069 mulier
1485 2012 1770 2077 meretrix,
1804 2018 1862 2066 et
1879 2030 2038 2083 aquae

443 2100 719 2165 multae,et
748 2099 1057 2163 bestia,hoc
1075 2106 1258 2154 totum
1280 2118 1454 2155 unum
1477 2118 1678 2172 corpus
1706 2117 1828 2155 esse
1849 2110 2037 2156 osten-

446 2188 634 2251 datur;
667 2193 896 2258 propter
925 2189 1305 2242 diversitatem
1334 2189 1483 2242 enim
1517 2191 1787 2243 scelerum
1810 2206 1959 2244 nunc
1981 2191 2041 2245 in

445 2280 660 2345 septem
690 2274 881 2329 bestiae
909 2276 1204 2345 capitibus,
1238 2292 1387 2329 nunc
1429 2276 1486 2329 in
1534 2277 1722 2331 decem
1756 2277 2038 2339 cornibus,

443 2363 569 2434 ipsa
601 2362 779 2417 bestia
809 2364 1079 2417 dividitur
1103 2380 1227 2433 quae
1256 2370 1314 2418 et
1369 2364 1566 2418 fraude
1613 2365 1838 2435 decipit,
1887 2373 1943 2420 et
1988 2366 2040 2420 vi

444 2451 684 2524 premit;
707 2452 767 2506 in
793 2452 1234 2507 virtute.scilicet
1254 2469 1354 2523 per
1373 2459 1624 2523 apertam
1647 2454 2041 2525 potentiam,in

445 2540 620 2611 signis
650 2557 780 2595 vero
814 2548 871 2595 et
905 2540 1174 2611 prodigiis
1212 2541 1575 2596 mendacibus
1605 2558 1671 2596 ac
1720 2544 2043 2599 seductione

443 2629 782 2701 iniquitatis,
805 2646 907 2701 per
925 2629 1270 2701 hypocrisim
1298 2630 1578 2685 simulatae
1604 2631 1847 2685 virtutis.
1882 2632 2041 2695 Quod

444 2724 503 2774 et
526 2719 868 2789 generaliter
895 2719 965 2772 de
992 2718 1143 2772 omni
1171 2735 1401 2789 corpore
1431 2720 1707 2773 malorum
1729 2720 2043 2790 intelligere

444 2806 995 2879 debemus,quamvis
1014 2807 1242 2876 quidam
1263 2807 1369 2861 hoc
1387 2808 1635 2862 referant
1653 2809 1720 2862 ad
1740 2810 2039 2875 Neronem,

2126 1748 2431 1803 bibendum
2460 1748 2676 1802 invitet.
2708 1746 2937 1802 Talibus
2956 1746 3227 1802 Dominus
3247 1746 3416 1800 dicit:
3454 1748 3533 1800 ινιτ
3559 1749 3731 1813 vobis,

2126 1841 2223 1907 qui
2261 1840 2469 1891 similes
2513 1839 2639 1890 estis
2688 1839 2953 1905 sepulcris
2990 1836 3258 1889 dealbatis
3287 1834 3504 1906 (Matth.
3535 1838 3728 1898 xnu).

2124 1925 2454 1981 Abominari
2484 1925 2692 1995 quippe
2733 1930 2819 1978 est
2856 1923 3040 1993 abjici.
3074 1923 3235 1977 Unde
3277 1928 3335 1976 et
3391 1922 3453 1976 in
3500 1923 3731 1977 Psalmo

2121 2015 2330 2069 dicitur
2354 2029 2366 2062 :
2408 2016 2602 2067 Virum
2630 2016 2964 2080 sanguinem
2993 2018 3042 2065 et
3071 2013 3321 2065 dolosum
3373 2013 3726 2065 abominabi-

2122 2108 2217 2155 tur
2264 2104 2537 2156 Dominus
2563 2104 2732 2162 (Psal.
2766 2103 2837 2168 v).
2873 2101 3001 2154 Haec
3030 2116 3162 2170 ergo
3194 2100 3399 2154 mulier
3430 2100 3606 2170 plena
3643 2105 3728 2154 est

2126 2191 2560 2250 abominatione,
2589 2191 2693 2243 hoc
2719 2194 2805 2243 est
2833 2190 3000 2259 plena
3029 2194 3114 2242 est
3140 2188 3404 2258 operibus
3434 2189 3720 2259 nequitiae,

2125 2295 2227 2349 pro
2258 2277 2459 2348 quibus
2501 2278 2673 2348 digna
2719 2283 2805 2332 est
2852 2276 3291 2341 abominatione,
3324 2276 3428 2337 hoc
3458 2282 3546 2329 est
3570 2275 3727 2345 abje-

2125 2368 2329 2431 ctione,
2359 2367 2505 2437 quod
2565 2366 2755 2420 statim
2823 2364 3235 2427 manifestatur,
3267 2381 3392 2417 cum
3423 2362 3723 2419 subditur:

2123 2462 2171 2511 et
2200 2458 2568 2510 immunditia
2605 2457 2999 2523 fornicationis
3027 2452 3165 2520 ejus.
3206 2452 3444 2506 Ponitur
3478 2452 3570 2505 hic
3613 2453 3728 2506 for-

2123 2545 2351 2607 nicatio,
2379 2561 2501 2614 quae
2529 2549 2615 2598 est
2641 2543 2797 2597 radix
2847 2542 3098 2596 omnium
3143 2541 3442 2608 malorum,
3471 2557 3575 2612 pro
3606 2557 3731 2595 om-

2124 2633 2290 2687 nibus
2321 2632 2581 2703 peccatis.

2196 2723 2262 2776 Et
2292 2724 2355 2776 in
2381 2722 2563 2787 fronte
2594 2722 2710 2787 ejus
2732 2735 2931 2773 nomen
2949 2721 3242 2786 scriptum:
3264 2719 3730 2787 Mysterium:Ba-

2128 2811 2293 2879 bylon
2307 2825 2511 2877 magna
2528 2814 2707 2862 mater
2714 2810 3155 2877 fornicationum
3170 2812 3221 2860 et
3237 2808 3395 2861 abom
3407 2809 3729 2861 inationum

444 2903 761 2952 asserentes
779 2913 907 2951 eum
933 2895 1004 2951 ab
1032 2897 1226 2951 inferis
1254 2897 1790 2963 resuscitandum,et
1805 2914 2042 2969 regnum
2063 2939 2107 2998 Ο
2128 2904 2303 2953 terra.
2312 2899 2420 2953 Per
2431 2898 2673 2952 frontem
2686 2894 3387 2968 Babylonis,manifestatio
3400 2895 3733 2966 designatur

438 2985 696 3040 futurum
720 2985 1122 3057 accipiendum.

516 3076 583 3130 Et
610 3078 818 3129 mulier
845 3080 965 3129 erat
994 3075 1342 3129 circumdata
1365 3089 1628 3143 purpura
1656 3079 1705 3127 et
1727 3078 1953 3135 cocco,et
1980 3078 2043 3128 in

446 3169 655 3217 aurata
682 3179 848 3231 auro,
878 3169 927 3217 et
964 3165 1142 3231 lapide
1160 3167 1420 3231 pretioso,
1454 3168 1500 3216 et
1532 3165 1880 3231 margaritis.
1899 3162 2041 3216 Pur-

446 3268 593 3322 pura
622 3267 817 3320 regum
851 3256 938 3304 est
963 3251 1378 3312 indumentum,
1414 3256 1471 3304 et
1497 3250 1736 3321 tingitur
1773 3251 2045 3321 sanguine

446 3339 689 3411 piscium
716 3337 1160 3392 maritimorum.
1198 3337 1343 3401 Quid
1391 3337 1580 3406 itaque
1610 3354 1709 3407 per
1736 3354 2044 3408 purpuram

447 3444 557 3499 qua
587 3426 1040 3482 circumdabatur
1070 3425 1273 3478 mulier
1301 3424 1569 3479 debemus
1597 3426 2045 3496 intelligeremisi

444 3518 635 3572 fucum
667 3514 995 3586 regiminis’l
1021 3514 1177 3577 Quod
1213 3515 1360 3567 enim
1391 3514 1635 3568 Ecclesia
1667 3514 1835 3569 habet
1864 3516 1920 3569 in
1962 3533 2046 3569 ve-

444 3607 635 3671 ritate,
653 3606 759 3659 hoc
789 3604 885 3659 isti
907 3604 1170 3658 simulate
1200 3603 1502 3657 habebunt.
1528 3604 1772 3657 Ecclesia
1800 3620 2045 3674 namque

442 3695 615 3751 habet
643 3710 949 3765 purpuram
982 3700 1040 3747 et
1077 3709 1324 3755 coccum,
1350 3692 1402 3745 id
1435 3699 1521 3746 est
1552 3692 1761 3762 regiam
1792 3693 2039 3763 dignita-

442 3790 579 3848 tem,
626 3783 760 3854 quia
804 3781 975 3836 habet
1019 3797 1209 3852 regem
1260 3780 1566 3846 Christum,
1598 3786 1656 3834 et
1695 3781 1865 3835 habet
1892 3799 1957 3835 ex
1983 3800 2041 3837 se

443 3873 614 3929 etiam
643 3888 804 3942 reges
825 3872 1031 3941 plures,
1065 3870 1329 3941 quoniam
1356 3874 1413 3923 et
1440 3870 1563 3939 ipsa
1583 3870 1829 3925 Ecclesia
1844 3878 2043 3941 regnat

442 3980 545 4035 per
573 3961 880 4016 Christum.
910 3960 1007 4014 Est
1050 3960 1197 4014 enim
1246 3975 1426 4029 genus
1464 3958 1703 4012 electum
1744 3963 1803 4012 et
1828 3959 2034 4028 regale.

444 4052 555 4107 Sed
584 4051 694 4105 ista
723 4049 928 4103 mulier
969 4047 1257 4112 meretrix,
1283 4047 1340 4101 id
1383 4052 1469 4101 est
1514 4046 1696 4100 omnis
1737 4045 2041 4100 multitudo

442 4139 890 4201 malorum,dicit
911 4154 970 4191 se
990 4136 1198 4191 habere
1220 4151 1526 4207 purpuram
1550 4152 1676 4189 cum
1706 4151 1818 4188 non
1850 4134 2035 4202 habet,

2127 2985 2498 3058 operis.Unde
2509 2985 2790 3040 Dominus
2806 2984 3005 3039 dicitzA
3027 2986 3304 3053 [motibus
3324 3000 3519 3038 eorum
3542 3002 3727 3053 cogno-

2125 3078 2280 3129 scetis
2300 3091 2383 3128 eos
2407 3074 2623 3140 (Matth.
2652 3080 2769 3135 vn).
2795 3074 2937 3127 Nam
2958 3072 3089 3142 quia
3111 3071 3384 3143 Babylon,
3406 3072 3463 3125 id
3481 3078 3571 3126 est
3592 3072 3734 3128 mul-

2124 3164 2309 3218 titudo
2337 3161 2706 3233 reproborum
2739 3178 2839 3234 per
2876 3161 3218 3233 hypocrisim
3249 3161 3482 3215 simulat
3509 3179 3569 3215 se
3609 3179 3733 3217 esse

2128 3251 2274 3321 quod
2297 3267 2408 3305 non
2432 3250 2595 3314 est,id
2619 3257 2705 3304 est
2729 3251 2975 3305 ostendit
2998 3268 3057 3305 se
3080 3267 3315 3305 aureum
3343 3250 3734 3313 calicem,cum

2128 3341 2201 3394 sit
2222 3340 2387 3410 plena
2411 3340 2711 3410 iniquitate
2747 3346 2804 3393 et
2826 3339 3264 3401 abominatione,
3290 3356 3362 3393 ne
3401 3341 3731 3411 superstitio

2129 3429 2335 3483 erroris
2355 3428 2521 3499 pallio
2539 3428 2918 3482 simulationis
2943 3428 3162 3483 falleret
3181 3429 3463 3497 incautos,
3476 3446 3543 3482 ex
3564 3429 3731 3483 titulo

2126 3518 2327 3571 frontis
2363 3516 2586 3571 solliciti
2618 3517 2952 3589 redduntur,
2981 3533 3107 3570 cum
3140 3516 3217 3570 ibi
3241 3516 3516 3588 Babylon,
3548 3517 3607 3571 id
3646 3523 3731 3571 est

2126 3608 2396 3673 confusio,
2413 3603 2694 3658 scribitur.
2717 3604 2876 3659 Unde
2902 3604 3201 3658 videndum
3226 3621 3399 3676 quare
3419 3607 3607 3677 ipsum
3627 3622 3732 3660 no-

2127 3711 2253 3747 men
2274 3694 2602 3765 mysterium
2630 3693 3298 3765 appelletur.Mysterium
3324 3695 3532 3765 quippe
3548 3696 3732 3749 occul-

2123 3791 2183 3838 ta
2235 3802 2325 3838 res
2354 3801 2475 3838 esse
2518 3783 2724 3838 dicitur
2752 3784 2810 3837 in
2840 3799 2951 3854 qua
2990 3783 3143 3837 aliud
3174 3784 3413 3849 videtur,
3445 3785 3603 3839 aliud
3640 3786 3729 3839 in-

2122 3874 2411 3945 telligitur.
2445 3873 2632 3943 Opera
2663 3873 2868 3944 quippe
2898 3871 3199 3943 Babylonis
3237 3873 3574 3944 quibusdam
3597 3882 3730 3928 sunt

2124 3961 2180 4016 in
2228 3962 2430 4028 fronte,
2464 3961 2797 4032 quibusdam
2847 3962 2905 4015 in
2955 3961 3245 4033 mysterio.
3279 3961 3728 4033 Simplicioribus

2125 4050 2352 4121 quidem
2374 4049 2470 4121 qui
2491 4067 2557 4104 ea
2578 4049 2881 4120 praevidere
2902 4055 2959 4103 et
2981 4049 3299 4120 intelligere
3319 4066 3435 4104 non
3466 4056 3723 4121 possunt,

2123 4139 2454 4209 mysterium
2487 4145 2592 4200 est,
2629 4140 2761 4209 quia
2786 4138 3004 4192 occulta
3030 4144 3163 4192 sunt
3189 4138 3289 4201 eis,
3324 4154 3450 4208 quae
3475 4155 3509 4192 a
3540 4139 3727 4192 multi-

441 4228 500 4282 id
536 4234 622 4282 est
645 4244 705 4280 se
737 4225 900 4296 ﬁngit
926 4224 1134 4279 habere
1160 4240 1341 4294 reges,
1369 4223 1513 4277 sicut
1539 4223 1649 4277 fuit
1667 4224 1837 4289 Nero,
1854 4223 2079 4299 Domi-_
2119 4228 2315 4282 tudine
2336 4227 2699 4299 reproborum
2731 4232 3001 4297 gerantur
3019 4225 3723 4282 interius.Perfectioribus

443 4317 652 4380 tianus,
686 4320 743 4369 et
791 4314 978 4367 caeteri
1035 4313 1311 4366 malorum
1361 4312 1641 4382 principes
1689 4312 1783 4382 qui
1822 4296 2094 4366 divitiasD
2120 4322 2309 4370 autem
2338 4316 2393 4369 in
2413 4318 2597 4369 fronte
2623 4330 2827 4369 nomen
2850 4331 3011 4368 suum
3035 4313 3445 4384 ostendit,quia
3464 4316 3592 4384 ejus
3611 4332 3724 4370 om-

443 4406 611 4460 istius
648 4404 854 4465 saeculi,
890 4419 1013 4473 qua:
1053 4403 1330 4456 malorum
1378 4403 1596 4455 animos
1639 4402 1897 4463 illiciunt,
1936 4403 2037 4456 ha-

444 4496 727 4558 buerunt;
751 4492 847 4547 sed
869 4492 926 4546 hi
956 4491 1097 4545 tales
1117 4507 1229 4545 non
1257 4490 1487 4545 fuerunt
1515 4491 1833 4561 reges,quia
1853 4507 2035 4562 neque

442 4602 526 4653 se,
550 4599 733 4655 neque
747 4582 887 4636 alios
907 4580 1049 4635 bene
1070 4596 1265 4651 regere
1287 4580 1751 4650 potuerunt,quin
1772 4581 1958 4650 potius
1981 4586 2039 4634 et

442 4674 550 4747 ipsi
565 4673 713 4728 vitiis
728 4670 1126 4738 servierunt,et
1142 4669 1282 4723 alios
1297 4685 1399 4723 suo
1415 4669 1668 4739 exemplo
1682 4670 1752 4722 ad
1769 4668 1899 4722 vitia
1915 4685 2038 4739 per-

441 4763 719 4837 petranda
746 4765 1059 4816 traxerunt.
1084 4758 1268 4813 Habet
1292 4775 1515 4830 quoque
1546 4757 1789 4829 Ecclesia
1815 4757 2039 4812 inaura-

441 4860 558 4908 tam
581 4858 813 4915 vestem,
832 4850 890 4904 id
911 4854 997 4904 est
1015 4848 1491 4911 charitatem,sive
1513 4847 1681 4901 etiam
1703 4846 2037 4916 sapientiam

440 4942 511 4996 de
527 4958 637 5012 qua
656 4941 928 5011 scriptum
944 4939 1291 5006 estzAccipile
1306 4939 1637 5006 sapientiam
1649 4938 1791 4989 sicut
1803 4951 2035 5000 aurum;

443 5034 501 5084 et
525 5029 839 5083 Psalmista:
863 5027 1055 5084 Astitit
1084 5029 1281 5093 regina
1308 5042 1343 5079 a
1372 5027 1580 5078 demtris
1609 5030 1719 5077 tuis
1748 5028 1809 5077 in
1838 5028 2034 5079 vestitu

441 5120 708 5172 deaurato
729 5118 894 5181 (Psal.
920 5116 1177 5177 thvlJta
1191 5122 1247 5168 et
1265 5115 1379 5168 haec
1400 5114 1602 5167 mulier
1617 5113 2034 5177 meretrix,cum

437 5207 514 5262 sit
527 5204 1070 5269 stultissima,adhuc
1086 5212 1147 5257 ut
1164 5204 1414 5273 negligat
1432 5219 1554 5273 quae
1577 5201 1680 5255 sibi
1702 5202 1756 5253 in
1781 5202 2033 5255 futurum

440 5310 711 5369 prospera
731 5293 1028 5347 succedere
1051 5292 1454 5351 debeant,dicit
1474 5308 1533 5345 se
1553 5307 1674 5344 esse
1697 5290 2028 5360 sapientem,

441 5391 501 5441 et
543 5384 822 5457 gloriatur
865 5382 923 5436 in
962 5382 1118 5435 libris
1145 5382 1629 5453 philosophorum,
1664 5384 1719 5433 et
1757 5380 2031 5449 sapientia

438 5473 675 5551 humani
701 5470 875 5555 verbi.
909 5471 974 5533 In
1003 5468 1189 5561 lapide
1212 5469 1457 5561 pretioso
1485 5473 1543 5523 et
1573 5466 1898 5538 margaritis
1927 5467 2034 5525 vir-

2120 4406 2216 4460 nia
2236 4423 2402 4476 opera
2435 4405 2594 4459 facile
2625 4411 2987 4474 cognoscunt.
3018 4404 3087 4458 Et
3124 4404 3248 4457 ideo
3281 4420 3491 4458 nomen
3512 4406 3638 4475 ejus
3665 4405 3720 4457 in

2116 4494 2302 4548 fronte
2324 4493 2548 4564 quidem
2580 4500 2684 4554 est,
2717 4492 2813 4546 sed
2847 4498 3037 4545 tamen
3057 4491 3112 4545 in
3144 4492 3414 4563 mysterio
3432 4493 3718 4559 scribitur;

2120 4585 2252 4654 quia
2277 4582 2612 4654 quibusdam
2642 4582 2700 4635 in
2721 4588 2915 4652 aperto
2947 4581 3280 4645 ostenditur,
3304 4580 3645 4651 quibUsdam
3663 4581 3721 4635 in

2120 4672 2390 4743 mysterio
2420 4671 2721 4725 clauditur.
2754 4671 2957 4740 Magna
2988 4669 3194 4723 dicitur
3218 4668 3471 4740 Babylon
3493 4675 3723 4741 propter

2121 4758 2539 4813 multitudinem
2558 4756 2924 4828 reproborum
2938 4758 3043 4817 .vel
3064 4760 3294 4828 prOpter
3321 4757 3720 4812 enormitatem

2120 4848 2414 4902 scelerum.
2451 4849 2627 4901 Mater
2671 4849 3133 4915 fornicationum,
3168 4846 3225 4900 id
3267 4852 3353 4900 est
3388 4847 3554 4902 radix
3599 4865 3723 4902 om-

2120 4938 2275 4991 nium
2310 4937 2623 5002 malorum;
2659 4951 2787 4989 nam
2821 4944 2877 4988 et
2914 4940 3204 5006 peccatum
3234 4951 3266 4988 a
3306 4936 3546 4990 muliere
3575 4937 3722 5008 cepit

2117 5026 2362 5090 initium,
2386 5042 2508 5096 quae
2529 5024 2775 5094 suscepit
2792 5040 2982 5077 semen
3012 5023 3239 5088 diaboli,
3265 5025 3426 5093 quasi
3453 5025 3716 5088 adulteri,

2115 5115 2172 5168 id
2207 5120 2289 5168 est
2322 5130 2547 5184 pravam
2581 5113 2701 5180 eius
2730 5111 3170 5181 suggestionem,
3200 5117 3257 5165 et
3280 5114 3498 5183 peperit
3521 5130 3718 5183 pecca-

2116 5207 2258 5267 tum,
2307 5208 2671 5255 contemnens
2710 5208 3048 5269 praeceptum
3096 5199 3342 5262 Domini,
3391 5218 3516 5271 quae
3545 5202 3717 5255 etiam

2116 5297 2311 5362 postea
2339 5291 2513 5344 virum
2546 5288 2784 5359 decepit,
2814 5294 2871 5341 et
2908 5289 2989 5341 sic
3017 5305 3209 5342 semen
3241 5290 3457 5360 peccati
3492 5291 3563 5344 ad
3616 5307 3715 5345 nos

2116 5395 2294 5448 usque
2324 5377 2657 5432 transmisit.
2677 5376 2856 5430 Ambo
2887 5393 3020 5446 ergo
3046 5377 3259 5447 peccati
3280 5378 3568 5447 genitores
3590 5377 3713 5431 fue-

2116 5470 2269 5534 runt,
2305 5466 2438 5538 quia
2463 5467 2687 5529 adulter
2715 5471 2773 5523 et
2813 5465 3081 5529 meretrix
3111 5482 3290 5522 unum
3333 5482 3540 5539 corpus
3569 5466 3713 5523 efﬁci
