4048 6172
296 278 441 338 1145
1249 275 1635 334 EXPOSITIO
1658 276 1738 334 IN
1761 276 1899 334 APO

1983 277 2285 334 LLYPSIN.
2309 305 2374 317 -
2401 275 2540 332 LIB.
2558 274 2656 330 VI.
3444 266 3581 328 1146

296 407 629 460 meruerunt
676 403 779 459 Vel
804 407 958 458 certe
981 406 1164 457 mater
1189 401 1644 461 fornicationum.
1686 418 1895 474 praece-
1914 404 1961 463 A
1979 404 2271 469 interﬁciet
2297 403 2503 469 spiritu
2531 401 2646 453 oris
2672 400 2764 451 sui
2793 398 2872 469 (II
2896 397 3070 451 Thess.
3096 398 3185 466 II).
3211 393 3373 460 Quod
3400 398 3459 449 et
3483 410 3585 466 ge-

298 493 439 549 dens
462 493 753 563 generatio
778 492 1131 562 intelligitur,
1156 508 1278 561 qua:
1304 490 1620 545 imitatione
1638 508 1899 563 perversa
1979 492 2248 545 neraliter
2263 490 2332 544 de
2358 488 2511 544 omni
2533 502 2764 558 corpore
2786 487 3062 540 malorum
3086 484 3401 554 intelligere
3420 483 3584 538 debe-

300 588 358 636 et
394 582 649 653 exemplo
690 582 838 635 malo
877 580 1053 635 malos
1091 580 1320 650 reliquit
1357 578 1694 636 imitatores.
1743 580 1899 634 Sicut
1981 596 2125 637 mus.
2151 577 2404 649 quamvis
2425 577 2654 647 quidam
2674 576 2780 630 hoc
2805 575 3054 629 referant
3079 574 3151 629 ad
3173 575 3472 637 Neronem,
3499 588 3585 626 as-

300 670 447 725 enim
471 687 663 725 semen
674 671 957 740 justorum
980 668 1294 723 imitatores
1313 668 1581 723 dicuntur
1600 667 1898 729 bonorum,
1980 672 2232 721 serentes
2273 682 2401 720 eum
2431 664 2501 719 ab
2528 664 2723 719 inferis
2753 664 3225 729 resuscitandum,
3256 666 3315 716 et
3347 676 3587 731 regnum

298 759 449 814 unde
479 765 583 824 est,
614 760 902 815 Generatio
925 763 1203 811 rectorum
1234 758 1574 810 benedicetur
1597 776 1612 809 :
1635 762 1692 810 et
1715 757 1794 811 sic
1817 774 1899 811 se-
1980 757 2235 810 futurum
2266 754 2671 825 accipiendum.
2707 754 2773 806 Et
2801 752 3169 807 mirabuntur
3204 751 3583 804 inhabitantes

298 863 431 901 men
449 847 749 919 impiorum
770 847 1036 901 dicuntur
1055 846 1277 899 illorum
1300 844 1632 899 imitatores.
1660 846 1900 916 Ideoque
1986 849 2215 897 terram.
2240 841 2630 897 Inbabitantes
2656 846 2889 897 terram.
2915 837 3137 910 reprobi
3166 837 3583 907 intelliguntur,

297 934 548 1006 Babylon
575 935 634 989 in
664 941 923 990 auctores
953 934 1465 1004 transgressionum
1496 939 1679 987 mater
1705 934 1903 1006 appel-
1984 933 2082 1004 qui
2109 920 2297 986 mente
2324 936 2536 985 terram
2566 928 2903 991 inhabitant,
2948 936 3005 982 et
3031 926 3270 982 terrenis
3302 925 3469 988 rebus
3493 924 3583 979 in-

298 1024 451 1079 latur
467 1024 927 1079 fornicationum.
1984 1022 2201 1076 haerent
2223 1037 2324 1092 per
2351 1019 2691 1075 desiderium
2713 1018 2906 1073 animi.
2932 1018 3001 1071 Hi
3023 1033 3151 1072 cum
3172 1014 3414 1070 viderint
3430 1014 3588 1069 dam-

368 1114 435 1167 Et
462 1115 581 1168 vidi
603 1116 895 1167 mulierem
919 1114 1132 1166 ebriam
1165 1113 1228 1166 de
1255 1114 1528 1180 sanguine
1554 1117 1897 1179 sanctorum,
1983 1115 2180 1165 natum
2196 1108 2598 1173 diabolum,cui
2614 1106 3130 1178 crediderunt,quia
3144 1103 3585 1160 maximehocad

299 1206 346 1254 et
376 1202 439 1254 de
470 1204 744 1269 sanguine
772 1204 1092 1267 martyrum
1118 1202 1267 1255 .Iesu.
1292 1200 1452 1264 Quod
1479 1199 1620 1254 vidit
1635 1201 1899 1267 Joannes,

301 1288 453 1343 videt
474 1289 658 1343 omnis
678 1288 939 1355 Ecclesia,
966 1290 1127 1358 cujus
1147 1288 1241 1343 ille
1266 1290 1505 1358 ﬁguram
1532 1288 1783 1359 gerebat.
1808 1290 1904 1344 Di-

301 1378 379 1431 cit
408 1393 542 1447 ergo
566 1394 579 1430 :
614 1378 733 1430 Vidi
762 1380 1073 1437 mulierem,
1097 1377 1155 1431 id
1185 1384 1270 1431 est
1298 1379 1575 1433 malorum
1604 1394 1907 1450 congrega-

297 1465 530 1529 tionem,
557 1466 769 1519 ebriam
791 1466 856 1518 de
883 1469 1155 1533 sanguine
1174 1472 1513 1529 sanctorum,
1537 1467 1595 1521 id
1616 1473 1699 1522 est
1723 1469 1874 1539 reple
1889 1500 1904 1511 -

298 1566 415 1607 tam
439 1554 683 1608 vindicta
703 1554 773 1608 de
796 1554 1069 1623 sanguine
1098 1560 1439 1618 sanctorum,
1468 1561 1517 1609 et
1540 1557 1604 1609 de
1632 1560 1905 1625 sanguine

299 1648 625 1710 martyrum
644 1645 788 1697 Jesu.
815 1644 882 1696 1n
901 1643 1005 1697 hoc
1027 1660 1189 1697 versu
1209 1649 1326 1697 tam
1346 1644 1522 1698 Judaei
1544 1661 1713 1715 quam
1734 1646 1905 1700 etiam

1986 1215 2082 1253 eos
2097 1199 2343 1270 pertinet
2355 1197 2451 1270 qui
2473 1197 2879 1251 Antichristum
2894 1213 2993 1268 pro
3010 1196 3125 1250 Deo
3136 1199 3270 1249 sunt
3281 1193 3583 1266 recepturi,

1986 1286 2418 1343 admirabuntur
2432 1285 2683 1340 dicentes
2698 1285 2769 1339 ad
2789 1285 3027 1339 invicem
3042 1301 3053 1336 :
3078 1286 3319 1339 Haecine
3333 1288 3453 1337 erat
3470 1299 3584 1352 spes

1988 1383 2179 1432 nostra
2196 1377 2345 1441 (Isai.
2366 1375 2482 1439 xx)?
2502 1375 2571 1428 Et
2585 1374 2657 1427 ad
2676 1374 2863 1445 ipsum
2880 1390 2941 1427 se
2959 1377 3347 1426 convertentes
3366 1372 3583 1426 dicent:

1988 1467 2125 1521 Ecce
2163 1465 2259 1536 qui
2304 1470 2361 1518 te
2398 1463 2716 1535 putavimus
2759 1462 3065 1528 Christum,
3115 1460 3333 1531 decepti
3366 1476 3583 1527 sumus,

1986 1557 2120 1611 dum
2150 1554 2315 1608 modo
2342 1559 2400 1607 te
2427 1553 2687 1607 damnari
2713 1552 2986 1606 videmus.
3030 1552 3277 1619 Quorum
3314 1565 3428 1603 non
3454 1554 3589 1604 sunt

1986 1647 2192 1712 scripta
2219 1645 2449 1696 nomina
2480 1643 2543 1696 in
2576 1643 2715 1695 libro
2744 1644 2865 1694 vita:
2886 1655 2921 1692 a
2950 1641 3338 1692 constitutione
3361 1638 3584 1691 mundi.

297 1730 538 1803 gentiles
569 1731 1128 1802 comprehenduntur
1158 1746 1170 1779 :
1200 1731 1282 1785 illi
1309 1732 1456 1787 enim
1487 1733 1755 1789 fuderunt
1782 1751 1907 1788 san-
1926 1714 2158 1787 BLiber
2182 1731 2306 1786 vita:
2332 1732 2426 1801 jus
2454 1729 2763 1784 divinitatis
2788 1734 2889 1787 est.
2924 1729 2981 1782 id
3026 1732 3111 1782 est
3152 1726 3505 1798 praescientia
3531 1730 3591 1780 et

297 1820 531 1891 guinem
553 1821 974 1891 prophetarum,
999 1820 1092 1875 isti
1116 1826 1306 1875 autem
1330 1822 1711 1891 apostolorum
1730 1829 1788 1877 et
1806 1840 1909 1877 cce-

298 1913 553 1963 terorum
568 1913 908 1979 martyrum.
928 1909 1173 1980 Ideoque
1191 1909 1490 1963 vindictam
1509 1910 1668 1964 ell‘usi
1685 1912 1910 1981 sangui-

300 1997 391 2051 nis
437 2003 557 2051 tam
610 1998 789 2052 Judaei
827 2014 995 2068 quam
1038 1998 1279 2068 gentiles
1317 1998 1696 2055 sustinebunt.
1748 2001 1908 2055 Unde

298 2086 575 2140 Dominus
591 2085 730 2140 dicit
747 2087 805 2140 in
822 2086 1124 2156 Evangelio
1147 2105 1159 2140 :
1183 2089 1363 2141 Amen
1386 2087 1510 2142 dico
1526 2089 1700 2155 vobis,
1723 2090 1905 2161 requi-

298 2179 460 2228 retur
483 2174 713 2244 sanguis
742 2174 993 2228 omnium
1020 2175 1116 2245 qui
1146 2176 1354 2229 elfusus
1383 2180 1469 2229 est
1496 2193 1667 2248 super
1694 2182 1905 2232 terram

300 2279 335 2316 a
356 2263 630 2333 sanguine
650 2262 788 2318 Abel
808 2263 949 2333 justi
974 2280 1151 2334 usque
1178 2263 1248 2318 ad
1274 2264 1605 2335 sanguinem
1628 2266 1905 2322 Zachariae

298 2366 335 2404 a
351 2351 718 2421 generatione
742 2351 847 2405 hac
874 2351 1119 2422 pessima
1142 2354 1287 2418 (Luc.
1312 2360 1410 2417 ιι).
1433 2353 1536 2406 Vel
1567 2359 1738 2420 certe,
1761 2354 1907 2409 sicut

301 2455 477 2510 supra
504 2439 712 2494 dictum
743 2444 850 2505 est,
880 2440 1110 2510 sanguis
1138 2441 1560 2511 prophetarum,
1595 2442 1906 2512 spiritualis

298 2527 525 2583 illorum
556 2527 891 2600 intelligitur
916 2545 1134 2593 sensus,
1158 2546 1323 2600 quem
1346 2531 1442 2600 qui
1463 2531 1606 2584 male
1630 2531 1907 2602 interpre-

296 2616 471 2670 tando
491 2623 808 2687 pervertere
836 2617 894 2671 in
914 2618 1193 2672 carnalem
1216 2634 1445 2672 sensum
1473 2635 1584 2674 non
1618 2624 1898 2685 metuunt,

296 2702 446 2758 sicut
468 2703 682 2759 faciunt
707 2704 907 2770 Judaei,
937 2704 1239 2761 vindictam
1272 2706 1433 2761 effusi
1462 2708 1753 2778 sanguinis
1777 2725 1902 2763 sus-

294 2790 578 2858 tinebunt,
612 2793 835 2864 quando
867 2793 1140 2865 quidquid
1172 2795 1338 2849 vitale
1367 2796 1596 2862 habent,
1630 2798 1893 2867 perdent.

293 2880 363 2936 Et
399 2883 643 2936 miratus
680 2898 829 2949 sum,
859 2898 985 2935 cum
1012 2882 1266 2953 vidissem
1305 2886 1488 2948 illam,
1522 2886 1901 2941 admiratione

1988 1820 2406 1892 praedestinatio
2436 1818 2837 1890 omnipotentis
2868 1817 2986 1872 Dei.
3016 1818 3088 1871 Hi
3116 1816 3266 1870 enim
3295 1814 3392 1885 qui
3421 1814 3589 1868 Anti-

1989 1910 2261 1965 christum
2282 1913 2592 1979 sequentur
2610 1924 2721 1962 non
2742 1912 2873 1961 sunt
2899 1907 2970 1960 ad
2990 1907 3162 1960 vitam
3184 1903 3590 1976 praedestinati,

1987 1998 2045 2052 id
2067 2003 2152 2052 est
2173 1998 2552 2069 praeordinati,
2578 1996 2712 2068 quia
2730 2013 2793 2051 ex
2817 1996 2903 2050 his
2928 2011 3094 2050 nemo
3116 1993 3341 2066 peribit,
3364 2009 3503 2064 quos
3518 1990 3590 2047 ab
3634 2008 3637 2009 '

1987 2087 2151 2143 initio
2176 2086 2373 2140 mundi
2399 2087 2550 2140 Deus
2576 2085 2871 2140 salvandos
2899 2083 3331 2156 praedestinavit,
3364 2082 3434 2137 de
3462 2081 3592 2153 qui-

1988 2176 2093 2230 bus
2120 2176 2423 2246 Apostolus
2447 2196 2458 2227 :
2487 2176 2626 2242 Quos
2654 2178 2923 2243 praesciuit
2953 2180 3003 2227 et
3025 2174 3437 2241 przdestinauit
3466 2186 3593 2225 con-

1986 2269 2189 2334 formes
2221 2267 2348 2332 ﬁeri
2384 2263 2659 2319 claritatis
2701 2280 2816 2317 suae
2850 2266 3016 2323 lRom.
3052 2264 3189 2330 vui).
3235 2261 3404 2315 Novit
3437 2260 3590 2315 enim

1987 2354 2138 2425 Deus
2158 2352 2362 2423 quibus
2382 2351 2633 2406 dicturus
2654 2357 2741 2405 est
2765 2369 2776 2404 :
2802 2354 2877 2405 Ite
2907 2353 2969 2404 in
2996 2353 3181 2418 ignem
3205 2354 3509 2417 aeternum;
3533 2352 3593 2403 et

1990 2441 2193 2513 quibus
2228 2459 2240 2495 :
2284 2442 2481 2504 Venite,
2532 2441 2797 2494 benedicti
2838 2441 3022 2493 Patris
3068 2441 3177 2492 mei
3205 2437 3425 2508 (Matth.
3455 2437 3589 2500 xxx).

1999 2533 2240 2585 Videntes
2266 2531 2511 2593 bestiam,
2543 2528 2602 2582 id
2630 2533 2717 2583 est
2744 2527 3052 2582 diabolum.
3094 2528 3220 2594 Quae
3251 2531 3372 2581 erat
3398 2526 3458 2580 in
3486 2543 3590 2597 po-

1987 2620 2166 2674 tentia
2193 2635 2398 2689 magna
2427 2625 2560 2673 ante
2586 2615 2887 2672 adventum
2929 2616 3056 2673 Filii
3099 2615 3217 2669 Dei.
3254 2616 3319 2669 Et
3348 2630 3462 2669 non
3488 2620 3588 2680 est,

1986 2709 2120 2780 quia
2144 2707 2335 2762 ablata
2365 2712 2453 2762 est
2479 2707 2530 2761 ei
2558 2712 2825 2778 potestas.
2858 2705 3004 2759 sicut
3030 2720 3204 2776 supra
3228 2703 3444 2757 dictum
3480 2707 3585 2767 est,

1986 2814 2086 2869 per
2108 2797 2427 2868 passionem
2440 2796 2567 2850 Filii
2578 2794 2698 2853 Dei:
2718 2795 2802 2849 vel
2822 2794 2947 2856 fuit,
2964 2794 3092 2865 quia
3111 2793 3171 2846 in
3190 2790 3460 2847 membris
3468 2791 3587 2846 suis

1977 2887 2100 2958 jam
2128 2885 2408 2958 apparuit,
2435 2891 2493 2940 et
2516 2900 2629 2939 non
2661 2889 2765 2948 est,
2801 2882 3069 2954 quoniam
3099 2882 3283 2937 adhuc
3310 2879 3589 2936 membro-

292 2985 522 3037 magna.
548 2968 641 3023 Sic
663 2975 721 3024 et
743 2969 920 3023 sancti
942 2970 1078 3025 dum
1099 2971 1457 3026 considerant
1476 2973 1726 3043 quotidie
1748 2975 1956 3047 «lam-ﬁ
1982 2992 2109 3030 rum
2139 2980 2309 3047 caput
2335 2991 2437 3046 per
2462 2973 2824 3045 semetipsum
2855 2971 3096 3027 necdum
3122 2970 3404 3042 apparuit.

389 3024 413 3037 υ
994 3024 999 3025 κ
1110 3024 1147 3025 η
1217 3024 1249 3025 η
1484 3024 1878 3043 1—-~——-v~-m—
1985 3024 2109 3030 -----
2143 3024 2308 3047 ητη
2336 3024 2425 3046 τν-
2462 3024 2823 3045 "mn—rm-
3159 3024 3216 3042 ..
3314 3024 3322 3025 κ

291 3057 581 3113 nationem
603 3058 967 3130 reproborum
990 3061 1243 3115 omnium
1269 3060 1563 3128 mirantur,
1585 3078 1687 3117 cur
1705 3024 1959 3119 miseriC
2050 3066 2119 3119 Et
2148 3066 2239 3119 hic
2266 3070 2342 3119 est
2369 3079 2558 3119 sensus
2588 3082 2604 3116 :
2638 3062 2743 3130 Qui
2771 3063 2927 3115 habet
2957 3062 3312 3130 sapientiam,
3342 3058 3449 3114 hoc
3477 3062 3582 3124 est,

290 3161 406 3200 non
436 3146 811 3212 considerant,
838 3164 960 3219 quae
978 3154 1264 3203 tormenta
1288 3149 1397 3213 sibi
1423 3150 1773 3207 immineant.

370 3236 439 3289 Et
454 3238 599 3290 dixit
620 3237 764 3289 mihi
781 3240 1011 3303 angelus
1035 3256 1048 3290 :
1076 3239 1191 3293 Cur
1211 3243 1445 3293 miraris
1460 3246 1485 3293 ?
1510 3240 1600 3295 Sic
1622 3241 1794 3296 etiam
1818 3242 1900 3297 di-

290 3324 441 3378 citur
462 3324 719 3379 Ecclesiae
734 3341 769 3378 a
784 3325 1007 3380 Christo
1027 3342 1129 3398 per
1140 3326 1419 3381 internam
1436 3329 1865 3400 inspirationem
1882 3349 1894 3385 :

292 3412 410 3467 Cur
430 3413 654 3467 miraris
680 3419 963 3469 tormenta
983 3417 1347 3485 reproborum
1372 3422 1431 3470 et
1457 3418 1750 3488 supplicia,
1776 3436 1900 3489 quae

290 3500 405 3555 illis
443 3514 576 3556 sunt
611 3502 799 3557 futura
822 3504 977 3572 justo
1008 3503 1109 3557 Dei
1142 3503 1403 3573 judicio?
1440 3506 1549 3573 Ego
1581 3508 1683 3559 tibi
1713 3509 1899 3563 dicam

291 3597 703 3645 sacramentum
744 3595 1020 3658 mulieris,
1062 3597 1110 3645 et
1158 3595 1331 3647 bestia:
1366 3610 1485 3662 qua:
1514 3601 1703 3663 portat
1740 3612 1889 3655 eam.

289 3679 359 3734 Id
388 3685 494 3749 est,
522 3696 625 3749 ego
645 3680 747 3734 tibi
773 3680 1064 3735 ostendam
1089 3681 1223 3751 quid
1252 3682 1527 3752 signiﬁcet
1558 3682 1653 3737 illa
1672 3685 1895 3752 mulier,

290 3773 350 3822 et
373 3768 504 3838 quid
538 3768 731 3834 bestia,
759 3776 815 3823 et
836 3770 1204 3825 manifestabo
1225 3771 1398 3825 etiam
1418 3772 1643 3826 illorum
1662 3773 1898 3829 damna-

287 3857 527 3912 tionem.
558 3859 683 3924 θυαε
713 3860 868 3912 habet
896 3862 1079 3928 capita
1103 3865 1320 3928 septem,
1352 3865 1399 3914 et
1426 3876 1638 3915 cornua
1674 3862 1851 3916 decem
1876 3880 1893 3925 ;

287 3945 349 4000 id
388 3952 474 4000 est
511 3963 708 4001 omnes
745 3964 907 4018 reges
943 3948 1229 4019 reprobos,
1273 3954 1331 4003 et
1364 3950 1552 4004 omnia
1589 3950 1670 4003 illi
1722 3967 1898 4022 regna

290 4033 561 4104 subjecta.

362 4126 539 4178 Bestia
559 4141 730 4192 quam
750 4125 942 4178 vidisti
958 4127 1071 4193 fuit
1091 4131 1141 4180 et
1170 4142 1282 4180 non
1305 4132 1399 4180 est.
1429 4127 1622 4182 Bestia
1643 4127 1896 4184 diabolus

290 4218 396 4278 est,
434 4212 580 4267 sicut
618 4230 764 4285 saepe
793 4213 1002 4268 dictum
1037 4219 1140 4276 est,
1174 4215 1270 4285 qui
1299 4215 1407 4269 fuit
1432 4216 1503 4270 ab
1531 4217 1758 4271 exordio
1790 4234 1895 4273 sae-

1982 3153 2301 3209 intellectus
2325 3158 2411 3208 est
2448 3152 2529 3207 illi
2558 3152 2909 3206 necessarius
2946 3151 3005 3205 in
3035 3149 3140 3204 hoc
3166 3150 3307 3204 loco.
3341 3148 3449 3213 Qui
3478 3148 3587 3203 ha~

1980 3240 2077 3295 bet
2092 3242 2448 3313 sapientiam,
2464 3242 2571 3296 hoc
2587 3244 2674 3295 est
2688 3238 3137 3311 intelligentiam.
3148 3238 3361 3307 Septem
3377 3240 3581 3306 capita,

1980 3336 2180 3400 septem
2210 3336 2417 3385 montes
2444 3336 2596 3394 sunt,
2617 3346 2780 3399 super
2800 3345 2933 3397 quos
2959 3330 3098 3383 sedet
3128 3330 3335 3381 mulier
3361 3331 3411 3381 et
3434 3341 3583 3393 reges

1980 3425 2115 3474 sunt
2141 3426 2355 3489 septem.
2386 3420 2735 3490 Frequenter
2761 3418 2974 3473 dictum
3003 3421 3107 3479 est.
3140 3417 3201 3472 in
3243 3430 3585 3487 unaquaque

1980 3490 2165 3578 specie
2192 3522 2373 3577 genus
2420 3506 2751 3576 plerumque
2790 3520 2951 3576 posse
2990 3503 3249 3567 inveniri,
3278 3503 3426 3558 sicut
3456 3501 3576 3559 hic.

1981 3596 2139 3658 Quod
2183 3595 2331 3650 enim
2368 3593 2567 3659 bestia,
2609 3594 2713 3647 hoc
2751 3599 2968 3662 septem
3009 3592 3212 3662 capita,
3254 3597 3312 3645 et
3363 3595 3583 3661 septem

1980 3689 2219 3742 montes.
2251 3687 2580 3753 septemque
2604 3697 2783 3751 reges,
2816 3681 2873 3733 id
2904 3686 2991 3734 est
3019 3680 3279 3734 universa
3303 3679 3585 3733 malorum

1980 3790 2131 3846 pars,
2155 3788 2279 3842 quae
2306 3771 2365 3825 in
2386 3770 2697 3841 praepositis
2717 3776 2987 3841 tanquam
3017 3769 3077 3823 in
3096 3767 3319 3838 regibus
3338 3772 3579 3835 constat,

1979 3868 2036 3917 et
2062 3859 2330 3931 subjectis
2360 3858 2634 3931 plebibus.

2050 3952 2302 4017 Quinque
2343 3948 2676 4001 ceciderunt.
2726 3946 2793 4001 In
2841 3947 3091 4019 quinque
3128 3945 3352 4018 regibus
3390 3946 3582 4019 accipe

1979 4039 2227 4111 quinque
2257 4052 2456 4091 sensus
2480 4036 2751 4107 corporis,
2775 4036 2872 4107 qui
2900 4035 3196 4090 infantiam
3224 4040 3477 4090 nostram
3496 4052 3583 4091 rc-

1976 4133 2139 4199 gunt,
2163 4125 2296 4197 quia
2316 4124 2653 4179 naturaliter
2672 4124 2993 4187 leniatactu
3015 4125 3353 4197 appetimus,
3379 4141 3582 4197 sapore

1978 4232 2254 4281 amamus,
2305 4230 2513 4269 canora
2548 4218 2607 4268 et
2643 4230 2888 4269 consona
2924 4214 3247 4285 quaerimus,
3286 4212 3580 4269 odoriferis

289 4302 402 4357 culi
430 4302 489 4356 in
521 4302 624 4356 hoc
646 4302 876 4367 mundo,
899 4301 1088 4373 ibique
1109 4302 1294 4356 tenuit
1321 4303 1695 4375 principatum
1717 4323 1895 4377 usque
1912 4305 2325 4398 l)delectamur
2361 4309 2418 4357 et
2454 4303 2703 4374 pulchris
2736 4303 2877 4358 visu.
2910 4304 3147 4376 Reliqua
3175 4303 3263 4357 his
3298 4301 3583 4359 contraria

288 4391 360 4445 ad
383 4392 607 4445 Domini
629 4392 953 4446 adventum.
978 4398 1036 4444 et
1058 4391 1117 4444 in
1138 4391 1401 4446 cordibus
1426 4393 1716 4448 hominum
1750 4396 1895 4449 male
1912 4391 1953 4398 -
1977 4393 2131 4448 omni
2153 4392 2320 4446 modo
2340 4392 2669 4462 refugimus,
2693 4410 2815 4463 quae
2840 4399 2972 4447 sunt
2998 4409 3212 4459 amara,
3232 4393 3478 4456 dissona,
3506 4395 3582 4447 te-

287 4479 611 4551 potiebatur
638 4480 934 4549 potestatis
963 4479 1219 4550 imperio.
1254 4481 1361 4535 Sed
1404 4490 1700 4553 postquam
1730 4484 1893 4538 Chri-

289 4574 412 4621 stus
437 4566 608 4627 venit.
638 4571 696 4621 et
733 4567 791 4620 in
820 4583 925 4622 sua
964 4574 1146 4621 morte
1187 4568 1386 4623 mortis
1412 4569 1689 4624 destruxit
1718 4572 1896 4642 impe-

286 4658 459 4722 rium,
508 4655 742 4710 abstulit
789 4656 840 4709 ei
881 4662 1237 4727 potestatem.
1270 4662 1327 4711 et
1364 4658 1529 4728 ejecit
1557 4675 1685 4713 eum
1725 4659 1893 4727 foras,

285 4745 525 4816 ideoque
546 4746 668 4815 jam
693 4760 806 4798 non
834 4748 935 4808 est,
962 4745 1095 4815 quia
1124 4747 1543 4817 comparatione
1573 4747 1773 4818 prioris
1802 4765 1898 4820 po-

284 4833 496 4899 tentiae,
520 4848 767 4903 praesens
798 4831 946 4885 illius
964 4838 1213 4903 potestas
1233 4834 1391 4887 nulla
1407 4841 1511 4889 est.
1536 4835 1665 4890 Fuit
1681 4853 1814 4908 ergo
1834 4838 1895 4893 in

283 4921 731 4995 praecedentibus
761 4920 1049 4987 membris,
1073 4938 1186 4975 non
1215 4928 1301 4976 est
1327 4922 1386 4976 in
1415 4925 1797 4994 sequentibus.
1827 4928 1893 4981 Et

285 5027 585 5068 ascensura
608 5016 681 5063 est
706 5012 768 5063 de
787 5016 1002 5078 abysso,
1026 5010 1133 5064 hoc
1153 5015 1257 5073 est,
1280 5011 1348 5065 de
1371 5012 1751 5082 profunditate
1773 5031 1894 5084 per-

283 5100 428 5155 ﬁdiae
461 5100 783 5154 Iudaeorum
816 5105 1098 5163 nascetur,
1127 5101 1289 5169 juxta
1314 5099 1486 5153 illud:
1518 5101 1638 5154 Fiat
1664 5103 1787 5155 [Jan
1807 5118 1896 5156 co-

285 5192 442 5244 luber
466 5193 533 5242 in
561 5192 652 5242 via
676 5192 699 5259 (
703 5188 813 5244 Gen
863 5195 1032 5251 χιιι).
1059 5188 1381 5242 Notandum
1408 5194 1596 5242 autem
1629 5190 1775 5259 quod
1807 5191 1894 5244 di-

283 5278 360 5332 cit
386 5278 670 5342 ascendet,
696 5276 828 5347 quia
861 5276 1117 5330 videlicet
1147 5276 1216 5330 ab
1245 5277 1368 5347 ipsa
1396 5293 1499 5330 sua
1527 5277 1764 5331 infantia
1788 5280 1895 5334 ele-

284 5366 525 5431 vabitur,
551 5365 825 5419 extollens
846 5380 905 5417 se
926 5379 1097 5434 super
1126 5380 1290 5417 omne
1322 5364 1471 5434 quod
1502 5364 1707 5419 dicitur
1732 5366 1888 5432 deus,

283 5460 383 5509 aut
399 5455 547 5526 quod
565 5454 785 5509 colitur.
803 5455 867 5507 Et
886 5456 947 5507 in
969 5455 1263 5506 interitum
1280 5453 1402 5517 ibit,
1418 5453 1474 5507 id
1492 5459 1578 5507 est
1593 5454 1650 5508 in
1666 5454 1897 5511 damna-

282 5544 499 5599 tionem
520 5547 870 5619 perpetuam.
886 5541 1056 5598 Juxta
1073 5540 1211 5597 illud
1233 5558 1244 5594 :
1268 5542 1438 5611 Quem
1455 5542 1728 5599 Dominus
1742 5547 1895 5601 Jesus

1974 4482 2112 4545 tida,
2136 4496 2336 4553 aspera
2356 4487 2415 4535 et
2433 4481 2643 4552 turpia.
2659 4482 2973 4537 Accedente
2994 4499 3123 4537 vero
3147 4488 3312 4537 aetate
3333 4487 3577 4543 matura,

1976 4570 2036 4624 hi
2057 4570 2306 4641 quinque
2329 4586 2489 4640 reges
2510 4569 2770 4640 superius
2789 4570 2925 4624 dicti
2944 4571 3228 4633 desinunt,
3248 4576 3306 4624 et
3331 4571 3583 4625 succedit

1977 4660 2122 4713 alius
2150 4675 2263 4722 rex,
2293 4663 2394 4712 aut
2432 4658 2771 4723 intellectus,
2802 4663 2902 4712 aut
2930 4675 3107 4713 error.
3140 4658 3212 4711 Hi
3249 4665 3383 4713 sunt
3406 4659 3582 4713 etiam

1978 4748 2229 4819 quinque
2265 4747 2390 4814 viri,
2430 4747 2499 4802 de
2537 4746 2738 4818 quibus
2773 4746 3047 4802 Dominus
3084 4748 3455 4803 Samaritana
3490 4746 3581 4803 di-

1977 4836 2086 4890 cit:
2113 4838 2365 4904 Quinque
2394 4839 2541 4890 viros
2560 4836 2822 4898 habuisti,
2848 4840 2897 4888 et
2927 4852 3079 4889 nunc
3102 4851 3262 4903 quem
3287 4836 3446 4889 habes
3467 4851 3582 4892 non

1975 4930 2051 4978 est
2082 4930 2209 4978 tuus
2240 4928 2331 4978 vir
2362 4926 2544 4992 (Joan.
2598 4930 2692 4988 ιν),
2726 4924 2859 4995 quia
2898 4940 3059 4979 error
3097 4924 3424 4978 dominatur
3458 4924 3573 4983 tui.

1976 5013 2137 5076 Quod
2165 5013 2410 5067 diximus
2447 5012 2517 5067 de
2554 5028 2914 5084 unoquoque,
2945 5014 3050 5068 hoc
3089 5013 3262 5068 etiam
3297 5014 3581 5084 generali-

1976 5106 2066 5155 ter
2113 5102 2184 5156 de
2238 5118 2444 5171 genere
2494 5102 2741 5155 humano
2797 5102 3035 5173 intelligi
3089 5108 3293 5174 potest,
3334 5104 3469 5175 quia
3523 5109 3582 5159 et

1976 5207 2439 5262 unumquemque
2467 5196 2741 5256 nostrum,
2770 5196 2827 5245 et
2854 5191 3023 5245 etiam
3051 5196 3233 5247 totum
3254 5209 3434 5264 genus
3470 5192 3583 5248 hn-

1978 5296 2206 5333 manum
2238 5280 2293 5333 in
2320 5285 2517 5333 tenera
2540 5284 2723 5343 aetate,
2756 5279 2814 5333 hi
2844 5281 3091 5352 quinque
3115 5298 3313 5337 sensus
3341 5287 3571 5352 regunt.

1976 5370 2059 5423 Ad
2070 5369 2322 5423 veniente
2351 5374 2541 5423 autem
2562 5374 2786 5424 matura
2808 5376 2991 5433 aetate,
3026 5372 3273 5427 succedit
3292 5376 3393 5425 aut
3410 5369 3581 5423 intel-

1977 5458 2156 5512 lectus
2186 5456 2471 5529 legitimus
2495 5458 2595 5522 vir,
2623 5462 2723 5513 aut
2749 5459 3120 5529 adulterinus,
3152 5463 3250 5532 qui
3274 5465 3360 5514 est
3386 5472 3570 5514 error.

1977 5547 2090 5604 Iste
2118 5551 2207 5603 est
2231 5563 2330 5603 rex
2367 5547 2438 5602 de
2466 5563 2578 5619 quo
2605 5548 2858 5622 loquitur
2886 5567 3072 5613 sermo
3099 5549 3321 5607 divinus
3354 5557 3366 5593 ε
3397 5543 3576 5609 Unus:
