4048 6172
374 237 394 293 1
407 233 512 293 119

1297 237 1684 294 EXPOSITI'O
1703 239 1790 294 ἸΝ
1819 234 2440 301 ΑΡΟΟΑῙΑῩΡὲῙΝΖίέ-
2473 231 2614 298 illi}.
2646 230 2755 298 VII

3508 217 3651 297 iiii}

369 362 464 416 det
489 363 558 416 ad
591 361 794 415 altiora
816 361 1137 426 ascendere,
1170 364 1280 432 quo
1309 363 1426 434 ipse
1455 380 1566 417 non
1600 363 1798 435 potest,
1836 365 1961 418 odio
1982 370 2032 426 Α
2053 362 2284 437 propter
2302 356 2706 438 praecedentem
2732 351 2923 444 eorum
2943 348 3654 444 infidelitatem,afﬁciant

369 452 527 504 illum
566 452 898 520 insequitur,
932 451 1196 520 quoniam
1242 465 1465 521 semper
1497 453 1646 506 inter
1691 453 1968 524 superbos

356 539 548 609 jurgia
574 546 723 592 sunt.
759 537 908 592 Hinc
945 540 1154 592 Paulus
1199 541 1484 610 apostolus
1513 542 1648 594 dicit
1681 560 1691 593 :
1731 545 1967 596 Invicem

367 628 699 690 invidentes,
715 631 949 680 invicem
976 629 1228 682 odiente's
1246 629 1531 696 (Galatv).
1551 630 1598 682 ν
1602 631 1651 683 el
1668 636 1819 684 certe
1839 647 1966 684 cum

367 716 608 770 viderint
622 733 680 770 se
699 716 889 768 miseri
912 717 965 769 in
983 717 1198 785 judicio
1215 718 1548 784 constitutos
1568 725 1624 772 et
1648 720 1964 779 damnatos,

368 806 559 859 odient
571 806 782 875 Seipsos
799 806 942 875 quod
961 814 1324 876 peccaverunt
1335 815 1391 860 et
1407 816 1530 877 post
1551 817 1837 878 peccatum
1858 825 1967 880 poe—

367 893 663 948 nitentiam
685 911 796 947 non
814 896 1180 963 egeruntSed
1197 897 1335 948 nihil
1360 898 1609 966 proderit
1627 905 1761 951 tunc
1779 899 1963 952 odisse

367 984 578 1037 malum
607 984 757 1054 quod
786 983 1288 1054 ieeerunt,quando
1313 987 1432 1056 ipso
1463 987 1610 1040 malo
1640 1004 1830 1040 carere
1851 1005 1960 1041 non

366 1079 650 1144 poterunt.
671 1074 734 1126 Et
753 1074 1050 1126 desolatam
1071 1077 1276 1140 facient
1294 1074 1598 1128 illamﬂoc
1624 1082 1727 1140 est,
1751 1076 1964 1145 seipsos

366 1162 574 1215 facient
593 1165 888 1215 extraneos
916 1179 948 1214 a
984 1163 1094 1216 Deo
1135 1171 1364 1232 propter
1393 1170 1619 1232 peccata
1642 1165 1949 1234 praeterita.

367 1252 490 1304 Jam
523 1251 670 1304 enim
697 1267 824 1303 cum
855 1250 966 1304 illis
998 1252 1142 1304 Deus
1174 1267 1285 1305 non
1326 1252 1718 1322 habitabit.qui
1749 1259 1830 1307 est
1865 1270 1961 1324 pa-

367 1340 446 1393 cis
477 1347 534 1394 ct
558 1340 848 1393 charitatis
881 1340 1182 1393 habitator.
1204 1342 1342 1394 Hinc
1365 1349 1450 1394 est
1481 1343 1627 1411 quod
1654 1342 1960 1396 Jcremiam

366 1429 712 1482 lamentabili
727 1445 854 1482 voce
867 1429 1138 1482 clamasse
1151 1431 1407 1498 legimus:
1418 1433 1690 1498 Quomodo
1701 1435 1966 1487 sedetsola

368 1521 735 1586 civitas-plena
755 1521 984 1586 populo?
998 1519 1235 1587 (Jer.1x=.
1256 1521 1318 1572 Et
1344 1521 1549 1572 nudam
1569 1521 1773 1574 facient
1790 1522 1962 1581 illam.

2053 433 2200 526 quod
2241 433 2349 510 illis
2371 463 2457 511 est
2493 446 2782 526 placitum.
2810 441 2970 518 Quod
3001 449 3137 524 quid
3160 433 3446 518 'si't,statii'ri
3474 433 3656 523 aperit

2052 561 2176 598 cum
2205 541 2498 614 ‘sub‘jun‘git
2535 565 2544 596 :
2584 537 2645 598 Ut
2677 546 2805 597 dent
2835 553 3070 612 regnum
3093 527 3482 618 suiunb'estia'.
3512 537 3652 596 Gra-

2050 635 2159 688 tias
2183 635 2261 688 illi
2294 627 2543 702 agentes,
2578 639 2636 686 et
2666 634 2935 686 honorem
2985 638 3041 685 et
3071 618 3457 685 fertitudinem
3487 623 3649 699 Suam

2050 723 2130 776 illi
2159 723 2489 787 tribuentes,
2521 722 2680 792 quasi
2711 722 2780 775 ab
2812 738 2878 775 ea
2909 721 3258 792 perceperint
3282 709 3447 774 omne
3494 712 3646 800 quod

2050 812 2274 865 habent.
2311 814 2431 866 Non
2483 805 2672 864 autem
2705 809 2812 863 fuit
2839 811 2936 864 Dei
2967 810 3249 870 voluntas,
3285 806 3380 881 qui
3434 803 3647 863 nullam

2048 901 2384 971 injustitiam
2412 893 2549 963 vult,
2566 899 2654 953 cui
2687 890 2989 952 Psalmista
3012 884 3148 952 dicit
3175 915 3186 949 :
3219 886 3651 966 Dz'trmz'Sti‘just-i;

2048 994 2204 1050 tiam,
2237 995 2285 1043 et
2313 992 2476 1043 odisti
2505 991 2882 1056 iniquitatem,
2915 993 2978 1041 ut
3007 986 3229 1056 reprobi
3249 991 3445 1040 contra
3459 979 3646 1056 neuti:

2047 1083 2378 1148 pugnantes,
2405 1088 2638 1146 regnum
2664 1079 2826 1130 suum
2847 1071 3039 1130 bestia:
3063 1063 3371 1146 traderent,
3390 1069 3485 1129 sed
3509 1067 3649 1160 prae-

2044 1167 2358 1218 cedentium
2389 1157 2750 1234 iniquita‘tum
2809 1154 3031 1217 illorum
3090 1162 3292 1218 merita
3326 1153 3558 1234 eiigi‘iiit
3584 1163 3649 1216 ut

2044 1250 2263 1324 reprobi
2291 1255 2348 1306 in
2381 1246 2631 1307 errorem
2658 1253 2818 1305 aDeo
2849 1253 2929 1304 ire
2947 1247 3206 1322 permissi
3227 1252 3309 1306 ita
3333 1241 3643 1314 ambulent,

2053 1347 2115 1396 ut
2138 1338 2517 1396 misericordia
2545 1343 2825 1411 parcentis
2846 1357 2955 1394 non
2979 1327 3281 1404 salveritur,
3308 1341 3401 1417 sed
3423 1337 3646 1410 justitia

2052 1433 2338 1503 punientis
2384 1433 2744 1484 damnentur.
2773 1434 2850 1483 Ac
2900 1430 2948 1483 si
2991 1430 3206 1483 diceret
3236 1424 3645 1507 {Exigentibus

2051 1522 2276 1574 illorum
2304 1515 2626 1578 meritis,ita
2655 1521 2802 1572 Dens
2833 1527 3028 1572 eorum
3054 1519 3223 1572 corda
3258 1509 3514 1588 permisit
3544 1513 3646 1570 Ob-

368 1605 706 1660 subauditur
730 1608 1178 1678 ashperioribus.
1197 1609 1547 1662 Vestimenta
1564 1609 1810 1663 ﬁdelium
1835 1617 1965 1664 sunt
1993 1655 2024 1678 _._
2050 1610 2282 1673 s'curari,
2315 1616 2376 1665 ut
2406 1610 2486 1663 sic
2513 1613 2764 1678 agerent.
2793 1615 2851 1662 et
2889 1609 2993 1661 hoc
3021 1614 3135 1660 tam
3166 1608 3282 1666 diu,
3316 1607 3483 1660 donec
3513 1622 3646 1659 con-

366 1703 719 1749 sacramenta
748 1695 1120 1766 baptismatis,
1155 1699 1464 1761 charitatis,
1495 1706 1664 1770 athe
1693 1701 1965 1754 innocen-
1989 1671 2398 1752 Bsummentur
2450 1699 2610 1750 verba
2665 1697 2781 1750 Dei.
2836 1697 2898 1750 Id
2944 1703 3051 1758 est,
3083 1696 3260 1772 donec
3293 1697 3460 1763 Opere
3499 1699 3648 1748 com-

365 1783 596 1838 tiae.Sed
617 1784 1068 1840 hisve'stimentis
1089 1803 1150 1839 se
1165 1787 1728 1858 nudant,quicunque
1749 1789 1962 1859 baptis-
2046 1789 2308 1860 pleantur
2345 1785 2553 1849 omnia,
2597 1801 2718 1856 quae
2757 1791 2888 1839 ante
2939 1781 3068 1838 'sunt
3108 1783 3392 1862 prz-e'diCta.
3427 1781 3548 1845 Quo
3585 1779 3645 1835 iii

365 1888 520 1925 mum
547 1871 776 1932 iterant,
808 1874 890 1926 vel
923 1887 981 1926 se
1011 1875 1364 1943 gravioribus
1403 1875 1734 1929 criminibus
1764 1893 1958 1935 macu-
2046 1878 2165 1931 loco
2209 1876 2444 1947 quaestio
2469 1875 2668 1936 oritur,
2705 1881 2879 1946 quare
2909 1867 3008 1927 Dei
3056 1871 3223 1926 verba
3250 1870 3647 1948 consummare

365 1961 505 2026 lant,
531 1971 589 2014 et
618 1961 912 2015 charitatis
935 1964 1068 2044 jura
1101 1964 1323 2017 violant.
1359 1965 1504 2018 Sunt
1533 1963 1721 2018 autem
1744 1971 1801 2018 et
1831 1967 1960 2035 qui-
2046 1946 2320 2027 dicantur,
2368 1981 2494 2018 cum
2524 1964 2644 2034 ipse
2677 1957 2946 2017 Dominus
2979 1962 3034 2016 in
3083 1946 3385 2031 Evangelia
3426 1957 3592 2038 dicat
3623 1977 3636 2013 :

365 2050 516 2114 dam,
538 2050 632 2120 qui
661 2050 831 2104 etiam
859 2051 918 2103 in
941 2052 1198 2120 praesenti
1226 2053 1310 2104 his
1337 2052 1682 2106 vestimentis
1701 2059 1832 2106 sunt
1857 2068 1964 2106 nu-

365 2139 440 2202 di,
474 2139 618 2192 sicut
647 2140 822 2193 Judaei
853 2146 909 2193 et
931 2141 1157 2210 pagani.
1193 2142 1285 2210 qui
1313 2157 1493 2210 neque
1525 2141 1784 2210 baptizati
1809 2148 1961 2208 sunt,

365 2243 548 2298 neque
561 2229 848 2291 charitatis
872 2230 1197 2283 mandatam
1222 2227 1720 2283 custodiunt.Falsi
1741 2247 1962 2300 quoque

367 2317 670 2370 Christiani
699 2318 803 2371 etsi
833 2318 1038 2371 habere
1063 2319 1318 2372 videntur
1343 2320 1459 2372 haec
1490 2320 1841 2384 vestimenta,
1871 2329 1960 2373 ta-

367 2422 498 2459 men
518 2407 574 2459 in
609 2406 822 2475 judicio
847 2423 972 2459 cum
1015 2407 1124 2459 illis
1156 2407 1289 2459 nudi
1325 2407 1698 2476 leperiuntur,
1731 2407 1859 2476 quia
1893 2425 1961 2461 ea

366 2511 492 2566 qua:
545 2495 882 2556 habuerunt,
936 2496 1080 2549 male
1113 2496 1344 2548 vivendo
1375 2495 1706 2549 amiserunt.
1739 2498 1962 2551 Pariter

367 2601 502 2653 ergo
532 2584 665 2637 nudi
694 2585 1062 2654 reperientur.
1100 2585 1230 2654 quia
1256 2585 1623 2654 reproborum
1662 2602 1863 2656 corpus
1892 2601 1962 2640 ex

367 2673 576 2742 apertis
597 2673 913 2726 infidelibus
943 2680 1000 2726 et
1019 2674 1173 2726 falsis
1210 2674 1479 2727 fratribus
1508 2674 1868 2727 construitur.
1901 2676 1966 2728 Et

367 2777 559 2815 carnes
589 2777 719 2814 suas
748 2764 1307 2826 commanducabunt,
1360 2761 1535 2814 Isaias
1569 2763 1844 2832 propheta
1887 2763 1968 2815 di-

367 2851 443 2904 cit
469 2851 538 2903 de
559 2850 967 2921 reprobis,quia
999 2855 1146 2918 ignis
1165 2867 1356 2905 corum
1381 2868 1490 2904 non
1518 2855 1900 2918 emtz‘nguetur
1919 2857 1969 2905 et

367 2943 570 2993 vermis
589 2955 778 2992 eorum
801 2956 910 2992 non
924 2939 1611 3010 mor2°etm'(Marc.Ix}.Ipsi
1627 2957 1759 3010 ergo
1773 2957 1970 2995 carnes

2051 2058 2254 2110 Caelum
2298 2060 2346 2106 et
2397 2053 2546 2106 terra
2588 2054 2929 2114 transibunt,
2960 2053 3121 2104 verba.
3147 2047 3334 2104 autem
3361 2049 3484 2124 mea
3535 2047 3647 2124 non

2051 2145 2323 2196 transient
2358 2142 2566 2207 (Matth.
2613 2147 2776 2203 xxw).
2809 2140 2917 2194 Sed
2959 2131 3244 2192 sciendum
3277 2137 3408 2208 quia
3437 2123 3508 2189 ad
3539 2133 3647 2188 ali-'-

2047 2232 2177 2302 quid
2201 2226 2368 2284 verba
2388 2231 2485 2283 Dei
2507 2220 2984 2289 consummantur,
3005 2228 3075 2280 ad
3089 2227 3300 2297 aliquid
3321 2219 3435 2279 non
3453 2229 3644 2304 trans-

2044 2327 2197 2374 eunt.
2232 2322 2714 2374 Consummantur
2729 2319 2796 2371 ad
2832 2319 2952 2377 hoc.
2977 2323 3042 2371 ut
3065 2327 3190 2386 quae
3213 2315 3489 2386 promissa
3510 2313 3645 2368 sunt

2045 2425 2210 2479 apere
2242 2410 2658 2480 compleantur:
2689 2421 2798 2461 non
2821 2412 3116 2461 transeunt
3137 2405 3424 2476 vero,quia
3439 2404 3506 2458 ea
3523 2401 3646 2473 qu‘a‘é

2043 2500 2368 2570 loquuntur.
2393 2498 2734 2552 aeternaliter
2755 2502 3129 2566 perseverant.
3151 2483 3347 2570 sermo
3369 2493 3520 2547 enim
3542 2487 3650 2546 Dei

2046 2569 2353 2639 sententias
2374 2587 2427 2639 in
2444 2595 2713 2640 aeternum
2731 2601 3026 2638 mansuras
3042 2569 3645 2659 expliratPrardictum

2049 2680 2135 2726 est
2158 2675 2305 2726 enim
2334 2675 2402 2726 de
2431 2673 2826 2743 Christo.quod
2853 2673 3079 2725 veniens
3109 2672 3178 2725 ad
3197 2665 3491 2740 judicium,
3524 2674 3647 2722 'sta-

2050 2769 2172 2816 tuet
2197 2781 2230 2816 a
2259 2763 2470 2816 dextris
2496 2779 2643 2818 oves.
2675 2763 2866 2816 hmdos
2898 2767 3085 2814 autem
3113 2778 3145 2814 a
3178 2760 3440 2822 sinistris,
3468 2760 3527 2812 'et
3555 2757 3645 2811 di-

2052 2857 2139 2904 cet
2167 2868 2261 2905 rex
2294 2853 2379 2904 his
2408 2852 2501 2922 qui
2533 2867 2563 2904 a
2591 2852 2834 2905 sinistris
2863 2845 3032 2904 erunt
3065 2870 3076 2901 ;
3135 2849 3372 2914 Esu'rivi,
3425 2849 3483 2902 et
3525 2850 3644 2900 non

2051 2941 2284 2994 dedistis
2312 2940 2448 2993 mihi
2481 2941 2836 3002 manducare,
2871 2945 3002 3000 etc.,
3024 2941 3314 3010 usquequo
3335 2938 3481 2990 dicet
3509 2931 3644 2989 illist

369 3044 502 3081 suas
527 3028 1094 3091 commanducabunt,
1129 3045 1256 3098 quia
1281 3030 1459 3098 poenis
1491 3045 1712 3098 semper
1733 2998 2018 3098 paseen-C
2051 3031 2311 3083 Discedite
2360 3044 2394 3082 a
2449 3046 2533 3082 me
2576 3033 2675 3097 qui
2711 3027 3023 3098 operamini
3050 3021 3402 3096 iniquitatem
3423 3024 3642 3096 (Matth.

367 3122 480 3179 tur,
510 3131 844 3186 semperque
864 3119 958 3170 eos
988 3133 1204 3170 vermes
1235 3118 1548 3174 comedent.
1585 3125 1642 3170 et
1674 3133 1966 3187 nunquam

367 3206 438 3260 ad
457 3205 754 3270 detectum,
787 3222 912 3258 cum
940 3205 1154 3275 jugiter
1173 3207 1496 3266 defecerint,
1517 3207 1861 3276 pervenient.
1897 3207 1962 3259 Et

367 3295 500 3348 dum
534 3294 815 3348 vermibus
833 3296 1178 3348 aeternaliter
1196 3303 1417 3365 pastum
1443 3295 1786 3364 praebebunt,
1804 3295 1963 3364 qnasi

366 3384 482 3454 igni
503 3401 699 3438 carnes
720 3400 851 3436 suas
869 3384 1034 3436 mund
1046 3384 1442 3449 ucabunt.ouia
1466 3401 1682 3454 pugnam
1707 3383 1964 3437 carnium

366 3489 595 3527 suarum
627 3473 1001 3526 sustinebunt.
1049 3473 1389 3527 Manduca'nt
1416 3474 1561 3527 enim
1605 3490 1801 3526 carnes
1833 3490 1965 3527 suas

370 3569 579 3615 aeterno
607 3562 882 3632 supplicio
911 3561 1106 3622 dediti,
1137 3563 1234 3614 sed
1286 3561 1484 3617 alienis
1530 3562 1808 3622 dentibus,
1853 3579 1964 3617 non

370 3651 504 3716 suis,
541 3651 814 3704 vermium
853 3651 1068 3704 scilicet
1114 3651 1539 3714 immortalium,
1573 3667 1714 3719 quos
1744 3651 1851 3719 ipsi
1891 3650 1962 3704 ad

370 3738 751 3793 devorandum
787 3741 904 3794 suis
935 3739 1328 3810 iniquitatibus
1358 3745 1644 3794 exacuent.
1685 3743 1746 3795 Et
1788 3748 1965 3810 ipsum

367 3831 492 3895 igni
510 3830 1095 3898 concrem.abunt,quia
1117 3830 1279 3882 malis
1295 3830 1556 3900 operibus
1579 3832 1960 3895 deserviendo,

367 3915 474 3986 ipsi
505 3917 610 3969 sibi
640 3925 912 3986 aeternum
948 3916 1269 3971 incendium
1302 3934 1412 3988 quo
1446 3921 1783 3978 crucientur.
1822 3938 1964 3991 prte-

367 4013 727 4077 paraverunt,
783 4025 958 4078 seque
1003 4008 1149 4061 ultro
1179 4008 1364 4077 pravis
1395 4008 1710 4063 actionibus
1747 4011 1958 4063 eisdem

371 4095 641 4148 incendiis
665 4096 974 4164 praecipites
991 4097 1292 4153 dederunt.
1310 4098 1449 4150 Dum
1475 4115 1612 4167 ergo
1633 4099 1746 4152 suis
1764 4099 1968 4167 iniqui-

372 4183 604 4245 tatibus,
630 4185 789 4253 quasi
823 4185 1159 4254 quibusdam
1194 4184 1358 4254 lignis
1382 4188 1564 4256 ignem
1591 4203 1700 4257 quo
1730 4187 1964 4240 combu-

372 4284 578 4325 runtur
592 4274 920 4330 accendunt.
948 4275 1063 4344 ipse
1080 4291 1139 4327 se
1161 4283 1536 4332 concremant.
1564 4278 1654 4331 Sic
1674 4278 1821 4329 enim
1849 4275 1966 4329 usi-

373 4368 493 4414 tata
521 4363 798 4415 locutione
830 4365 974 4432 quod
1005 4360 1061 4416 in
1102 4363 1237 4434 ipsis
1266 4365 1584 4431 contigerit.
1635 4365 1857 4435 reprobi
1890 4365 1967 4418 fa-

371 4465 498 4504 cere
531 4451 916 4520 perhibentur.
941 4452 1102 4505 sicuti
1134 4469 1233 4505 nos
1267 4453 1574 4522 quemlibet
1611 4456 1857 4524 seipsum
1890 4454 1970 4506 in-

373 4540 658 4594 terfecisse
689 4540 1048 4611 dicimus,qui
1083 4543 1388 4611 periculum
1421 4544 1615 4595 mortis
1633 4559 1758 4596 cum
1785 4549 1973 4613 posset

373 4644 484 4690 non
514 4629 831 4695 declinawt,
873 4631 955 4682 vel
988 4627 1231 4699 seipsum
1266 4631 1598 4693 incendisse,
1653 4634 1745 4703 qui
1791 4639 1970 4685 semet

372 4717 562 4770 volens
584 4718 640 4770 in
673 4718 856 4787 ignem
889 4719 1231 4789 praecipitem
1264 4716 1437 4774 dedit.

2050 3121 2160 3170 vui.
2211 3118 2766 3172 tionsummabuntur
2822 3117 2938 3171 haec
2989 3118 3088 3171 Dei
3146 3117 3330 3180 verba,
3366 3121 3493 3168 cum
3524 3101 3644 3184 ipse

2051 3207 2276 3260 veniens
2305 3207 2375 3259 ad
2413 3207 2685 3276 judicium
2731 3207 2876 3261 dicet
2921 3205 3174 3276 reprobis
3203 3222 3214 3258 :
3262 3207 3338 3258 Ite
3367 3207 3430 3257 in
3460 3206 3645 3270 ignem

2048 3301 2441 3365 aeternumqui
2461 3282 3303 3363 paratuvestdtabolomtc.Tunc
3319 3289 3480 3346 ibunt
3503 3295 3562 3346 hi
3581 3291 3645 3346 in

2047 3389 2381 3453 simplicium
2401 3391 2667 3439 aeternum
2703 3387 2861 3455 (Mat.
2889 3390 3030 3447 xxiv).
3053 3383 3318 3438 Promisit
3351 3384 3408 3436 et
3425 3379 3646 3436 sanctos

2048 3474 2459 3527 statuendosad
2481 3474 2854 3528 dexteramet
2883 3474 3121 3542 gloriam
3149 3481 3208 3525 se
3237 3471 3324 3525 his
3349 3459 3636 3525 daturum.

2049 3561 2615 3616 Consummabuntur
2647 3562 2764 3614 haec
2789 3562 2888 3614 Dei
2911 3561 3094 3619 verba,
3129 3560 3256 3613 cum
3308 3552 3594 3613 audierint
3627 3576 3638 3611 :

2062 3652 2256 3713 Venite,
2281 3651 2548 3703 benedicti?
2568 3653 2749 3702 Patris
2774 3652 2899 3714 mei,
2923 3655 3026 3702 etc.
3055 3643 3145 3702 Sic
3162 3649 3405 3718 namque
3417 3647 3641 3713 dicitur,

2049 3740 2214 3792 donec
2233 3744 2689 3790 consummentur
2710 3738 2870 3790 verba
2891 3738 3005 3797 Dei,
3027 3739 3297 3806 tanquam
3323 3736 3607 3789 diceretur
3628 3753 3641 3788 :

2050 3827 2352 3896 Usquequo
2413 3826 2541 3879 boni
2591 3832 2649 3879 et
2689 3825 2819 3879 mali
2853 3816 3124 3896 recipient
3152 3824 3462 3879 secundum
3497 3819 3646 3895 quod

2050 3916 2273 3986 eloquia
2306 3916 2402 3969 Dei
2437 3911 2774 3985 promittunt
2794 3915 2818 3968 7
2837 3911 2899 3970 Et
2930 3919 3136 3970 matter
3163 3925 3333 3983 quam
3353 3916 3546 3969 vidisti
3573 3917 3647 3966 est

2046 4008 2240 4059 civitas
2269 4020 2493 4071 magna,
2528 4005 2582 4057 id
2631 4011 2714 4057 est
2766 4004 2947 4058 omnis
2996 4005 3273 4059 malorum
3323 4003 3642 4058 multitudo.

2050 4095 2175 4161 Quze
2202 4097 2357 4147 habet
2378 4109 2612 4159 regnum
2633 4109 2798 4161 super
2839 4110 2984 4160 reges
3017 4100 3198 4150 ter-rae.
3236 4093 3384 4158 Quia
3409 4090 3649 4146 maxime

2054 4184 2331 4236 maloru'n
2387 4181 2687 4236 multitudo
2746 4183 2800 4235 in
2859 4183 3084 4252 regibus
3123 4187 3182 4236 et
3232 4183 3403 4252 hujus
3461 4167 3649 4258 Saeculi

2056 4272 2401 4342 principibus
2441 4271 2496 4324 in
2532 4269 2849 4341 superbiam
2883 4273 3151 4326 elevatur.
3203 4267 3294 4327 Sic
3323 4273 3474 4326 enim
3513 4272 3651 4326 diei-

2052 4367 2168 4427 tur,
2215 4361 2408 4414 civilas
2458 4377 2658 4428 magna
2691 4360 2858 4415 habet
2888 4368 3222 4432 potestatem
3267 4347 3443 4434 super
3489 4368 3653 4432 reges

2052 4456 2235 4514 terrae,
2261 4455 2530 4519 tanquam
2549 4450 2832 4503 diceretur
2862 4452 3083 4521 :Ipsum
3115 4452 3300 4506 saeculi
3328 4437 3564 4522 regnum
3595 4451 3653 4505 in

2054 4539 2269 4592 cunctis
2305 4539 2580 4608 superbiae
2619 4539 2940 4608 potentibus
2967 4548 3187 4609 regnat.

2631 4628 2864 4682 CAPUT
2893 4617 3092 4682 XVIII.

2133 4720 2198 4772 Et
2213 4723 2331 4786 post
2361 4717 2468 4770 hac
2498 4717 2619 4772 vidi
2646 4719 2826 4768 alium
2868 4720 3130 4782 angelum
3158 4703 3563 4770 descendentem
3590 4714 3654 4770 de

446 4807 587 4858 Deus
600 4809 752 4858 enim
764 4809 912 4859 dedit
934 4811 994 4860 in
1019 4810 1273 4860 cordibus
1294 4816 1574 4874 eorum,ut
1597 4813 1810 4877 faciant
1833 4811 1976 4880 quod
2057 4812 2199 4861 c.0310.
2227 4807 2316 4862 Sic
2330 4805 2589 4858 videntur
2615 4803 2733 4858 haec
2763 4803 2931 4858 verba
2959 4802 3179 4869 Sonare,
3214 4798 3373 4876 quaSi
3404 4799 3651 4877 spatium

376 4895 493 4946 illis
516 4896 780 4960 placitum
803 4901 898 4948 est.
933 4896 1088 4965 Saepe
1107 4897 1251 4950 Deus
1284 4893 1639 4968 omnipotens
1671 4900 1848 4952 iratus
1873 4915 1974 4969 pro

375 4979 817 5052 pracedentibus
846 4983 1135 5037 hominum
1167 4987 1423 5054 peccatis.
1467 4987 1742 5056 permittit
1774 5003 1869 5040 eos
1896 4987 1974 5040 fa-

375 5087 502 5125 cere
529 5072 676 5125 unde
719 5072 875 5124 illum
909 5074 1147 5143 amplius
1177 5075 1486 5127 offendunt.
1534 5073 1674 5128 llinr
1701 5082 1788 5128 est
1821 5076 1968 5146 quod

375 5160 445 5213 de
477 5160 805 5229 quibusdam
838 5161 1042 5214 dicitur
1072 5163 1360 5216 veritatem
1395 5175 1506 5216 non
1539 5164 1964 5232 recipientibus:

376 5251 604 5316 Propter
629 5251 725 5302 hoc
756 5252 904 5302 dedit
939 5252 1059 5302 ittos
1100 5252 1237 5303 Deus
1284 5256 1346 5304 in
1391 5255 1681 5321 reprobmn
1722 5269 1965 5320 sensum,

2057 4895 2281 4965 aliquod
2302 4895 2470 4949 fuerit
2492 4895 2548 4946 in
2574 4895 2674 4946 hac
2694 4894 3031 4947 revelatione
3059 4895 3207 4948 inter
3233 4894 3527 4961 visionem,
3551 4891 3651 4950 sed

2057 4999 2167 5037 non
2199 4989 2284 5036 est
2311 4983 2406 5035 ita.
2441 4983 2563 5035 Uno
2595 4982 2743 5034 enim
2769 4982 2858 5035 die
2889 4983 3003 5036 haec
3035 4984 3222 5037 omnia
3269 4977 3407 5038 vidit
3447 4973 3650 5041 beatus

2055 5074 2318 5136 Joannes,
2348 5072 2403 5125 id
2437 5069 2540 5133 eSt;
2583 5071 2672 5123 die
2701 5072 3010 5126 Dominico.
3068 5072 3158 5126 Sic
3189 5071 3395 5145 quippe
3423 5075 3647 5143 dicitur,

2053 5165 2170 5215 vidi
2194 5165 2395 5224 alium,
2431 5161 2589 5231 quasi
2619 5161 2843 5214 diceret.
2882 5161 2990 5214 vidi
3013 5149 3179 5216 aliam
3203 5163 3652 5221 visionem.Unus

2052 5253 2242 5321 itaque
2276 5252 2511 5320 angelus
2555 5251 2680 5311 fuit,
2731 5252 2823 5320 qui
2871 5252 2970 5304 has
3018 5252 3259 5307 visiones
3321 5254 3648 5311 muniti-sta-

376 5343 440 5390 αἱ
463 5339 676 5403 faciant
703 5354 820 5404 qua;
851 5354 962 5390 non
991 5343 1323 5391 conveniunt
1351 5346 1514 5395 :ltom.
1536 5359 1592 5395 ιι.
1631 5343 1773 5396 Hinc
1804 5343 1972 5397 etiam
2061 5341 2154 5400 vit,
2187 5341 2283 5393 sed
2313 5333 2542 5411 prOpter
2589 5340 2756 5392 aliam
2807 5340 3076 5395 visionem
3131 5336 3301 5397 alium
3352 5362 3411 5397 se
3451 5333 3650 5398 vidisse

376 5423 889 5479 diciturindurasse
909 5443 1004 5478 cor
1025 5426 1503 5495 Pharaonis,quod
1528 5445 1635 5482 non
1661 5431 1977 5485 merebatur
2057 5431 2316 5500 angelum
2337 5429 2588 5484 dicit.Sic
2607 5435 2662 5482 et
2694 5447 2788 5483 nos
2811 5431 2878 5485 de
2909 5431 3157 5503 quolibet
3178 5431 3416 5507 dicimus
3441 5453 3448 5460 ”
3489 5431 3647 5507 Alius

377 5513 640 5568 emolliri.
699 5514 864 5570 Dedit
892 5529 1025 5586 ergo
1064 5517 1213 5571 Dens
1253 5515 1311 5570 in
1340 5514 1601 5571 cordibus
1638 5515 1970 5587 infidelium,
2055 5521 2193 5575 mihi
2214 5518 2507 5587 videbaris,
2535 5525 2666 5576 cum
2691 5508 2790 5575 illa
2825 5527 2882 5577 et
2904 5523 3001 5578 illa
3032 5521 3199 5577 vel‘ba'
3226 5505 3441 5577 diceres
3465 5523 3478 5576 ξ
3501 5505 3646 5580 ξίίὶυὲ
