4048 6172
414 199 546 260 1151

864 206 1243 265 HAYMONIS
1271 209 1761 269 HALBERSTAT.
1793 213 2023 272 EPISC.
2052 215 2214 276 OPP.
2244 215 2430 273 PARS
2458 216 2505 272 Ι.
2540 245 2604 257 -
2638 213 3010 270 COMMENT.
3041 214 3222 271 BIBL.

3535 211 3676 270 1152

408 340 560 383 nunc
585 344 839 401 appares,
872 347 1002 387 cum
1042 331 1334 389 dissimilia
1367 335 1635 408 loqueris.
1667 338 1804 394 Post
1845 339 1984 404 haec,
2004 343 2055 403 Α
2073 341 2217 396 Hinc
2240 340 2449 396 etenim
2478 340 2717 396 Jacobus
2745 340 2881 395 dicit
2910 356 2924 391 :
2963 338 3132 395 Omne
3162 341 3359 395 datum
3375 342 3673 409 optimum,

408 414 675 487 inquit,id
696 424 800 483 est,
824 426 951 491 post
970 423 1372 492 praecedentem
1395 425 1803 491 visionem,vidi
1824 429 1998 483 alium

409 507 674 576 angelum
703 507 773 562 de
799 510 937 564 caelo
957 511 1406 567 descendentem.
1438 514 1552 570 Iste
1579 518 1813 587 angelus
1842 518 2000 572 Chri-

409 596 532 647 stus
560 600 664 657 est,
706 597 800 667 qui
827 603 911 652 est
937 601 1168 655 nuntius
1197 609 1444 673 paternas
1465 605 1788 669 voluntatis,
1821 612 1880 661 et
1902 608 2000 678 qui

409 681 579 736 vitam
597 689 864 740 azternam
893 687 1009 742 suis
1036 692 1263 745 nuntiat
1299 694 1551 763 quotidie
1574 694 1849 750 fidelibus.
1878 697 2001 761 Quo

409 769 471 825 in
498 771 620 826 loco
645 774 1218 848 queritanquomodo
1234 781 1589 838 descendisse
1609 784 1679 838 de
1705 785 1845 839 caelo
1869 802 2001 840 eum

411 858 653 915 Joannes
672 861 828 924 vidit,
846 880 971 919 cum
991 866 1167 922 Filius
1186 869 1284 923 Dei
1311 869 1369 923 in
1400 871 1710 927 divinitatis
1736 871 2001 927 substan-

410 944 492 1001 tia
518 963 646 1003 cum
694 950 864 1007 Patre
917 960 975 1008 et
1017 955 1229 1026 Spiritu
1258 965 1452 1014 sancto
1481 959 1689 1032 ubique
1718 960 1810 1023 sit,
1839 962 2004 1032 juxta

414 1036 562 1104 quod
579 1037 699 1108 ipse
718 1056 819 1109 per
834 1044 1166 1114 prepbetam
1179 1046 1342 1102 dicit:
1364 1049 1577 1104 Caelum
1594 1055 1651 1104 et
1666 1055 1878 1105 terram
1899 1067 2002 1121 ego

409 1121 646 1197 impleo.
677 1129 747 1184 Et
775 1130 981 1187 iterum
1019 1153 1031 1187 :
1066 1134 1237 1190 Extra
1256 1137 1467 1193 coelum
1509 1144 1567 1192 et
1592 1143 1803 1193 terram
1848 1140 2006 1194 locus

412 1229 526 1267 non
556 1222 659 1283 est,
692 1218 784 1273 ubi
813 1237 923 1275 non
943 1222 1015 1276 sit
1043 1224 1332 1280 Dominus.
1357 1226 1466 1280 Sed
1494 1227 1783 1282 descendit
1801 1229 1870 1282 de
1900 1245 2007 1283 cce-

413 1301 487 1367 lo,
528 1320 640 1359 non
667 1323 778 1377 quo
804 1309 873 1363 de
904 1310 1024 1365 loco
1052 1312 1122 1365 ad
1142 1313 1326 1368 locum
1345 1316 1634 1380 transiret,
1658 1317 1757 1371 sed
1781 1318 2006 1387 quando

414 1389 475 1444 in
500 1397 663 1447 utero
701 1396 960 1467 virginali
996 1403 1244 1473 suscepit
1280 1404 1529 1458 animam
1563 1410 1621 1459 et
1668 1422 1913 1472 carnem,
1944 1411 2010 1461 ut

414 1486 605 1548 posset
632 1482 807 1538 videri
832 1486 892 1540 in
920 1495 1130 1556 nostra,
1154 1494 1456 1564 naturaqui
1476 1494 1769 1550 invisibilis
1801 1502 1923 1551 erat
1951 1496 2009 1550 in

417 1582 537 1626 sua.
558 1569 860 1629 Descensio
889 1593 1022 1647 ergo
1052 1578 1203 1635 illius
1232 1581 1373 1635 nihil
1402 1586 1490 1636 est
1519 1583 1672 1638 aliud
1702 1600 1871 1654 quam
1891 1601 2010 1639 car-

415 1655 502 1711 nis
516 1663 846 1733 assumptio,
879 1664 948 1719 de
976 1683 1085 1738 quo
1116 1670 1323 1725 Paulus
1346 1671 1509 1725 dicit:
1543 1673 1649 1739 Qui
1676 1689 1802 1727 cum
1824 1676 1887 1727 in
1899 1675 2011 1738 for-

418 1761 512 1801 ma
530 1749 631 1803 Dei
648 1753 1130 1819 esset,humiliavit
1158 1763 1530 1828 semetipsum,
1558 1763 1739 1828 factus
1764 1762 2011 1815 obediens

417 1852 588 1906 usque
615 1840 690 1892 ad
718 1847 948 1898 mortem
979 1845 1210 1915 (Philip.
1242 1848 1389 1916 II).—
1408 1850 1672 1903 Habentes
1688 1855 2012 1917 potestatem

418 1930 842 1994 magnam.Haec
851 1936 1099 2002 potestas
1109 1935 1180 1990 ad
1193 1941 1493 2009 utramque
1508 1940 1556 2008 ej
1566 1955 1630 1992 us
1645 1944 1905 1993 naturam
1920 1955 2015 2010 po-

418 2018 531 2070 test
549 2018 768 2084 referri,
787 2025 844 2074 et
857 2022 926 2076 ad
956 2023 1197 2079 divinam
1221 2026 1434 2082 scilicet
1453 2034 1511 2081 et
1530 2028 1853 2082 humanam.
1885 2027 2017 2082 Fuit

419 2105 570 2160 enim
591 2107 708 2162 haec
734 2115 985 2179 potestas
1004 2112 1062 2166 in
1086 2114 1208 2184 ipso
1238 2132 1340 2185 per
1365 2116 1714 2171 divinitatem
1729 2117 1850 2171 sine
1869 2121 2017 2171 tem-

419 2209 575 2263 pore,
625 2200 765 2251 ante
789 2200 978 2253 omnia
1007 2202 1232 2267 saecula,
1263 2205 1397 2274 quia
1422 2205 1568 2259 sicut
1595 2222 1722 2260 cum
1756 2207 1924 2260 Patre
1959 2211 2018 2260 et

422 2279 637 2350 Spiritu
660 2290 853 2339 sancto
879 2294 1083 2341 cuncta
1110 2298 1416 2357 creaverat,
1449 2293 1529 2347 ita
1571 2310 1697 2348 cum
1748 2295 1919 2349 Patre
1958 2300 2017 2349 et

422 2369 635 2440 Spiritu
654 2381 849 2430 sancto
864 2378 1054 2432 omnia
1068 2381 1408 2451 possidebat.
1435 2384 1563 2438 Haec
1583 2384 1751 2438 etiam
1769 2389 2016 2456 potestas

419 2458 556 2514 data
578 2469 662 2516 est
695 2462 746 2517 ei
767 2464 825 2519 in
855 2471 1126 2538 tempore,
1145 2471 1371 2541 quando
1404 2478 1532 2543 post
1555 2473 1907 2545 triumphum
1927 2491 2016 2529 re-

422 2551 790 2608 surrectionis
809 2556 940 2609 data
961 2562 1037 2611 est
1055 2562 1106 2612 ei
1111 2565 1350 2626 potestas
1370 2565 1431 2615 in
1445 2566 1569 2617 calo
1586 2567 1635 2616 et
1656 2567 1721 2617 in
1750 2569 1920 2628 terra,
1950 2569 2015 2618 ut

420 2641 485 2693 in
513 2645 737 2697 nomine
751 2643 883 2698 Jesu
913 2662 1071 2701 omne
1095 2665 1240 2715 genu
1267 2653 1541 2720 ﬂectatur,
1565 2656 1881 2720 celestium,
1902 2660 2013 2708 ter-

419 2729 705 2798 restrium,
744 2739 793 2786 et
818 2737 1175 2802 infernarum
1206 2738 1411 2810 (lbid.).
1445 2741 1525 2795 De
1555 2742 1660 2795 hac
1699 2743 1850 2796 enim
1896 2744 2016 2815 ipse

420 2831 720 2889 resurgens
750 2836 786 2874 a
811 2826 1052 2879 mortuis
1076 2825 1244 2885 dicit:
1275 2829 1418 2883 Data
1444 2835 1522 2884 est
1552 2831 1698 2884 mihi
1720 2834 1903 2885 omnis
1918 2848 2011 2901 po-

421 2910 581 2962 testas
621 2911 685 2963 in
727 2915 851 2966 caelo
878 2918 930 2966 et
966 2916 1032 2968 in
1067 2921 1236 2973 terra.
1267 2918 1348 2972 De
1374 2918 1472 2972 illa
1499 2935 1628 2974 vero
1670 2936 1838 2991 quam
1879 2927 2010 2976 ante

2079 436 2129 484 et
2153 447 2312 485 omne
2340 432 2550 485 donum
2571 432 2877 499 perfectum
2890 430 3186 482 desursum
3212 433 3311 494 est,
3340 429 3669 481 descendens

2079 535 2114 573 a
2145 522 2304 573 Patre
2335 522 2620 573 luminum
2655 521 2862 585 (Jac.I).
2884 516 3014 588 Ipse
3043 533 3264 588 quoque
3295 516 3471 571 habet
3495 520 3683 586 potes-

2080 612 2257 663 tatem
2287 624 2571 678 magnam,
2603 623 2771 679 quam
2808 606 2880 660 ab
2915 606 3038 677 ipso
3062 622 3165 660 suo
3192 605 3375 677 capite
3405 603 3685 676 percepit.

2082 697 2306 766 quando
2326 697 2617 768 Petro,qui
2632 702 2719 750 est
2736 696 2993 767 princeps
3010 691 3687 766 prmdicatorumﬁictum

2081 790 2167 839 est
2190 803 2201 838 :
2229 786 2595 854 Quodcunque
2616 787 2875 852 ligaveris
2889 798 3055 852 super
3077 784 3422 850 terram,th
3441 783 3686 847 ligatum

2081 878 2130 926 et
2151 876 2215 927 in
2235 875 2377 927 caelis
2401 890 2413 925 :
2431 879 2479 927 et
2506 874 2865 941 quodcunque
2883 874 3108 926 solveris
3127 886 3294 938 super
3314 876 3552 933 terram,
3575 870 3687 921 erit

2083 965 2327 1017 solutum
2374 967 2425 1017 et
2473 966 2537 1017 in
2583 965 2728 1018 catis
2774 961 2991 1032 (Matth.
3041 960 3220 1031 xxm).
3256 959 3326 1014 Et
3372 962 3556 1024 terra,
3579 957 3689 1012 hoc

2085 1057 2190 1113 est.
2219 1051 2465 1107 Ecclesia
2491 1051 2809 1106 illuminata
2852 1054 2938 1105 est
2987 1066 3023 1104 a
3048 1050 3345 1120 majestate
3373 1050 3519 1118 ejus,
3552 1044 3691 1117 quia

2086 1157 2189 1195 sua
2240 1141 2633 1212 praedicatione
2680 1146 2864 1195 totum
2893 1139 3167 1194 mundum
3195 1137 3546 1193 inﬁdelitatis
3574 1136 3687 1190 cir-

2086 1229 2412 1284 cumdatum
2434 1228 2701 1293 tenebris,
2730 1228 3007 1299 repletum
3036 1227 3251 1280 lumine
3279 1225 3433 1286 ﬁdei.
3457 1224 3690 1295 quando

2088 1317 2531 1388 praedicaverunt
2557 1316 2783 1388 ubique.
2812 1316 3143 1386 incipientes
3158 1315 3230 1369 ab
3257 1313 3597 1377 Jerusalem,
3630 1316 3695 1365 et

2091 1406 2478 1477 pervenientes
2497 1422 2675 1477 usque
2687 1405 2759 1459 ad
2778 1404 3049 1459 terminos
3065 1404 3337 1458 universae
3356 1409 3690 1472 terrm,quo-

2092 1495 2245 1549 niam
2274 1501 2405 1550 ante
2424 1494 2627 1549 deiecit
2644 1494 2726 1549 eis
2747 1501 2900 1548 terra
2920 1509 3088 1564 quam
3105 1492 3317 1562 lingua.
3343 1491 3488 1545 Hinc
3517 1490 3695 1544 Psal-

2032 1614 2076 1674 Β
2094 1584 2263 1638 mista
2282 1584 2419 1639 dicit
2442 1601 2453 1634 :
2485 1586 2552 1639 In
2588 1599 2805 1637 omnem
2847 1587 3055 1635 terram
3082 1585 3255 1635 exivit
3276 1596 3445 1635 sonus
3468 1596 3689 1643 eorum,

2093 1678 2198 1727 etc.
2238 1676 2399 1743 (Psal.
2427 1682 2609 1730 xvml.

2165 1762 2233 1816 Et
2252 1764 2578 1816 exclamavit
2608 1765 2673 1815 in
2700 1761 2834 1816 forti
2852 1777 2984 1815 voce
3012 1762 3216 1814 dicens.
3239 1759 3469 1813 Fortem
3497 1774 3695 1811 vocem

2095 1850 2462 1921 intelligimus
2492 1850 2941 1922 pmdicaﬁonem
2973 1848 3202 1909 Christi,
3233 1847 3327 1919 qui
3356 1848 3478 1901 ait:
3507 1846 3704 1900 Poeni-

2096 1940 2333 1994 tentiam
2361 1939 2530 2010 agite.
2563 1937 3041 2011 appropinquabit
3067 1937 3216 1992 enim
3256 1951 3496 2006 regnum
3528 1935 3704 1988 caelo-

2096 2044 2245 2082 rum.
2279 2028 2415 2092 Quae
2443 2028 2655 2082 scilicet
2697 2044 2800 2081 vox
2828 2027 2898 2081 ab
2922 2026 3045 2097 ipso
3076 2024 3333 2089 Domino,
3367 2029 3569 2094 postea
3602 2039 3704 2095 per

2101 2117 2384 2188 apostolos
2403 2123 2586 2171 totum
2616 2115 2809 2170 orbem
2837 2115 3083 2169 clamore
3112 2112 3435 2184 complevit.
3476 2113 3549 2166 Et
3596 2129 3701 2166 vox

2096 2207 2206 2261 ista
2231 2206 2394 2260 fortis
2421 2205 2689 2276 fuit,quia
2716 2204 3025 2259 fortissima
3047 2202 3245 2257 limina
3264 2201 3423 2272 regni
3441 2201 3707 2272 gentium

2096 2296 2390 2352 destruxit.
2400 2297 2621 2360 Cecidit.
2638 2296 2828 2349 cecidit
2842 2294 3416 2364 Babylon.Postquam
3435 2293 3497 2345 in
3509 2308 3708 2363 super-

2098 2386 2247 2440 biam
2265 2402 2326 2440 se
2352 2384 2546 2439 erexit.
2573 2383 2730 2439 Unde
2745 2388 2856 2437 est:
2884 2384 3131 2451 Dejecisti
3145 2398 3229 2435 eos
3242 2383 3379 2434 dum
3391 2382 3705 2435 alienaren-

2100 2480 2198 2529 tur
2214 2478 2247 2541 ί
2252 2476 2338 2529 Ps.
2355 2475 2545 2542 Lxxn),
2566 2473 2655 2526 vel
2671 2471 2871 2527 cecidit
2892 2472 3014 2541 jam
3041 2470 3099 2524 in
3126 2469 3227 2524 Dei
3248 2469 3576 2540 praesentia.
3596 2469 3707 2523 No-

2096 2565 2178 2619 vit
2191 2560 2741 2632 enimDominus,qui
2753 2561 3075 2631 pertineant
3088 2557 3599 2629 adBabylonem,et
3615 2573 3704 2633 ca-

2098 2652 2215 2707 suri
2226 2659 2358 2706 sunt
2370 2652 2427 2705 in
2443 2658 2775 2722 perpetuam
2787 2648 3227 2703 damnationem.
3258 2646 3367 2710 Qui
3380 2647 3554 2700 etiam
3576 2648 3701 2715 jam

2097 2741 2417 2796 ceciderant
2436 2740 2494 2793 in
2522 2739 2704 2810 capite
2730 2755 2831 2793 suo
2858 2738 2929 2792 de
2957 2736 3218 2808 caalo,qui
3250 2751 3351 2806 per
3372 2734 3699 2806 superbiam

2096 2831 2167 2885 ab
2194 2830 2293 2884 illa
2316 2829 2529 2883 cmlesti
2557 2827 2925 2883 aediﬁcatione
2960 2824 3405 2897 irreparabiliter
3449 2825 3694 2882 corruit.

2091 2921 2157 2975 Et
2178 2921 2328 2987 facta
2347 2923 2424 2972 est
2446 2919 2715 2972 habitatio
2729 2918 3151 2978 daemoniorum,
3177 2919 3228 2967 et
3248 2914 3696 2968 custodiaomnis

416 2999 676 3066 tempora
703 2998 874 3053 habet
900 3017 1027 3055 cum
1055 3003 1242 3070 Patre,
1276 3006 1472 3061 Daniel
1501 3006 1639 3062 dicit
1679 3026 1691 3060 :
1752 3009 2011 3064 Potestas
2032 3003 2072 3064 C
2094 3008 2643 3077 spiritus,immundi
2662 3006 2970 3060 etcustodia
2988 3006 3170 3058 omnis
3181 3005 3424 3056 volucris
3437 3004 3699 3056 immun-

417 3085 559 3154 ejus,
582 3091 830 3157 potestas
856 3104 1093 3159 aeterna;
1126 3100 1175 3147 et
1206 3100 1377 3159 terra,
1404 3096 1463 3150 id
1493 3102 1595 3163 est,
1628 3097 1875 3152 Ecclesia
1903 3099 2015 3152 ele-

417 3177 634 3229 ctorum
657 3179 850 3231 illumi
854 3184 987 3232 nata
998 3186 1077 3233 est
1096 3197 1131 3234 a
1144 3185 1325 3249 gloria
1341 3188 1479 3251 ejus,
1494 3184 1554 3238 id
1567 3192 1670 3246 est,
1687 3202 1720 3240 a
1736 3193 2013 3255 potestate

416 3259 560 3328 ejus.
592 3261 718 3331 Ipse
736 3263 887 3317 enim
916 3265 1177 3321 tenebras
1203 3268 1553 3325 infidelitatis
1599 3277 1657 3325 et
1681 3272 2013 3342 ignorantiae

416 3353 475 3403 et
521 3355 877 3420 peccatorum
908 3356 1200 3410 evacuavit
1235 3372 1266 3410 a
1296 3358 1554 3414 cordibus
1602 3361 1873 3426 ﬁdelium,
1917 3363 2013 3433 qui

415 3442 503 3492 est
527 3439 622 3494 lux
645 3457 774 3495 vera
796 3441 1123 3499 illuminans
1142 3461 1364 3501 omnem
1388 3448 1672 3503 hominem
1697 3450 2013 3505 venientem

418 3527 477 3582 in
504 3529 656 3584 hunc
679 3531 973 3586 mundum.
1008 3532 1169 3588 Unde
1195 3536 1465 3607 scriptum
1494 3542 1579 3593 est
1612 3555 1624 3590 :
1649 3541 1889 3608 Populus
1911 3543 2012 3609 qui

414 3619 735 3673 ambulabat
758 3623 821 3675 in
843 3624 1076 3676 tenebris
1091 3626 1234 3680 cidit
1256 3628 1432 3680 lucem
1450 3642 1737 3696 magnam;
1761 3630 2016 3685 habitan-

416 3708 561 3761 tibus
581 3711 644 3762 in
658 3712 877 3777 regione
898 3713 1109 3766 umbra:
1129 3717 1453 3779 mortis,tu:r
1468 3721 1592 3770 orta
1608 3722 1682 3770 est
1694 3721 1769 3771 eis
1787 3720 1883 3789 (Is.
1908 3723 2010 3788 lx).

414 3793 558 3849 Nam
594 3800 652 3850 et
681 3796 804 3867 ipse
824 3798 894 3852 de
924 3799 1105 3870 seipso
1119 3800 1275 3855 dicit:
1301 3804 1560 3870 Quandiu
1574 3807 2012 3871 inmundosum,

415 3885 513 3937 tua:
531 3900 655 3938 sum
677 3888 879 3941 mundi
900 3892 1188 3959 {Joan.1x).
1211 3891 1280 3946 Et
1298 3891 1433 3946 alibi
1452 3893 1521 3947 de
1539 3909 1605 3947 eo
1625 3893 1894 3964 scriptum
1912 3899 2014 3949 est:

419 3974 533 4029 Lua;
551 3979 701 4030 venit
714 3979 777 4031 in
797 3980 1096 4046 mundum,
1122 3984 1170 4034 et
1198 3982 1521 4035 dilexerunt
1555 3983 1800 4037 homines
1835 3986 2014 4051 magis

416 4064 663 4117 tenebras
679 4080 848 4133 quam
872 4070 1046 4122 lucem
1066 4068 1644 4137 (Joan.m).Quiaiste
1672 4071 1907 4140 angelus
1938 4070 2009 4124 ad

412 4150 814 4208 destruendam
828 4155 982 4209 venit
995 4156 1305 4226 potentiam
1316 4157 1523 4212 diaboli
1532 4163 1704 4223 ,recte
1716 4158 1877 4213 fortis
1889 4175 2010 4229 per-

2102 3098 2494 3161 das.Quantum
2507 3095 2576 3149 ad
2590 3094 2837 3148 litteram
2852 3092 3097 3164 pertinet
3102 3091 3228 3162 ,hoc
3241 3090 3607 3162 deBabylone
3622 3091 3703 3144 di-

2095 3185 2321 3256 cit,quaa
2345 3190 2508 3255 capta
2526 3182 2745 3238 aMedis
2759 3188 2817 3237 et
2836 3181 3044 3245 Persis,
3061 3180 3355 3234 interfecto
3376 3180 3696 3246 Balthasar,

2096 3275 2382 3329 destructa
2401 3280 2505 3339 est,
2531 3289 2632 3327 nec
2655 3271 2751 3326 diu
2779 3271 2852 3325 ibi
2887 3277 3079 3342 postea
3102 3269 3504 3323 habitaverunt
3520 3269 3700 3323 homi-

2095 3380 2214 3428 nes,
2267 3362 2402 3434 quia
2430 3362 2489 3415 in
2518 3361 2851 3415 solitudines
2878 3359 3254 3430 sempiternas
3300 3363 3389 3411 est
3444 3359 3692 3420 redacta.

2098 3454 2294 3523 viaque
2332 3458 2418 3505 est
2447 3466 2546 3521 pro
2572 3466 2642 3504 ea
2671 3449 2966 3503 aediﬁcata.
2995 3447 3063 3501 Et
3091 3439 3201 3502 ubi
3219 3446 3505 3517 quondam
3533 3452 3700 3500 erant

2096 3539 2486 3613 pulcherrimae
2512 3544 2570 3592 et
2588 3537 2881 3609 praecipuae
2908 3535 3347 3597 inhabitationes
3376 3535 3691 3598 hominum,

2095 3629 2173 3684 ibi
2201 3635 2335 3684 sunt
2365 3628 2529 3682 modo
2557 3626 2995 3681 inhabitationes
3022 3624 3341 3681 daem'onum
3390 3631 3449 3679 et
3484 3624 3694 3678 bestia-

2099 3736 2244 3783 rum,
2269 3718 2462 3788 ibique
2480 3715 2800 3770 inhabitant
2813 3715 3102 3769 dracones.
3129 3720 3437 3786 serpentes,
3462 3719 3520 3768 et
3538 3713 3698 3767 volu-

2102 3825 2223 3862 cres
2250 3806 2454 3861 diversi
2482 3805 2725 3875 generis.
2754 3803 2884 3875 Ipsa
2909 3810 3100 3858 autem
3126 3803 3379 3875 Babylon
3408 3803 3579 3856 istam
3616 3800 3694 3854 si-

2097 3894 2551 3968 gniﬁcabat,quie
2582 3910 2647 3948 ex
2674 3892 3040 3947 multitudine
3051 3897 3274 3946 constat
3298 3890 3692 3963 reproborum,

2096 3986 2156 4040 in
2191 4001 2303 4056 qua
2331 3990 2417 4038 est
2443 3982 2627 4037 omnis
2647 3980 2901 4036 custodia
2921 3980 3105 4035 omnis
3135 3980 3369 4052 spiritus
3392 3976 3693 4041 immundi,

2095 4073 2228 4145 quia
2252 4072 2511 4126 videlicet
2546 4070 2624 4124 ibi
2666 4070 2722 4124 in
2754 4069 3015 4124 cordibus
3045 4085 3345 4140 pravorum
3376 4068 3692 4126 hominum.

2092 4163 2246 4217 velut
2272 4162 2331 4215 in
2360 4159 2699 4223 carceribus,
2736 4159 3016 4213 daemones
3045 4164 3314 4212 tenentur
3337 4157 3560 4211 inclusi.
3586 4155 3691 4220 Qui

411 4239 659 4336 hibetur,
681 4248 877 4336 utpote
895 4250 1092 4336 contra
1119 4244 1323 4336 fortem
1344 4245 1561 4308 fortior,
1589 4252 1782 4300 contra
1805 4246 2006 4301 robus-
2024 4277 2076 4336 Β
2092 4250 2371 4304 immundi
2395 4249 2660 4302 dicuntur
2685 4252 2913 4319 prOpter
2940 4247 3269 4317 spurcitiam
3287 4246 3542 4300 omnium
3570 4260 3696 4315 pec-

411 4332 534 4382 tum
546 4328 830 4383 robustior
842 4331 1130 4386 advenisse
1146 4333 1634 4399 insinuetur.Quia
1650 4352 1777 4390 vero
1793 4336 1865 4390 ad
1886 4353 2010 4390 eva-

411 4417 693 4472 cuandam
713 4419 1020 4473 humanam
1040 4420 1373 4491 sapientiam
1389 4423 1790 4485 accessit,bene
1806 4431 1958 4479 terra
1978 4440 2013 4477 a

410 4506 596 4578 gloria
610 4506 761 4561 illius
785 4506 1106 4562 illuminata
1125 4510 1543 4579 pronuntiatur,
1569 4527 1633 4565 ac
1644 4511 1692 4565 si
1708 4512 2007 4566 diceretur:

412 4596 623 4652 Contra
638 4602 950 4651 tumentem
965 4598 1152 4652 saeculi
1162 4604 1498 4669 potestatem
1520 4615 1725 4669 magna
1741 4606 2007 4670 potestas,

412 4692 610 4741 contra
627 4685 779 4742 falsae
798 4686 1065 4741 doctrinae
1093 4688 1353 4743 tenebras
1381 4704 1525 4742 verae
1542 4688 1785 4743 scientiae
1808 4688 1903 4743 lux
1919 4705 2013 4760 ap-

412 4776 622 4848 paruit.
644 4776 836 4831 Potest
866 4775 1034 4829 etiam
1066 4782 1124 4830 et
1143 4776 1253 4831 iste
1277 4778 1512 4848 angelus
1540 4777 1775 4847 intelligi
1796 4777 2013 4848 primus

414 4865 551 4919 ordo
566 4864 1119 4936 praedicatorum,qui
1130 4865 1237 4920 fuit
1254 4866 1314 4920 in
1335 4867 1605 4936 apostolis
1619 4872 1677 4920 et
1696 4867 2015 4937 apostolicis

415 4953 567 5008 viris.
590 4954 735 5008 Nam
758 4958 813 5008 et
838 4970 937 5025 per
961 4955 1113 5026 ipsos
1140 4954 1480 5025 loquebatur
1498 4955 1774 5020 Christus,
1793 4955 1891 5026 qui
1929 4961 2015 5010 est

414 5041 607 5113 magni
637 5043 855 5097 consilii
880 5044 1133 5114 angelus.
1162 5042 1312 5097 Hinc
1340 5050 1427 5097 est
1458 5045 1607 5114 quod
1633 5044 1879 5098 Joannes
1914 5061 2018 5098 vos;

411 5134 707 5186 clamantis
729 5132 938 5187 Christi
958 5133 1182 5187 dicitur.
1208 5133 1275 5186 Et
1305 5132 1509 5187 Paulus
1538 5132 1675 5186 dicit
1704 5150 1716 5186 :
1751 5136 1839 5188 An
1865 5148 2014 5200 expe-

412 5225 721 5276 rimentum
741 5224 989 5289 queritis
1009 5222 1125 5287 eius
1141 5224 1241 5289 qui
1258 5224 1322 5274 in
1344 5238 1428 5275 me
1451 5224 1701 5289 loquitur
1730 5223 2013 5277 Christus?

411 5310 494 5382 (II
512 5312 631 5366 Cor.
655 5315 795 5378 xm).
820 5309 927 5374 Qui
958 5309 1191 5379 angelus
1221 5309 1291 5363 de
1328 5311 1466 5364 coelo
1491 5309 1847 5367 descendisse
1870 5309 2010 5364 dici-

2096 4347 2371 4400 catorum,
2388 4337 2444 4389 in
2479 4335 2682 4406 quibus
2714 4340 3025 4388 versantur.
3045 4332 3163 4405 Ipsi
3208 4350 3429 4405 quoque
3451 4340 3587 4388 sunt
3607 4349 3695 4385 vo-

2093 4427 2276 4481 lucres
2328 4426 2656 4491 immundae,
2688 4424 2785 4494 qui
2835 4440 2935 4495 per
2963 4424 3113 4478 hunc
3148 4440 3335 4477 aerem
3369 4423 3696 4477 discurrunt

2096 4531 2274 4585 usque
2302 4514 2373 4568 ad
2403 4512 2550 4567 diem
2591 4512 2812 4582 judicii,
2844 4517 3232 4583 exspectantes
3269 4512 3694 4565 damnationem

2094 4620 2275 4669 suam,
2301 4603 2463 4672 juxta
2508 4601 2647 4656 illud
2673 4600 2832 4655 Iudae
2879 4600 3070 4655 Jacobi
3103 4619 3114 4653 :
3145 4600 3389 4670 Angelos
3427 4615 3560 4653 vero
3599 4598 3695 4670 qui

2094 4709 2208 4746 non
2234 4697 2597 4745 servaverunt
2617 4689 3013 4760 principatum,
3033 4687 3140 4742 sub
3160 4689 3399 4759 caligine
3416 4688 3591 4758 hujus
3608 4704 3698 4741 ae-

2093 4782 2173 4835 ris
2220 4779 2457 4834 tradidit
2484 4778 2813 4833 cruciandos
2843 4778 2902 4831 in
2950 4777 3231 4848 judicium
3277 4777 3390 4831 diei
3443 4778 3591 4845 (Jud.
3618 4773 3694 4840 6).

2098 4869 2223 4923 Sive
2253 4868 2423 4922 etiam
2445 4865 2767 4932 immundas
2786 4865 3037 4919 volucres
3060 4881 3359 4936 possumus
3381 4864 3698 4934 intelligere

2096 4959 2244 5012 leves
2274 4961 2331 5011 et
2354 4955 2626 5026 superbos
2645 4954 2923 5018 homines,
2955 4954 3052 5025 qui
3085 4954 3145 5007 in
3183 4954 3380 5008 eadem
3411 4952 3696 5025 Babylone

2100 5052 2413 5101 morantur.
2445 5043 2677 5115 Maligni
2706 5059 2839 5113 ergo
2869 5042 3102 5114 spiritus
3135 5047 3368 5113 propter
3395 5042 3696 5106 malitiam,

2098 5135 2379 5190 daemones
2410 5152 2421 5186 :
2456 5139 2686 5204 propter
2732 5132 2916 5185 carnis
2961 5130 3271 5186 illecebras.
3312 5129 3547 5200 spiritus
3583 5131 3691 5183 im-

2094 5223 2291 5277 mundi
2313 5237 2325 5270 :
2354 5228 2583 5293 propter
2603 5221 2808 5275 mentis
2830 5235 2956 5274 vero
2977 5219 3301 5284 elationem,
3323 5219 3576 5273 volucres
3595 5235 3688 5290 ap-

2093 5312 2401 5383 pellantur.
2440 5311 2519 5365 De
2545 5309 2631 5363 his
2655 5308 2966 5362 volucribus
2996 5315 3054 5362 et
3085 5308 3277 5361 bestiis
3308 5307 3483 5361 Isaias
3531 5307 3692 5378 plura

408 5401 663 5472 tur,quia
691 5398 962 5471 quidquid
992 5398 1171 5453 sancti
1219 5399 1613 5468 praedicatores
1643 5399 1870 5465 habent,
1904 5416 2005 5454 seu
2085 5401 2356 5471 loquitur:
2390 5398 2607 5455 Omnes.
2631 5397 2832 5467 inquit,
2859 5397 3033 5450 bestiae
3056 5397 3245 5450 ludent
3275 5396 3371 5460 ibi,
3391 5401 3443 5449 et
3461 5398 3569 5448 erit
3592 5412 3691 5448 cu-

408 5490 470 5547 in
513 5488 788 5557 doctrina,
832 5503 934 5545 seu
961 5487 1022 5543 in
1047 5503 1237 5559 opere,
1267 5488 1485 5549 coalitus
1514 5488 1627 5545 illis
1671 5488 1869 5547 datum
1895 5494 2000 5545 est.
2087 5489 2190 5542 bile
2219 5488 2550 5553 draconum,
2579 5492 2628 5541 et
2651 5501 2862 5554 pascua
2889 5485 3295 5552 struthianum,
3325 5488 3376 5538 et
3401 5489 3694 5539 occurrent
