4048 6172
335 295 470 353 1153

1250 295 1630 352 EXPOSITIO
1663 296 1742 351 IN
1769 293 2294 352 APOCALYPSIN.
2324 323 2394 336 —
2421 295 2560 352 LIB.
2593 296 2686 351 VI.

3468 309 3606 370 1154

331 420 605 474 (lanionia
631 422 1037 481 onocentauris,
1071 423 1120 472 et
1142 421 1310 487 pilosi
1337 423 1658 475 clamabunt
1687 423 1830 474 alter
1856 421 1929 474 ad
1946 431 1994 486 Α
2015 434 2129 472 non
2163 418 2475 489 recipietis;
2507 437 2700 474 verum
2745 423 2852 478 hoc
2874 441 2986 480 non
3014 429 3220 484 nostris
3252 433 3484 503 meritis,
3507 437 3606 491 sed

329 512 572 564 alterum
605 511 736 578 (lsa.
770 514 976 574 xxxnv).

399 598 466 651 Et
495 599 557 650 de
580 598 662 652 ira
676 600 1068 664 fornicationis
1093 604 1207 668 ejus
1230 602 1487 653 biberunt
1511 615 1696 652 omnes
1719 604 1918 665 gentes.

331 687 397 741 Id
425 680 512 741 est
541 687 836 740 vindictam
860 695 1213 758 peccatorum
1236 689 1384 742 illius
1402 706 1596 742 omnes
1619 694 1816 757 gentes
1837 705 1928 742 su-

333 775 708 829 stinebunt.Et
728 791 871 842 reges
894 781 1052 828 termy
1072 781 1169 844 qui
1192 794 1318 829 cum
1345 779 1446 829 illa
1471 779 1741 842 fornicati
1760 782 1918 831 sunt.

334 864 451 918 Hoc
480 870 566 917 est
597 863 876 934 principes
908 864 1077 933 hujus
1105 865 1312 926 saeculi,
1341 864 1436 934 qui
1459 881 1584 917 cum
1613 864 1928 934 semetipsis

331 952 587 1006 fornicati
617 958 750 1006 sunt
768 953 1051 1022 diligendo
1079 959 1306 1007 terrena
1333 954 1627 1023 plusquam
1657 953 1922 1017 cmlestia,

332 1042 416 1094 vel
437 1041 607 1095 etiam
627 1040 1042 1094 immunditiam
1066 1041 1252 1094 carnis
1272 1041 1534 1094 sectando
1554 1040 1811 1094 autidola
1831 1057 1924 1094 co-

331 1128 591 1182 lendo.Et
611 1128 703 1182 isti
723 1127 872 1182 enim
902 1127 1206 1181 vindictam
1231 1127 1522 1198 sanguinis
1544 1126 1922 1194 sustinebunt,

334 1217 599 1288 quoniam
631 1216 737 1287 ipsi
778 1216 1057 1286 principes
1096 1217 1373 1270 malorum
1414 1222 1563 1280 sunt,
1592 1215 1828 1285 ideoque
1866 1216 1924 1270 in

332 1305 600 1359 societate
643 1304 1075 1375 Babyloniorum
1116 1305 1451 1358 consistunt.
1487 1306 1551 1358 Et
1600 1310 1924 1358 mercatores

333 1399 492 1446 terrae
511 1395 574 1445 de
600 1396 803 1446 virtute
835 1395 1168 1446 deliciarum
1200 1396 1315 1460 ejus
1343 1395 1539 1445 divites
1588 1395 1727 1459 facti
1759 1399 1915 1448 sunt.

333 1481 672 1534 Mercatores
700 1488 864 1534 terrae
908 1481 1286 1551 appellantur,
1312 1482 1445 1550 quia
1478 1481 1724 1534 animam
1765 1497 1925 1534 suam

333 1573 587 1624 venalem
628 1570 858 1630 faciunt,
896 1587 996 1624 nec
1034 1571 1238 1624 timent
1289 1571 1638 1624 committere
1678 1579 1921 1642 peccata,

331 1664 554 1712 tantum
581 1666 643 1712 ut
655 1660 895 1712 honores
922 1660 1090 1728 hujus
1111 1659 1293 1712 saeculi
1317 1665 1373 1712 et
1393 1659 1696 1728 dignitates
1718 1661 1821 1713 sibi
1839 1678 1926 1713 ac-

2008 507 2396 561 misericordia
2427 509 2524 562 ﬁet
2553 510 2728 580 ipsius
2759 513 3083 569 Salvatoris.

2081 598 2354 663 Quoniam
2376 606 2750 664 pervenerunt
2756 609 2974 668 peccata
2991 609 3108 673 ejus
3127 625 3295 677 usque
3305 613 3378 664 ad
3389 617 3599 668 calum.

2012 685 2245 738 Peccata
2258 685 2481 739 illorum
2509 689 2841 756 perveniunt
2867 707 3044 762 usque
3066 695 3134 747 ad
3156 699 3483 770 ccelum,qui
3503 719 3606 756 no-

2011 772 2190 826 lentes
2202 790 2368 842 agere
2386 775 2794 844 paenitentiam,
2815 786 3011 834 contra
3032 783 3206 838 Deum
3229 786 3603 845 habitatorem

2009 862 2134 914 coeli
2173 863 2485 930 elevantur,
2515 865 2648 933 quia
2683 866 2731 918 si
2762 869 3035 936 potuisset
3062 873 3202 938 ﬁeri,
3223 875 3439 943 justum
3457 879 3602 947 judi-

2008 951 2153 1003 cium
2183 953 2306 1020 ejus
2334 953 2638 1007 voluissent
2661 955 3011 1012 eludererti
3037 965 3258 1032 tempus
3288 964 3599 1022 sibidatum

2007 1046 2072 1092 ut
2099 1048 2271 1109 agant
2291 1041 2932 1110 pcenitentiam,vertunt
2947 1049 3003 1101 in
3020 1059 3382 1120 augmentum
3400 1056 3598 1127 culpae,

2008 1134 2066 1180 et
2092 1128 2240 1181 unde
2269 1129 2482 1183 diutius
2501 1136 3049 1201 exspectantur,inde
3065 1139 3372 1196 districtius
3392 1144 3601 1199 ferien-

2007 1221 2116 1269 tur.
2127 1217 2370 1286 ldeoque
2386 1225 2536 1272 recte
2548 1219 2795 1290 Babylon
2810 1239 3164 1295 nequaquam
3181 1237 3311 1285 ante
3323 1232 3392 1285 ad
3404 1233 3598 1305 plagas

2007 1305 2277 1374 pervenit,
2307 1306 2414 1358 nisi
2443 1323 2568 1359 cum
2595 1317 2823 1378 peccata
2842 1313 2964 1380 ejus
3011 1315 3081 1368 ad
3135 1319 3333 1373 coelum
3384 1324 3598 1392 pertin-

2006 1399 2184 1462 gunt:
2223 1394 2355 1463 quia
2384 1395 2477 1464 qui
2507 1397 2752 1450 converti
2792 1415 2824 1451 a
2875 1402 3243 1470 pravitatibus
3293 1411 3510 1478 nolunt,
3545 1420 3603 1468 et

2009 1489 2402 1550 exspectantur
2423 1483 2606 1537 adhuc
2634 1492 2697 1539 ut
2723 1488 2967 1557 amplius
2986 1489 3376 1564 delinquentes
3405 1500 3602 1556 durius

2008 1567 2302 1633 feriantur,
2336 1587 2446 1624 non
2470 1571 2574 1625 nisi
2592 1579 2994 1630 consummatis
3014 1579 3231 1634 delictis
3251 1584 3605 1642 damnabun-

2008 1664 2118 1710 tur.
2129 1659 2516 1728 UndeApostol
2527 1677 2588 1713 us
2601 1661 2750 1714 dicit:
2765 1665 2823 1716 Ut
2839 1667 3105 1733 impleant
3117 1678 3335 1736 peccata
3350 1691 3453 1728 sua
3468 1694 3605 1731 sem-

333 1748 555 1816 quirere
577 1748 808 1818 possint.
845 1747 945 1801 Isti
971 1748 1039 1800 de
1064 1749 1266 1801 virtute
1291 1748 1617 1801 deliciarum
1647 1750 1789 1818 ejus,
1819 1750 1923 1803 hoc
1945 1756 1990 1813 B
2004 1762 2104 1813 per
2135 1749 2190 1815 (Ι
2204 1749 2546 1818 T/iess.u).Et
2568 1751 2683 1803 hanc
2704 1751 2928 1820 quidem
2947 1757 3266 1825 specialiter
3279 1761 3348 1815 de
3367 1762 3602 1834 singulis

335 1843 419 1889 est
433 1836 503 1888 de
529 1835 833 1889 ambitione
854 1837 1136 1890 saecularis
1162 1853 1374 1907 pompa:
1397 1837 1598 1890 divites
1618 1837 1748 1890 facti
1771 1843 1923 1902 sunt,

334 1941 446 1978 non
477 1924 794 1987 virtutibus,
836 1926 934 1978 sed
965 1925 1226 1995 peccatis.
1265 1924 1366 1978 Isti
1397 1933 1528 1978 sunt
1568 1933 1924 1990 mercatores,

336 2013 432 2082 qui
464 2029 565 2084 pro
595 2013 901 2066 abundatia
931 2011 1229 2082 temporali
1270 2029 1400 2066 suas
1430 2013 1648 2067 animas
1673 2031 1929 2068 commu-

335 2109 461 2156 tant
489 2101 694 2154 infelici
725 2101 1320 2155 mercatu.Notandum
1353 2109 1540 2155 autem
1571 2103 1718 2172 quod
1750 2103 1807 2156 in
1827 2104 1931 2157 hoc

336 2191 455 2244 loco
484 2195 600 2244 tres
637 2207 887 2260 personae
925 2190 1312 2260 reproborum,
1337 2196 1393 2244 et
1421 2191 1530 2244 tria
1559 2193 1926 2262 comprehen-

339 2280 552 2333 duntur
572 2295 779 2349 genera
811 2286 1182 2349 peccatorum,
1215 2280 1272 2332 in
1294 2279 1497 2349 quibus
1521 2286 1578 2333 et
1613 2297 1806 2334 omnes
1827 2281 1930 2334 ini-

341 2368 435 2437 qui
457 2367 840 2437 designantur,
875 2374 928 2421 et
980 2367 1171 2421 omnia
1223 2374 1468 2438 peccata,
1494 2375 1692 2438 gentes
1721 2369 1932 2423 scilicet

339 2456 791 2526 subjectae,reges
818 2456 1126 2520 illarum,et
1156 2463 1513 2510 mercatores.
1535 2456 1656 2510 Hoc
1679 2457 1846 2511 duces
1875 2463 1932 2510 et

339 2545 639 2616 principes,
687 2545 782 2615 qui
812 2561 946 2598 suas
983 2545 1200 2598 animas
1234 2546 1457 2599 venales
1486 2545 1717 2610 faciunt,
1741 2553 1806 2599 ut
1837 2563 1930 2599 ac-

338 2634 565 2704 quirant
592 2634 892 2687 comitatus
921 2640 977 2687 et
1001 2633 1725 2704 episcopatus,c:eterasque
1749 2634 1930 2704 digni-

337 2729 483 2776 tates
499 2723 665 2790 hujus
681 2723 1023 2776 saaculi.Tria
1045 2729 1235 2776 autem
1255 2740 1464 2792 genera
1485 2723 1747 2777 vitiorum
1771 2731 1924 2777 sunt:

337 2811 581 2872 lascivia,
626 2811 1043 2880 gastrimargia,
1077 2818 1135 2863 et
1160 2811 1418 2879 avaritia,
1451 2829 1484 2864 a
1512 2812 1714 2881 quibus
1743 2813 1931 2865 omnia

337 2906 565 2971 peccata
589 2899 886 2968 prodeunt.
912 2900 975 2953 In
1005 2899 1230 2952 nomine
1259 2901 1407 2952 enim
1431 2900 1816 2953 fornicationis
1848 2901 1931 2954 la-

338 2989 506 3041 scivia
537 2988 884 3057 voluptatum
910 3006 921 3040 :
949 2987 1006 3040 in
1033 2987 1235 3042 virtute
1274 2987 1624 3052 deliciarum,
1655 2989 1799 3058 gulae
1837 3005 1932 3058 ap-

2011 1834 2328 1905 Babyloniae
2354 1836 2618 1890 membris
2642 1839 2926 1895 dicuntur.
2952 1844 3226 1900 Caeterum
3262 1853 3604 1918 generaliter

2009 1929 2144 1976 tunc
2165 1931 2388 1993 peccata
2400 1926 2650 1994 ejusdem
2667 1929 2917 1998 corporis
2928 1947 3105 2002 usque
3117 1935 3187 1988 ad
3199 1938 3398 1992 caelum
3414 1957 3603 2011 perve-

2012 2011 2326 2072 niunt,cum
2353 2014 2650 2068 novissime
2688 2016 3074 2089 principaliter
3100 2024 3183 2077 vel
3207 2025 3449 2095 pleniter
3468 2047 3602 2085 con-

2012 2106 2101 2152 tra
2131 2101 2305 2153 Deum
2333 2101 2389 2154 in
2447 2103 2766 2172 superbiam
2796 2107 3052 2179 erigitur,
3084 2114 3306 2182 quando
3354 2118 3603 2174 adunata

2012 2205 2279 2259 compage
2317 2190 2720 2259 membrorum,
2745 2197 3042 2265 conjuncto
3081 2202 3252 2255 etiam
3291 2221 3392 2274 per
3436 2209 3604 2262 Anti-

2012 2278 2284 2331 Christum
2305 2279 2486 2349 capite
2518 2281 3133 2341 membrisimmanitas
3146 2296 3605 2362 transgressionis

2013 2367 2136 2435 ejus
2164 2366 2393 2432 indicat,
2431 2368 2564 2438 quia
2585 2385 2696 2422 non
2723 2372 2966 2426 estultra
2993 2391 3103 2444 quo
3124 2381 3402 2448 peccando
3417 2389 3604 2441 trans-

2013 2462 2124 2510 eat.
2150 2456 2267 2509 Vox
2297 2474 2430 2527 ergo
2486 2475 2596 2528 qua
2642 2459 2891 2514 dicitur?
2949 2466 3101 2518 Exite
3153 2470 3215 2521 de
3264 2487 3344 2536 ea,
3368 2478 3606 2542 populus

2014 2560 2183 2609 meus,
2213 2552 2270 2598 et
2307 2562 2377 2598 ne
2400 2546 2524 2599 sitis
2557 2548 2858 2620 participes
2877 2551 3353 2622 delictorum,toto
3375 2562 3605 2630 quidem

2012 2651 2162 2687 nunc
2179 2641 2432 2704 tempore
2461 2652 2626 2690 aures
2656 2638 2958 2693 electorum
2991 2643 3194 2711 pulsat,
3228 2649 3321 2700 sed
3353 2656 3486 2704 tunc
3514 2653 3610 2707 in-

2014 2721 2256 2774 stantius
2294 2722 2576 2787 clamabit,
2623 2740 2748 2777 cum
2774 2727 3124 2798 jamjamque
3159 2732 3376 2788 delictis
3401 2739 3606 2793 caelum

2013 2810 2609 2896 tangentibus,perﬁda
2628 2813 2823 2868 civitas
2861 2816 2930 2868 ad
2957 2817 3176 2872 debitas
3204 2824 3604 2893 suppliciorum

2013 2899 2206 2968 plagas
2236 2899 2293 2951 in
2332 2899 2573 2953 articulo
2612 2901 2723 2954 diei
2771 2905 3110 2972 pervenerit.
3146 2907 3376 2965 Dicatur
3425 2930 3558 2984 ergo
3591 2935 3602 2970 :

2013 2987 2170 3040 Exite
2195 2989 2257 3040 de
2285 3005 2365 3049 ea,
2387 2992 2627 3056 populus
2658 3007 2829 3056 meus,
2865 2997 2970 3046 etc.
3004 2995 3082 3046 Ac
3130 2995 3176 3048 si
3209 2997 3508 3070 diceretur,
3544 3011 3608 3059 ut

340 3076 550 3147 petitus
577 3095 587 3128 :
619 3075 678 3128 in
703 3075 994 3141 ditatione,
1021 3082 1395 3130 mercatorum
1417 3076 1652 3130 avaritia
1680 3077 1934 3147 designa-
1954 3065 2240 3129 Caeternis
2269 3075 2594 3131 verberibus
2631 3095 2758 3132 cum
2812 3081 3050 3150 reproba
3085 3083 3308 3140 civitate
3346 3105 3458 3144 non
3497 3065 3602 3146 vaf-

337 3171 452 3220 tur.

413 3257 480 3310 Et
498 3257 692 3309 audivi
716 3258 955 3309 alteram
984 3271 1160 3308 vocem
1187 3257 1449 3310 dicentem
1477 3276 1491 3310 :
1525 3258 1677 3311 Exite
1717 3259 1780 3310 de
1809 3259 1930 3317 illa,

337 3347 582 3414 populus
612 3343 903 3397 meusNox
929 3343 1162 3408 ista,vox
1191 3344 1528 3414 intelligitur
1557 3346 1657 3399 Dei
1687 3346 1938 3416 omnipo-

345 3433 536 3497 tentis,
561 3433 657 3503 qui
688 3432 937 3501 quotidie
953 3433 1176 3496 clamat,
1202 3433 1434 3486 hortans
1463 3434 1666 3488 electos
1695 3434 1809 3488 sive
1840 3451 1940 3504 per

347 3522 659 3576 doctrinam
690 3521 960 3584 ﬁdelium,
996 3521 1110 3573 sive
1158 3538 1259 3591 per
1286 3522 1568 3576 internam
1609 3524 1936 3594 inspiratio-

349 3628 500 3675 nem,
526 3618 585 3665 ut
625 3616 824 3665 exeant
850 3610 920 3663 de
947 3609 1246 3680 Babylone.
1279 3610 1387 3664 Sed
1417 3611 1572 3664 illam
1597 3628 1936 3681 vocem,quze

348 3701 414 3753 ﬁt
439 3701 495 3753 in
527 3717 660 3753 aure
683 3716 781 3769 per
800 3698 1042 3752 ofﬁcium
1056 3699 1679 3769 przedicatorum,simul
1701 3700 1942 3753 audiunt

347 3785 480 3840 boni
505 3795 561 3840 et
594 3787 756 3839 mali:
790 3787 953 3840 istam
976 3794 1165 3841 autem
1194 3804 1316 3857 quae
1336 3788 1400 3841 ﬁt
1430 3788 1489 3840 in
1518 3787 1817 3849 corde,soli
1845 3803 1939 3840 au-

349 3875 515 3929 diunt
537 3875 850 3943 justi.Dicit
895 3892 1028 3946 ergo
1055 3893 1065 3927 :
1094 3876 1251 3929 Exite
1278 3875 1350 3929 de
1378 3876 1739 3945 illa,populus
1761 3889 1938 3931 meus.

351 3981 463 4018 non
494 3980 747 4034 corpore,
777 3965 912 4034 quia
960 3981 1072 4018 non
1111 3963 1363 4036 potestis,
1399 3965 1496 4017 sed
1538 3970 1742 4018 mente.
1779 3962 1940 4029 Quod

349 4053 540 4108 statim
555 4053 878 4106 manifestat
897 4069 1024 4106 cum
1045 4052 1334 4123 subjungit
1357 4075 1368 4109 :
1390 4053 1456 4106 Et
1476 4069 1541 4105 ne
1557 4056 1852 4120 participes
1873 4056 1945 4106 si-

353 4146 423 4196 tis
460 4143 785 4195 detictorum
815 4145 952 4209 ejus.
986 4140 1051 4194 In
1077 4141 1338 4211 prazsenti
1367 4142 1515 4195 enim
1549 4142 1678 4208 vita,
1713 4158 1944 4212 corpore

353 4229 581 4300 quidem
612 4229 742 4283 boni
763 4246 889 4283 cum
919 4229 1080 4282 malis
1107 4235 1419 4295 morantur,
1449 4230 1542 4284 sed
1572 4237 1761 4284 tamen
1778 4230 1946 4284 mori-

2017 3163 2311 3233 ﬂigamini,
2370 3165 2503 3218 dum
2543 3167 2727 3220 adhuc
2756 3169 3034 3223 modicum
3071 3178 3294 3243 tempus
3331 3188 3606 3251 superest,

2017 3252 2502 3322 participationem
2559 3255 2893 3309 delictorum
2947 3257 3142 3328 fugite,
3175 3264 3439 3331 quoniam
3485 3270 3607 3338 jam

2019 3340 2295 3394 terminus
2323 3343 2816 3414 appropinquabit,
2856 3361 2966 3415 quo
3004 3355 3231 3416 peccata
3259 3351 3510 3409 debitum
3540 3360 3610 3412 ﬁ-

2018 3444 2147 3481 nem
2175 3429 2454 3500 accipiant
2505 3431 2568 3484 Et
2590 3434 2906 3486 recordatus
2935 3439 3009 3487 est
3038 3437 3308 3493 Dominus
3329 3443 3468 3498 Deus
3491 3448 3609 3499 ini-

2019 3519 2297 3582 quitatum
2318 3519 2760 3586 ejus.Recordari
2790 3522 2995 3576 dicitur
3024 3525 3311 3590 Deus,non
3336 3532 3483 3600 quod
3510 3535 3607 3588 ali-

2022 3606 2244 3674 quando
2264 3606 2596 3660 oblivionem
2628 3609 2894 3678 patiatur,
2919 3611 3017 3664 sed
3045 3629 3200 3667 more
3229 3624 3423 3672 nostro
3456 3621 3612 3675 Scri-

2021 3698 2188 3762 ptura
2214 3694 2481 3763 loquitur,
2512 3695 2962 3750 condescendens
2979 3699 3272 3769 fragilitati
3303 3711 3612 3774 nostrae,si-

2022 3787 2113 3834 cut
2143 3782 2526 3851 supradictum
2558 3785 2905 3839 est.Videtur
2923 3786 3074 3840 enim
3096 3789 3359 3848 oblivioni
3385 3797 3609 3852 tradere

2024 3868 2170 3922 bona
2192 3871 2560 3938 justorum,et
2587 3872 2736 3926 facta
2763 3873 3318 3949 impiorum.quando
3339 3882 3478 3939 istos
3494 3901 3616 3957 per-

2024 3957 2197 4011 mittit
2225 3959 2418 4029 afﬂigi,
2441 3961 2564 4015 illos
2593 3968 2782 4016 autem
2814 3964 3120 4020 honoribus
3153 3975 3210 4022 et
3245 3971 3614 4042 dignitatibus

2024 4047 2504 4116 pollere.Econtra
2532 4050 2590 4104 in
2615 4051 2844 4120 judicio,
2877 4053 3025 4107 facta
3045 4054 3318 4112 bonorum
3340 4055 3618 4118 videbitur

2025 4135 2476 4200 recordare,cum
2501 4155 2595 4192 eos
2622 4156 2721 4210 pro
2749 4141 2865 4194 suis
2893 4141 3053 4196 bonis
3082 4149 3468 4204 remunerabit
3485 4169 3618 4222 ope-

2028 4224 2214 4278 ribus:
2247 4231 2303 4279 et
2343 4226 2486 4281 bona
2511 4227 2810 4298 impiorum
2868 4230 3130 4287 oblivioni
3163 4235 3363 4303 tradet,
3407 4241 3502 4310 qui
3557 4242 3615 4296 in

355 4318 459 4372 bus
471 4326 526 4372 et
550 4318 844 4388 vitalonge
873 4317 944 4370 ab
965 4335 1159 4372 eorum
1181 4319 1462 4372 consortio
1483 4319 1711 4373 distant.
1732 4318 1946 4373 Idcirco
2029 4315 2292 4382 praesenti
2330 4317 2841 4371 remunerationem
2870 4320 3170 4391 reeipiunt,
3203 4325 3352 4380 unde
3389 4327 3500 4382 illis
3539 4331 3621 4386 di-

355 4407 478 4478 ipsa
509 4423 608 4460 vox
635 4406 736 4461 Dei
769 4411 979 4473 monet,
1005 4417 1069 4460 ut
1093 4415 1293 4460 exeant
1317 4407 1385 4460 de
1416 4424 1481 4461 ea
1502 4415 1690 4462 mente
1711 4414 1768 4462 et
1783 4407 1950 4462 mori-
1971 4415 2014 4471 ι]
2033 4404 2577 4461 centibuszNonnein
2596 4412 2819 4463 nomine
2837 4415 3402 4484 tuoprophetavimus,
3417 4422 3622 4478 Das-mo-

355 4495 462 4549 bus
498 4501 556 4550 et
585 4495 833 4556 vita,non
872 4511 1104 4565 corpore
1129 4513 1140 4547 :
1174 4502 1232 4549 et
1259 4513 1328 4549 ne
1361 4496 1661 4567 participes
1684 4497 1798 4551 sint
1817 4497 1953 4550 deli-
2036 4496 2133 4547 nia
2162 4497 2491 4562 ejecimus,et
2514 4499 2746 4552 virtutes
2775 4503 2982 4555 multas
2999 4504 3233 4568 fecimus
3247 4509 3459 4570 (Matth.
3480 4519 3577 4579 vn)
3598 4515 3624 4569 ?

357 4591 575 4638 ctorum
607 4584 853 4648 illius,ne
891 4585 1032 4638 forte
1060 4586 1198 4638 ﬁant
1212 4591 1269 4638 et
1298 4586 1433 4639 socii
1450 4602 1763 4656 poenarum.
1793 4587 1953 4650 Quod
2035 4583 2183 4636 dicet
2203 4583 2348 4638 illis:
2392 4587 2562 4639 Amen
2585 4587 2705 4640 dico
2725 4589 3074 4651 vobis,nescio
3103 4609 3192 4647 vos
3221 4597 3434 4660 (Matth.
3462 4603 3615 4670 xxv).

357 4673 405 4726 si
435 4673 571 4726 socii
598 4673 805 4727 fuerint
842 4674 1037 4744 culpae.
1071 4675 1281 4729 similes
1341 4681 1509 4730 erunt
1558 4683 1859 4731 tormento.
1893 4679 1950 4732 Si

358 4767 549 4815 autem
571 4761 640 4815 ab
671 4778 864 4816 eorum
886 4763 997 4817 vita
1024 4763 1234 4817 fuerint
1262 4764 1953 4836 separati,separabuntur

356 4851 417 4904 in
442 4865 624 4921 poena.
658 4851 817 4914 Quod
844 4851 901 4905 in
934 4852 1038 4906 Lot
1067 4853 1303 4923 probare
1342 4870 1658 4924 possumus,
1686 4854 1780 4925 qui
1822 4872 1950 4909 cum

359 4955 591 5009 corpore
621 4939 845 5010 quidem
868 4941 1268 4996 morabaturin
1301 4943 1481 4996 medio
1503 4943 1951 5013 iniquorum,sed

359 5034 552 5082 mente
581 5029 774 5098 procul
797 5034 919 5082 erat
936 5029 1006 5082 ab
1036 5047 1230 5085 eorum
1259 5031 1952 5102 conversatione.ldeoque

362 5115 578 5170 caeteris
600 5116 985 5186 pereuntibus,
1013 5117 1132 5187 ipse
1174 5118 1326 5172 solus
1357 5118 1566 5172 meruit
1601 5117 1853 5176 liberari.
1887 5121 1954 5173 Et

362 5222 476 5258 non
512 5207 799 5272 accipiatis
827 5207 890 5258 de
915 5209 1093 5273 plagis
1121 5210 1257 5274 eius.
1281 5208 1360 5260 Ac
1388 5207 1436 5259 si
1465 5206 1702 5260 diceret:
1739 5206 1953 5262 Idcirco

359 5293 547 5347 videte
577 5309 646 5346 ne
675 5294 976 5364 participes
1006 5293 1128 5346 sitis
1157 5294 1484 5348 delictorum
1525 5296 1668 5364 ejus,
1704 5311 1774 5348 ne
1812 5296 1954 5351 forte

362 5399 492 5436 cum
521 5389 748 5452 peccata
783 5383 935 5436 illius
963 5382 1176 5436 fuerint
1189 5383 1953 5454 consummata,paritercum

362 5469 756 5541 illaincipiatis
773 5469 1224 5540 afﬂigi.Quorum
1244 5470 1393 5523 enim
1415 5471 1582 5525 vitam
1599 5472 1838 5525 similem
1861 5471 1957 5526 ha-

364 5558 498 5613 bere
525 5559 585 5614 in
613 5560 856 5632 peccatis
882 5559 1160 5628 noluistis,
1186 5557 1458 5616 ultionem
1485 5577 1612 5615 cum
1644 5561 1725 5616 eis
1762 5577 1959 5633 parem

2107 4675 2324 4728 Reddite
2346 4677 2434 4728 illi
2452 4678 2594 4728 sicut
2619 4679 2734 4743 ipsa
2761 4678 2999 4730 reddidit
3022 4681 3516 4754 vobis.Alloquitur
3534 4690 3624 4743 hic

2033 4779 2217 4816 sermo
2246 4763 2468 4818 divinus
2494 4765 2726 4818 chorum
2768 4764 3080 4831 doctorum,
3121 4769 3324 4838 quibus
3351 4772 3619 4845 Babylon,

2034 4852 2139 4905 hoc
2167 4853 2580 4916 est,multitudo
2612 4850 2979 4921 reproborum
3003 4856 3150 4909 mala
3179 4856 3503 4916 intulit.Ubi
3525 4880 3625 4919 no-

1989 4959 1996 4965 ί
2031 4941 2290 5005 tandum,
2315 4941 2447 5011 quia
2475 4957 2587 4994 non
2620 4940 2777 5004 dixit,
2800 4941 2966 4996 facite
3011 4943 3094 4996 illi
3137 4948 3283 5000 sicut
3327 4948 3449 5019 ipsa
3493 4952 3624 5011 fecit

2036 5027 2210 5090 vobis,
2241 5028 2339 5081 sed
2370 5029 2578 5082 reddite
2619 5031 2710 5082 illi
2736 5033 2880 5083 sicut
2911 5033 3030 5098 ipsa
3080 5035 3322 5090 reddidit
3369 5040 3531 5096 vobis.
3566 5045 3625 5100 Si

2037 5118 2186 5170 enim
2208 5117 2660 5182 diceret,reddite
2689 5117 2770 5171 illi
2791 5118 2937 5173 sicut
2963 5120 3061 5174 illa
3088 5121 3218 5177 fecit
3242 5125 3414 5194 vobis,
3448 5133 3627 5188 mani-

2035 5206 2238 5260 festum
2269 5212 2435 5260 esset.
2468 5207 2714 5261 Ecclesia
2751 5208 2899 5261 enim
2937 5209 2996 5263 in
3022 5211 3138 5265 suis
3166 5213 3506 5288 principibus
3529 5223 3628 5292 ju-

2037 5295 2244 5348 dicabit
2294 5312 2489 5350 omnes
2546 5295 2832 5366 reprobos,
2862 5297 3064 5367 quibus
3118 5299 3392 5360 Dominus
3447 5308 3622 5363 dicit:

2037 5385 2299 5439 Sedebitis
2326 5401 2490 5452 super
2515 5387 2657 5438 sedes
2677 5386 2980 5452 duodecim,
2999 5391 3316 5456 judicantes
3343 5397 3626 5452 duodecim

2040 5475 2217 5526 tribus
2247 5475 2420 5527 Israel
2451 5475 2662 5531 (Matth.
2698 5481 2824 5540 xu).
2862 5475 2971 5530 Sed
2997 5479 3131 5548 quia
3158 5498 3304 5552 sazpe
3326 5483 3470 5537 Deus
3499 5501 3624 5539 om-

2038 5561 2299 5633 nipotens
2316 5578 2419 5634 per
2435 5561 2704 5634 reprobos
2723 5563 2876 5619 mala
2896 5563 3171 5623 bonorum
3190 5569 3624 5640 purgat,idcirco
