4048 6172
515 237 652 295 1159

929 179 1238 292 ΗᾹΥΜΟΝ
1243 235 1312 290 18
1348 235 1839 292 HALBERSTAT.
1881 235 2105 292 EPISC.

2189 233 2310 288 lPP.
2349 233 2536 291 PARS
2574 235 2620 291 Ι.
2661 265 2728 278 -—
2769 235 3139 292 COMMENT.
3182 236 3362 291 BIBL.

3643 233 3785 292 1160

511 367 699 417 autem
712 361 915 433 plurali
930 377 1165 415 numero
1185 360 1729 424 inseritur,membra
1741 360 2163 430 ejusdemRe-‘A
2182 361 2545 426 pigmentarii
2570 361 2758 430 (Cant.
2792 362 2871 426 v)?
2910 361 2978 415 Et
3007 377 3107 432 per
3135 361 3492 415 Psalmistam
3524 361 3735 415 dicitur
3769 380 3781 412 :

510 452 818 520 demptoris
838 467 938 522 per
958 466 1086 504 eum
1112 451 1446 518 ﬁgurantur,
1471 448 1674 518 quibus
1693 449 1978 519 apostolus
2003 448 2104 501 Pe-

509 547 634 595 trus
653 541 787 594 dicit
811 558 822 592 :
844 541 907 593 Et
928 556 1016 592 vos
1047 543 1313 606 tanquam
1345 539 1549 604 lapides
1579 541 1693 590 vivi
1711 538 2103 608 supersedi/ica-

510 632 658 682 mini
680 631 862 682 domos
886 629 1205 695 spirituales
1226 625 1280 695 (Ι
1298 628 1442 678 Petr.
1471 630 1552 691 Il).
1588 625 1903 695 Margaritee
1929 626 2098 678 etiam

510 717 757 782 nomine,
784 716 842 769 in
872 715 1144 784 singulari
1175 730 1408 767 numero
1439 713 1703 768 Dominus
1745 714 1906 767 Jesus
1937 714 2099 767 Chri-

510 812 630 860 stus
653 825 665 858 :
691 806 747 858 in
769 803 973 874 plurali
995 819 1122 856 vero
1142 801 1381 873 apostoli
1401 802 1655 872 ejusdem
1676 803 2100 871 ﬁgurantur.De

511 893 713 964 quibus
734 893 794 945 in
818 893 922 945 hac
941 891 1137 944 eadem
1159 889 1495 960 Apocalypsi
1535 889 1740 943 dicitur
1765 907 1777 941 :
1800 890 1864 942 Et
1893 889 2100 942 duode-

510 986 619 1036 cim
645 987 816 1051 porta:
857 982 1141 1034 duodecim
1183 981 1504 1044 margaritae
1530 983 1659 1030 sunt
1685 993 1784 1045 per
1813 981 2090 1043 singulas.

509 1071 694 1139 (Apoc.
730 1074 908 1136 xvm).
941 1068 1006 1121 In
1034 1067 1201 1138 bysso
1232 1083 1362 1119 vero
1395 1065 1830 1135 justiﬁcationes
1877 1071 2100 1119 sancto-

508 1174 636 1211 rum
656 1157 1066 1226 intelliguntur.
1083 1155 1147 1206 ln
1173 1169 1424 1224 purpura
1454 1152 1808 1222 martyrium.
1835 1152 1899 1205 In
1929 1152 2106 1206 serico

509 1246 820 1316 virginitas.
875 1246 938 1298 In
979 1259 1140 1296 cocco
1172 1257 1304 1295 vera
1333 1235 1596 1294 Charitas.
1630 1239 1697 1293 In
1727 1240 1880 1309 ligno
1908 1239 2105 1310 thyino

510 1353 576 1389 ac
602 1335 868 1406 pretioso,
893 1330 1207 1386 constantia
1235 1329 1528 1383 durabilis.
1556 1328 1616 1381 In
1648 1327 1813 1382 ebore
1836 1329 2102 1381 virtutum

511 1422 888 1494 pulchritudo.
930 1421 994 1473 In
1024 1436 1133 1472 aere
1170 1417 1440 1479 fortitudo
1484 1423 1542 1470 et
1572 1417 1990 1486 longanimitas,
2020 1417 2104 1469 vel

513 1517 662 1565 certe
692 1507 1103 1580 praedicationis
1144 1506 1447 1561 sonoritas.
1486 1507 1549 1559 In
1589 1505 1735 1558 ferro
1779 1505 2105 1558 subtilitatis

513 1614 771 1652 acumen.
804 1598 868 1651 In
897 1611 1179 1649 marmore
1209 1594 1415 1647 invicta
1444 1593 1756 1646 humilitas.
1789 1593 1918 1646 Haec
1948 1592 2106 1646 deni-

2183 447 2481 512 Dirigatur
2499 452 2677 502 oratio
2699 465 2819 503 mea
2840 449 2977 502 sicut
2997 452 3285 502 incensum
3309 453 3367 502 in
3393 455 3672 516 conspectu
3691 455 3790 501 tuo

2181 533 2347 604 (Psal.
2381 536 2449 602 ο).
2482 536 2765 605 Unguenti
2817 554 3037 607 quoque
3093 537 3320 590 nomine
3349 538 3471 608 ipsa
3519 537 3788 590 divinitas

2180 620 2471 677 incarnata
2490 625 2952 694 intelligitur.Cui
2973 627 3029 679 in
3051 627 3297 680 Canticis
3320 627 3665 679 canticorum
3698 625 3791 678 di-

2183 710 2360 764 citur:
2393 713 2743 779 Unguentum
2773 719 3004 780 effusum
3040 721 3412 768 nomentuum
3437 716 3621 780 (Eant.
3647 715 3794 780 I).Et

2182 799 2315 852 alibi
2340 819 2351 851 :
2382 802 2525 855 Odor
2556 810 2970 870 unguentorum
3005 809 3229 857 tuorum
3252 821 3416 872 super
3445 808 3637 857 omnia
3657 820 3797 857 aro-

2182 893 2333 941 mata
2355 890 2557 956 (Ibid).
2587 891 2710 944 Jam
2745 908 2891 956 vero,
2931 891 2978 944 si
3013 893 3372 945 attendamus
3400 892 3642 962 qualiter
3669 892 3797 944 haec

2182 975 2570 1030 fraudulenter
2585 995 2645 1031 se
2667 979 2873 1033 habere
2893 980 3044 1033 dicat
3058 997 3189 1049 pars
3210 979 3796 1050 adversa,quibusque

2181 1064 2384 1117 ablatis
2404 1067 2767 1121 vehementer
2790 1068 3044 1121 videatur
3057 1069 3253 1137 afﬂigi,
3277 1069 3335 1122 in
3357 1069 3716 1125 cinnamomo
3733 1074 3797 1120 et

2188 1169 2412 1207 amomo
2440 1155 2711 1209 fetentem
2753 1157 2925 1210 vitam
2973 1157 3384 1223 haereticorum,
3412 1158 3516 1210 sub
3554 1156 3794 1210 obtentu

2189 1242 2496 1312 odoris,qui
2511 1250 2702 1298 manat
2714 1262 2778 1298 ex
2800 1245 3100 1300 virtutibus
3120 1251 3439 1299 sanctorum
3453 1245 3792 1299 imitandam

2188 1332 2440 1400 opponit.
2467 1333 2546 1385 De
2560 1332 2761 1402 quibus
2774 1334 2979 1387 dicitur
3003 1342 3260 1388 econtra:
3285 1335 3350 1387 Et
3374 1337 3484 1387 erit
3503 1351 3607 1401 pro
3627 1337 3794 1386 suavi

2187 1421 2346 1472 odore
2368 1422 2652 1487 fetor(lsa.
2685 1433 2781 1484 ur).
2818 1423 2881 1475 In
2908 1423 3141 1476 diversis
3169 1428 3358 1476 autem
3383 1422 3790 1487 odoramentis,

2187 1507 2375 1559 ﬁctam
2399 1508 2816 1579 hypocritarum
2848 1511 3205 1564 sedulitatem
3233 1511 3431 1564 orandi
3455 1511 3596 1564 bene
3617 1527 3795 1564 oran-

2191 1593 2332 1646 tium
2356 1594 2726 1649 similitudine
2748 1596 3164 1662 obumbratam,
3188 1596 3398 1666 objicit.
3423 1598 3488 1650 ln
3500 1604 3796 1666 unguento

515 1703 623 1758 que
651 1685 844 1740 omnia
891 1685 1220 1754 plerumque
1255 1700 1315 1736 se
1356 1682 1561 1736 habere
1590 1681 1923 1736 obumbrata
1968 1680 2168 1739 veri-B
2190 1699 2322 1736 vero
2344 1684 2991 1752 pseudochristianorum
3010 1686 3370 1755 asperitatem
3389 1686 3494 1739 sub
3518 1687 3798 1740 velamine

513 1775 694 1829 simile
718 1773 996 1844 gloriatur
1021 1771 1221 1836 bestia,
1244 1772 1330 1824 vel
1361 1771 1556 1824 civitas
1587 1770 1872 1834 meretrix,
1899 1786 2022 1823 cum
2050 1770 2107 1822 in

513 1881 673 1930 auro,
696 1864 782 1917 vel
801 1864 857 1916 in
880 1867 1113 1932 argento
1136 1861 1597 1931 philosophorum
1621 1865 1679 1912 et
1717 1859 2108 1912 haereticorum

514 1953 829 2007 doctrinam
851 1950 1112 2005 ostendit.
1132 1950 1197 2003 In
1217 1948 1401 2018 lapide
1423 1947 1757 2018 pretioso,ac
1777 1946 2106 2016 margarita,

513 2041 968 2113 pseudochristos
1002 2038 1087 2091 vel
1140 2037 1676 2107 pseudoprophetas,
1716 2042 1885 2105 atque
1932 2036 2109 2088 haere-

514 2130 762 2183 siarchas
791 2127 1041 2198 opponit.
1068 2127 1134 2180 In
1157 2125 1322 2195 bysso
1339 2124 1674 2193 injustitiam
1698 2123 1931 2176 obtentu
1937 2123 2109 2192 justi-

515 2220 607 2272 tia:
629 2219 976 2286 adopertam.
1003 2216 1067 2268 In
1083 2230 1334 2284 purpura
1358 2211 1800 2265 interfectionem
1822 2211 2109 2264 hmretico-

517 2321 641 2358 rum
672 2303 919 2372 tegmine
944 2307 1257 2370 martyrum
1286 2298 1493 2352 Christi
1534 2299 1795 2352 velatam.
1827 2299 1890 2351 ln
1932 2297 2108 2350 serico

516 2392 932 2462 corruptionem
955 2389 1160 2444 mentis
1180 2387 1505 2456 integritate
1542 2385 1726 2439 carnis
1764 2402 2100 2456 oppansam.

516 2483 581 2537 In
601 2496 762 2535 cocco
791 2477 1207 2533 simulationem
1231 2475 1524 2529 charitatis
1549 2474 1882 2528 crudelitate
1908 2473 2110 2543 pallia-

515 2575 655 2627 tam.
681 2569 745 2622 In
770 2569 923 2638 ligno
953 2566 1150 2637 thyino
1179 2582 1242 2618 ac
1269 2563 1532 2634 pretioso,
1563 2562 1802 2617 durabili
1845 2569 2106 2616 constan-

514 2659 613 2724 tia,
657 2657 862 2711 mentis
906 2655 1340 2709 obstinationem
1390 2651 1809 2708 obumbratam.
1847 2652 1908 2705 In
1943 2650 2110 2704 ebore

514 2743 875 2799 simulatione
921 2743 1212 2805 virtutum,
1247 2740 1506 2793 vitiorum
1551 2738 1958 2808 turpitudinem
2011 2737 2111 2790 ob—

512 2839 746 2890 tectam.
783 2833 848 2886 ln
877 2848 1005 2893 aere,
1037 2829 1352 2884 fortissima:
1397 2827 1810 2898 praedicationis
1840 2826 2108 2896 tegmine,

511 2923 826 2978 durabilem
854 2927 1024 2991 atque
1054 2917 1428 2972 sonorabilem
1465 2915 1756 2986 perﬁdiam
1783 2914 2098 2984 palliatam.

2191 1769 2441 1824 lenitatis
2453 1772 2660 1825 Christi
2677 1779 2879 1825 tectam
2899 1779 3163 1826 ostentat.
3193 1773 3443 1836 Quarum
3465 1774 3801 1828 simulatio-

2192 1874 2329 1912 num
2359 1859 2662 1914 subtractis
2691 1860 3032 1925 auctoribus,
3077 1862 3346 1915 amariter
3372 1864 3544 1915 mund
3557 1881 3620 1915 us
3661 1866 3802 1916 ﬂere

2191 1947 2548 2011 describitur,
2573 1949 2718 2002 sicut
2738 1949 2890 2002 ﬂevit
2909 1950 3082 2015 Nero,
3102 1956 3298 2003 necato
3338 1950 3570 2004 Simone
3604 1967 3801 2020 mago,

2192 2042 2249 2088 et
2272 2036 2417 2088 sicut
2447 2037 2631 2090 moesti
2659 2038 2793 2090 facti
2823 2045 2956 2091 sunt
3000 2039 3244 2092 haeretici
3290 2055 3354 2092 ex
3408 2045 3593 2092 morte
3645 2040 3796 2100 Arii,

2192 2123 2288 2193 qui
2309 2140 2434 2176 eum
2462 2140 2562 2177 nec
2580 2125 2909 2178 damnatum
2933 2125 3142 2178 imitari
3172 2127 3476 2180 desierunt.
3502 2127 3715 2180 Vinum
3744 2135 3805 2180 et

2192 2212 2399 2278 oleum,
2421 2212 2604 2266 simila
2625 2219 2681 2266 et
2701 2213 2952 2266 triticum
2976 2215 3258 2284 pertinent
3281 2215 3351 2268 ad
3379 2206 3805 2285 gustum,quze-

2193 2315 2301 2370 que
2353 2300 2434 2353 ita
2474 2301 2660 2354 fauces
2699 2301 2959 2366 illiciunt,
2991 2309 3056 2356 ut
3091 2309 3147 2355 et
3176 2318 3242 2355 ea
3288 2319 3411 2372 quae
3456 2305 3516 2355 in
3557 2303 3803 2356 veritate

2192 2387 2533 2457 signiﬁcant,
2565 2390 2872 2443 electorum
2899 2390 3257 2444 demulceant
3293 2391 3476 2444 cordis
3514 2392 3799 2460 palatum,

2193 2481 2249 2528 et
2278 2492 2343 2529 ea
2373 2494 2496 2546 quae
2541 2494 2606 2530 ex
2653 2494 2846 2531 eorum
2906 2478 3046 2532 falsa
3099 2479 3418 2532 imitatione
3471 2487 3802 2544 assumunt,

2192 2565 2384 2618 suavia
2403 2565 2705 2620 credantur
2735 2567 3016 2620 mentibus
3045 2567 3432 2637 reproborum.
3458 2567 3566 2620 Per
3603 2570 3798 2621 vinum

2193 2653 2399 2722 quippe
2421 2670 2627 2707 novum
2655 2655 2979 2724 designatur
3013 2662 3430 2719 testamentum,
3458 2655 3606 2725 quod
3627 2657 3798 2709 audi-

2198 2747 2385 2794 torum
2417 2743 2635 2795 mentes
2674 2743 2958 2808 debrians,
2992 2745 3188 2796 mundi
3215 2744 3682 2814 concupiscentiis
3705 2744 3803 2798 in-

2195 2829 2486 2884 sensibiles
2516 2831 2719 2898 reddit,
2753 2832 2901 2885 unde
2934 2832 3204 2886 Dominus
3243 2833 3302 2886 in
3341 2833 3551 2903 nuptiis
3586 2849 3797 2902 aquam

2196 2916 2386 2970 vinum
2411 2918 2606 2972 fecisse
2626 2926 2907 2973 narratur.
2929 2919 3072 2984 Quid
3096 2927 3284 2974 autem
3315 2938 3416 2990 per
3443 2921 3650 2986 oleum,
3685 2923 3792 2975 nisi

512 3013 578 3067 In
607 3013 752 3065 ferro
781 3016 990 3070 autem,
1033 3007 1291 3061 acumine
1320 3003 1702 3059 subventionis
1723 3003 1991 3057 astutiam
2015 3002 2107 3055 de-
2134 3034 2178 3093 Ο
2201 3006 2390 3058 unctio
2420 3006 2662 3076 Spiritus
2705 3007 2885 3061 sancti
2933 3009 3246 3078 ﬁguratur?
3290 3009 3448 3062 Unde
3485 3008 3790 3062 Psalmistae

513 3099 785 3170 ceptionis
809 3098 1082 3152 caelatam.
1101 3095 1167 3148 In
1190 3111 1469 3148 marmore
1491 3092 1827 3147 humilitatis
1852 3091 2112 3145 similitu-

513 3189 644 3241 dine
690 3189 842 3240 falsze
888 3184 1269 3254 subjectionis,
1303 3183 1676 3252 muscipulam
1718 3179 2111 3234 obumbratam

514 3275 826 3344 anteponit.
874 3273 1017 3335 Quia
1054 3287 1186 3339 ergo
1224 3272 1340 3323 haec
1397 3270 1588 3324 omnia
1620 3269 1770 3322 falsa:
1818 3267 2110 3337 religionis

515 3363 753 3416 obtentu
788 3360 971 3414 velata
1011 3359 1448 3421 confunduntur,
1508 3364 1676 3426 atque
1709 3357 1779 3409 ad
1816 3356 2108 3409 interitum

513 3451 812 3514 tolluntur,
843 3456 994 3502 recte
1024 3447 1266 3500 mundus
1297 3446 1354 3498 in
1379 3445 1632 3516 reprobis
1659 3443 1858 3498 iisdem
1902 3443 2108 3497 divitiis

511 3540 674 3610 inops
695 3539 922 3592 eﬂ'ectus
952 3538 1152 3589 ﬂorere
1181 3533 1542 3591 describitur.

563 3629 630 3682 Et
656 3632 1073 3682 cinnamomum
1096 3638 1152 3678 et
1171 3639 1459 3678 amomum
1480 3628 1529 3676 et
1549 3623 2109 3686 odoramento~rum,ct

513 3719 808 3785 unguenti,
840 3720 889 3768 et
914 3716 1118 3778 thuris,
1148 3719 1195 3766 et
1222 3715 1345 3766 cini
1371 3717 1420 3765 et
1441 3716 1564 3766 oleae
1585 3717 1633 3765 ct
1651 3714 1853 3765 similae
1871 3716 1918 3764 et
1936 3713 2112 3764 tritici

513 3812 562 3860 et
580 3809 970 3875 jumentorum
999 3808 1046 3856 et
1075 3805 1257 3855 ovium
1285 3806 1334 3855 et
1361 3816 1628 3868 equorum
1657 3806 1704 3852 et
1735 3801 2038 3853 rhedar-um
2061 3803 2108 3851 et

512 3896 923 3962 mancipiorum
959 3897 1005 3944 et
1035 3894 1364 3944 animarum
1413 3890 1723 3942 hominum.
1767 3887 2112 3942 Subauditur

513 3999 736 4054 semper
757 3998 790 4035 a
809 3979 1212 4052 superioribus,
1238 3993 1452 4032 merces
1481 3993 1646 4030 nemo
1667 3982 1816 4030 emet
1833 3976 2074 4046 amplius
2089 4021 2101 4032 .

515 4072 593 4126 Ex
622 4070 707 4123 his
759 4068 1014 4139 quaedam
1065 4066 1350 4136 pertinent
1397 4065 1468 4118 ad
1517 4063 1801 4128 olfactum,
1852 4064 2107 4134 quaedam

515 4165 706 4214 autem
735 4158 903 4212 simul
931 4156 1003 4209 ad
1031 4155 1297 4209 olfactum
1324 4158 1382 4207 et
1408 4157 1641 4207 tactum.
1676 4153 2109 4206 Cinnamomum

515 4249 668 4302 enim
698 4253 754 4301 et
778 4261 1064 4300 amomum
1102 4244 1562 4311 diversorumque
1595 4241 1960 4295 odoramenta
1995 4241 2112 4312 pig-

2193 3109 2323 3148 voce
2353 3095 2694 3166 redemptori
2727 3102 2920 3150 nostro
2960 3097 3193 3150 dicitur:
3227 3099 3481 3150 Ditea‘isti
3497 3101 3784 3165 justitiam

2193 3187 2244 3234 et
2264 3184 2428 3235 odisti
2454 3186 2835 3254 iniquitatem,
2859 3192 3146 3253 propterea
3177 3189 3342 3238 unxit
3385 3191 3430 3238 te
3457 3187 3613 3248 Deus,
3644 3186 3787 3238 Deus

2193 3275 2321 3323 tuus
2346 3275 2458 3324 oleo
2491 3275 2689 3325 latitia»
2710 3289 2827 3340 pra:
2855 3275 3197 3327 consortibus
3243 3277 3354 3326 tuis
3391 3276 3552 3341 (Psal.
3602 3277 3780 3340 κων).

2190 3358 2299 3412 Per
2341 3359 2584 3412 similam
2619 3377 2750 3414 vero
2792 3368 2849 3415 et
2897 3361 3174 3424 triticum,
3223 3379 3351 3416 caro
3399 3363 3793 3432 Redemptoris

2191 3447 2370 3500 nostri
2419 3448 2768 3518 exprimitur,
2801 3465 2912 3520 qua
2962 3450 3155 3504 ﬁdeles
3196 3451 3445 3520 quotidie
3481 3458 3784 3506 sanantur.

2194 3535 2326 3598 Quae
2356 3536 2568 3590 scilicet
2589 3537 2722 3590 dum
2754 3555 2884 3608 pars
2914 3538 3163 3608 reprobis
3191 3538 3431 3592 civitatis
3459 3537 3796 3591 obumbrata

2194 3622 2384 3677 bestia;
2411 3625 2738 3679 seductione
2781 3643 2842 3680 se
2890 3633 3053 3696 putat
3100 3627 3327 3691 habere,
3358 3633 3516 3680 tanto
3547 3626 3794 3697 amplius

2193 3712 2363 3773 dolet,
2400 3713 2446 3765 si
2476 3714 2776 3784 contigerit
2823 3715 3157 3784 perdidisse,
3199 3722 3408 3785 quanto
3456 3731 3793 3784 magnarum

2193 3815 2362 3869 opum
2389 3801 2612 3854 divitias
2633 3803 2741 3856 ista
2765 3803 3084 3872 signiﬁcare
3118 3803 3397 3857 videntur.
3423 3803 3568 3856 Nam
3599 3803 3793 3856 vinum

2193 3893 2248 3940 et
2276 3888 2460 3941 oleum
2495 3890 2750 3944 amisisse
2777 3891 2988 3957 dolent,
3021 3908 3147 3945 cum
3181 3891 3392 3945 vinacia
3417 3897 3475 3945 et
3501 3908 3790 3947 amurcam

2193 3976 2584 4045 perdiderunt.
2623 3979 2879 4032 Similam
2910 3987 2968 4032 et
2997 3980 3246 4033 triticum
3285 3980 3595 4050 perdidisse
3625 3998 3685 4035 se
3701 3999 3794 4052 ge~

2194 4071 2376 4130 munt,
2409 4083 2532 4119 cum
2565 4067 2778 4120 zizania
2807 4075 2862 4120 et
2887 4066 3078 4138 paleas
3109 4069 3440 4122 amiserunt.
3484 4069 3793 4124 Estimant

2192 4154 2340 4206 enim
2373 4170 2514 4208 verae
2541 4155 2670 4209 ﬁdei
2694 4157 3086 4225 praedicatores
3131 4157 3469 4224 subtractos,
3509 4157 3791 4227 spirituali

2193 4242 2447 4295 doctrina
2466 4245 2730 4312 repletos,
2761 4244 3004 4315 Spiritus
3032 4245 3209 4298 sancti
3239 4245 3618 4300 illustratione
3639 4248 3789 4300 afﬂa-

515 4342 858 4399 mentorum,
883 4339 940 4387 et
959 4334 1090 4386 thus
1110 4332 1181 4385 ad
1200 4331 1490 4396 olfactum,
1512 4336 1864 4400 unguentum
1885 4347 2014 4384 vero
2034 4330 2106 4384 ad
2123 4321 2170 4379 D
2189 4337 2294 4394 tos,
2319 4331 2640 4384 caalestibus
2653 4333 3020 4386 sacramentis
3048 4333 3118 4386 ad
3142 4333 3314 4386 vitam
3338 4335 3638 4400 enutritos,
3662 4352 3787 4390 cum

516 4429 731 4477 tactum
761 4422 931 4475 simul
959 4427 1018 4474 et
1040 4419 1307 4473 olfactum
1337 4418 1632 4488 redigitur.
1653 4419 1860 4473 Verum
1884 4435 2108 4490 quaera-

515 4515 738 4578 mus,ut
753 4509 1044 4580 coepimus,
1077 4506 1319 4578 qualiter
1346 4505 1463 4572 illa,
1507 4522 1629 4576 quae
1665 4505 1723 4559 in
1753 4505 1960 4560 bonum
1985 4507 2106 4561 istae

515 4601 732 4674 species
756 4598 1094 4670 signiﬁcant,
1112 4601 1348 4666 usurpet
1377 4611 1508 4666 pars
1527 4595 1778 4661 adversa,
1793 4596 2106 4666 quibusque

515 4689 720 4744 ablatis
751 4687 1019 4741 amariter
1043 4685 1267 4738 deﬂeat.
1297 4683 1405 4737 Per
1451 4683 1868 4737 cinnamomum
1899 4684 2106 4754 quippe

517 4785 573 4832 et
591 4792 898 4840 amomum,
918 4774 1056 4828 odor
1084 4772 1410 4842 designatur
1426 4772 1714 4838 virtutum,
1737 4773 1885 4826 unde
1915 4772 2105 4827 Eccle-

519 4868 605 4921 sia
623 4866 761 4920 dicit
784 4883 794 4918 :
825 4864 983 4918 Sicut
1005 4862 1422 4916 cinnamomum
1441 4866 1498 4914 et
1525 4876 1812 4914 amomum
1844 4861 2106 4915 aromati-

515 4971 646 5009 zans
674 4955 903 5008 odorem
926 4951 1073 5005 dedi.
1108 4950 1250 5004 Hinc
1273 4949 1482 5003 Paulus
1510 4949 1678 5004 dicit:
1705 4949 1914 5005 Christi
1931 4951 2104 5004 bonus

516 5045 649 5097 odor
677 5058 869 5096 sumus
898 5042 1003 5094 Deo
1029 5042 1090 5091 in
1113 5041 1270 5092 omni
1301 5040 1410 5091 loco
1441 5039 1518 5103 (ΙΙ
1557 5038 1678 5093 Cor.
1710 5038 1794 5106 Ii).
1827 5039 1890 5092 In
1920 5038 2104 5092 diver-

514 5145 703 5184 sorum
715 5144 844 5181 vero
856 5124 1234 5180 odoramentis
1257 5124 1670 5194 pigmentorum
1691 5131 1747 5177 et
1767 5125 1952 5190 thure,
1985 5142 2107 5179 ora-

512 5218 696 5272 tiones
716 5215 1106 5286 exprimuntur
1131 5218 1471 5266 sanctorum.
1505 5211 1648 5265 Hinc
1667 5212 1816 5266 enim
1833 5211 1890 5266 in
1911 5213 2102 5268 Canti-

514 5308 593 5362 cis
612 5305 802 5378 sponsi
822 5320 954 5357 voce
981 5303 1040 5356 in
1080 5301 1303 5355 laudem
1329 5300 1585 5354 Ecclesiae
1613 5301 1848 5355 dicitur:
1876 5303 2000 5368 Qua
2028 5309 2101 5356 est

512 5399 620 5449 ista
651 5409 768 5462 qua
793 5393 1034 5446 ascendit
1059 5405 1158 5456 per
1180 5389 1450 5442 desertum
1468 5391 1610 5441 sicut
1632 5391 1852 5456 virgula
1872 5391 2022 5456 fumi
2040 5407 2104 5443 ea:

515 5481 859 5537 aromatibus
882 5477 1126 5546 myrrha-
1155 5480 1203 5528 et
1245 5475 1452 5546 thuris,
1491 5481 1540 5529 et
1576 5479 1827 5531 universi
1854 5481 2102 5548 pulveris

2189 4436 2373 4489 prava:
2392 4420 2669 4474 haereseos
2697 4423 3020 4476 seductores
3060 4431 3324 4493 corrupta
3378 4425 3666 4477 sententia
3700 4425 3787 4478 in-

2188 4510 2380 4574 tectos,
2413 4510 2614 4579 spiritu
2644 4511 3046 4565 daemoniorum
3098 4513 3310 4582 plenos,
3343 4510 3616 4566 abusione
3657 4514 3787 4568 divi-

2188 4612 2390 4650 norum
2429 4608 2911 4652 sacramentorum
2958 4599 3272 4663 damnatos,
3305 4599 3529 4666 vellent,
3578 4601 3694 4654 imo
3740 4602 3785 4654 si

2187 4691 2418 4753 possent
2431 4685 2498 4738 de
2513 4686 2722 4740 mundo
2735 4686 2984 4741 sublatos
2993 4688 3323 4758 gauderent.
3355 4689 3531 4742 Porro
3556 4691 3621 4760 ju
3631 4707 3785 4744 men-

2189 4779 2265 4838 ta,
2285 4789 2414 4826 oves
2441 4779 2499 4826 et
2527 4774 2677 4844 equi,
2718 4783 2775 4828 et
2803 4783 3005 4829 cetera
3034 4775 3225 4829 uSIbus
3255 4777 3628 4831 exterioribus
3659 4784 3785 4832 sunt

2189 4866 2341 4930 apta,
2380 4861 2641 4931 quoniam
2665 4865 2863 4932 juvant
2897 4864 3153 4918 homines
3191 4867 3303 4918 sive
3348 4865 3406 4918 in
3457 4867 3781 4936 equitando,

2187 4949 2299 5004 sive
2328 4951 2387 5004 in
2411 4951 2637 5005 ferendo
2667 4969 2856 5007 onera.
2891 4954 3084 5008 Rheda
3113 4960 3301 5008 autem
3335 4971 3457 5024 qua:
3510 4956 3603 5010 hic
3642 4974 3784 5010 com-

2187 5045 2554 5103 memoratur,
2571 5057 2750 5110 genus
2772 5042 3007 5096 vehiculi
3027 5043 3134 5096 fuit
3153 5043 3300 5112 apud
3325 5043 3608 5113 antiquos,
3630 5052 3686 5098 et
3704 5051 3784 5098 est

2188 5126 2422 5181 forsitan
2449 5128 2630 5182 adhuc
2659 5129 2858 5183 similis
2889 5131 3155 5201 plaustris
3178 5131 3497 5196 rusticanis,
3521 5133 3782 5186 divitibus

2189 5215 2357 5284 hujus
2372 5216 2558 5270 saeculi
2577 5217 2642 5270 ad
2667 5219 2972 5272 sedendum
2987 5227 3323 5290 praeparata,
3349 5236 3471 5290 qua:
3491 5222 3662 5274 etiam
3675 5222 3780 5275 alio

2185 5305 2472 5372 vocabulo,
2501 5321 2698 5359 currus
2726 5314 2974 5361 vocatur.
3027 5309 3355 5378 Bujusmodi
3388 5309 3538 5362 enim
3585 5326 3779 5363 currus

2185 5392 2520 5446 venduntur.
2550 5401 2604 5446 et
2631 5394 2761 5448 inde
2792 5411 3009 5449 merces
3037 5397 3423 5467 acquiruntur,
3456 5397 3605 5451 sicut
3643 5399 3777 5468 legi-

2185 5495 2312 5536 mus
2325 5480 2384 5535 in
2400 5480 2545 5537 libro
2560 5497 2761 5553 regum
2775 5483 2846 5539 de
2861 5484 3102 5556 Egypto
3121 5487 3270 5540 exire
3291 5485 3630 5557 quadrigam
3658 5502 3777 5558 qua:
