4006 6164
203 230 361 287 1161

1154 230 1542 287 EXPOSITIO
1571 232 1650 286 IN
1678 232 2203 289 APOCALYPSIN.
2236 259 2302 276 -
2328 234 2466 289 LIB.
2499 235 2595 293 VI.

3345 240 3491 298 1162
3542 198 3549 205 ί

197 354 569 409 vendebatur
623 353 896 408 sexcentis
954 353 1104 407 siclis
1158 355 1395 425 argenti.
1433 356 1573 409 Cum
1622 358 2065 427 autemApoma
2091 357 2356 412 desiderii
2381 358 2582 413 animae
2611 360 2749 414 dicit
2774 377 2897 415 esse
2929 379 2941 415 :
2973 362 3123 416 unde
3172 363 3489 418 ostenditur

198 444 385 510 dixit,
411 452 470 498 et
501 444 906 515 mancipiorum
940 446 1447 503 merces,subaudis
1475 463 1639 500 nemo
1669 454 1818 501 emet

197 533 464 603 amplius
492 552 503 586 :
539 534 740 587 merito
768 534 1054 603 quaeritur,
1083 550 1254 604 quare
1275 535 1647 605 subjungit,et
1668 553 1815 591 mer-

200 639 309 676 ces
333 622 653 675 animarum
680 621 999 677 hominum.
1034 623 1300 692 Nunquid
1334 623 1485 675 enim
1539 624 1817 694 mancipia

202 710 343 763 sine
373 710 668 764 animabus
696 710 854 763 vendi
887 718 1124 781 possunt
1154 722 1253 764 aut
1273 712 1423 765 emi?
1452 714 1576 765 Non
1597 714 1812 783 utique,

202 799 319 852 sed
343 799 403 851 in
432 799 521 851 his
574 798 757 852 verbis
809 799 961 852 aliud
1019 800 1230 869 aliquid
1291 800 1650 869 intelligitur.
1677 803 1821 855 Sunt

204 886 374 940 enim
405 886 661 956 quaedam
693 887 991 955 mancipia,
1017 903 1139 956 qua:
1168 887 1557 939 tantummodo
1587 904 1819 956 corpore

207 974 562 1039 venduntur,
591 975 793 1028 anima:
823 990 950 1027 vero
984 975 1204 1028 illorum
1237 976 1296 1027 in
1324 974 1581 1028 libertate
1604 991 1821 1045 perma-

137 1074 148 1083 ‘
206 1068 379 1126 nent,
416 1062 562 1116 sicut
590 1063 649 1115 hi
680 1063 775 1132 qui
834 1063 1153 1116 vendantur
1205 1063 1557 1127 Christianis,
1600 1068 1655 1115 et
1694 1080 1821 1116 cum

208 1166 459 1220 corpore
488 1156 621 1203 sunt
647 1150 810 1216 servi,
848 1151 1039 1204 anima
1076 1168 1176 1221 per
1221 1152 1388 1204 ﬁdem
1450 1156 1659 1204 rectam
1689 1157 1823 1204 sunt

208 1239 409 1291 liberi.
447 1239 537 1292 Sic
563 1238 712 1292 enim
741 1239 1094 1293 venundatus
1142 1244 1226 1292 est
1266 1240 1473 1309 Joseph
1508 1258 1518 1291 :
1552 1239 1648 1308 qui
1693 1256 1821 1292 cum

209 1334 376 1381 esset
404 1344 598 1381 servus
616 1344 867 1397 corpore,
891 1327 1032 1380 liber
1051 1333 1173 1379 erat
1191 1327 1399 1390 anima,
1428 1327 1577 1381 unde
1604 1332 1660 1381 et
1696 1344 1825 1380 eum

212 1416 457 1468 domina
485 1416 556 1469 ad
583 1420 872 1486 peccatum
894 1417 1117 1469 trahere
1139 1432 1250 1468 non
1299 1416 1498 1485 potuit.
1526 1416 1688 1469 Tales
1717 1416 1825 1468 ita-

214 1520 337 1573 que
365 1520 480 1557 non
509 1504 567 1557 in
594 1504 783 1557 anima
813 1505 1153 1571 venduntur,
1186 1505 1319 1573 quia
1364 1504 1714 1557 solummodo
1754 1505 1825 1558 ad

214 1593 562 1646 exteriorem
593 1592 873 1645 servitutis
899 1592 1273 1645 conditionem
1296 1593 1491 1662 pretiis
1508 1593 1826 1646 distrahun-

210 1687 346 1749 tur,
370 1686 636 1734 manente
667 1680 903 1734 interius
929 1682 1129 1734 animae
1159 1681 1435 1734 libertate.
1459 1681 1826 1751 Pleriqueau-

214 1775 346 1823 tein
377 1768 546 1821 simul
578 1768 768 1821 anima
797 1772 1150 1839 captivantur
1192 1774 1249 1822 et
1296 1785 1550 1840 corpore,
1591 1770 1736 1822 sicut
1772 1770 1831 1823 hi

216 1857 328 1927 qui
358 1857 595 1927 paganis
652 1863 753 1910 aut
802 1858 1010 1911 Judaeis
1062 1856 1400 1921 venduntur,
1429 1857 1691 1927 quoniam
1725 1856 1833 1926 ipsi

216 1962 371 2016 quos
400 1951 619 2014 emunt,
635 1946 942 1999 secundum
972 1946 1155 2015 legem
1186 1946 1611 2010 circumcidunt,
1637 1951 1695 1999 et
1712 1962 1833 1998 ser-

214 2050 326 2087 vos
352 2034 660 2087 nonsolum
683 2050 936 2104 corpore,
954 2034 1051 2086 sed
1076 2034 1244 2087 etiam
1279 2034 1335 2087 in
1367 2034 1556 2087 anima
1574 2034 1785 2087 faciunt
1818 2052 1829 2086 :

218 2128 292 2176 ut
313 2122 461 2175 sicut
481 2122 717 2185 domini,
740 2123 822 2175 ita
841 2128 899 2176 et
917 2123 1061 2176 servi
1088 2122 1369 2176 servitutis
1399 2140 1542 2176 nexu
1565 2123 1678 2176 sint
1706 2122 1834 2175 alli-

215 2210 613 2281 gati.Propter
628 2211 730 2264 has
755 2211 945 2281 itaque
977 2212 1115 2264 duas
1142 2210 1833 2275 venditiones,distinctio-

219 2316 363 2353 nem
392 2299 524 2351 fecit
541 2317 724 2353 sermo
745 2300 967 2353 divinus
996 2300 1145 2353 inter
1163 2316 1401 2353 mercem
1426 2299 1834 2370 mancipiorum

222 2392 287 2442 et
309 2387 629 2441 animarum
652 2388 965 2441 hominum.
992 2388 1100 2442 Sed
1125 2395 1181 2441 et
1199 2387 1318 2441 ista:
1360 2388 1593 2456 singulae
1624 2387 1835 2457 species

224 2478 445 2529 electos
458 2476 946 2547 signiﬁcant,quas
958 2477 1152 2530 eadem
1164 2477 1343 2530 bestia
1353 2477 1547 2530 fraude
1560 2493 1619 2530 se
1630 2476 1836 2529 habere

224 2564 567 2627 ostendit,et
586 2564 894 2634 perdidisse
913 2565 1082 2621 dolet.
1115 2563 1384 2618 Jumenta
1406 2565 1611 2635 quippe
1631 2564 1836 2617 electos

225 2652 580 2721 signiﬁcant,
605 2653 847 2722 quicum
876 2654 1177 2707 Psalmista
1192 2654 1404 2715 dicunt,
1432 2655 1492 2707 Ut
1510 2658 1837 2720 jumentum

228 2743 419 2809 factus
437 2758 561 2794 sum
583 2743 734 2809 apud
749 2746 794 2793 te
833 2742 1352 2809 (Psal.Lxx11).Oves
1374 2758 1597 2811 quoque
1618 2744 1838 2793 sanctos

230 2829 583 2900 exprimunt,
627 2828 828 2899 quibus
858 2830 1128 2883 Dominus
1158 2830 1238 2883 ait
1263 2847 1273 2881 :
1300 2831 1427 2883 Ecce
1452 2846 1543 2896 ego
1572 2833 1730 2882 mitto
1749 2845 1838 2881 vos

1840 1649 1887 1706 B

1898 446 2026 516 quia
2059 463 2171 499 non
2200 447 2380 500 solum
2406 447 2465 501 in
2494 449 2822 518 majoribus,
2837 450 2934 503 sed
2957 450 3127 504 etiam
3157 450 3215 505 in
3244 451 3491 507 minimis

1897 533 2054 586 valde
2080 534 2400 599 offenditur,
2434 536 2481 588 si
2529 535 2898 589 immoderate
2944 545 2998 591 et
3025 538 3174 591 ultra
3202 555 3370 608 quam
3401 540 3494 594 de-

1898 623 2035 676 bent
2060 628 2423 693 appetuntur.
2450 623 2626 677 Poma
2647 642 2775 678 vero
2796 627 2853 678 in
2875 642 3031 679 sacro
3062 627 3284 696 eloquio
3314 627 3493 682 virtu-

1900 716 1986 764 tes
2006 719 2329 765 sanctorum
2352 712 2691 780 signiﬁcant,
2718 714 2867 767 unde
2890 719 2976 768 est
3001 733 3013 766 :
3037 716 3368 769 Emissiones
3390 722 3495 771 tua

1897 801 2196 866 paradisus
2218 804 2495 852 malorum
2520 805 2857 868 punicorum
2876 818 3003 855 cum
3029 818 3323 869 pomorum
3347 806 3500 870 fruc-

1906 889 2048 939 tibus
2076 888 2251 945 (Cant.
2280 890 2373 955 1v).
2399 887 2545 940 Dicit
2573 905 2705 957 ergo
2735 906 2793 942 se
2826 906 2954 959 pars
2981 889 3171 943 bestiae
3210 892 3401 943 omnia
3420 892 3497 945 si-

1903 974 2115 1027 mulate
2146 974 2375 1038 habere,
2406 992 2528 1044 quae
2559 975 2616 1029 in
2651 977 2883 1030 veritate
2917 977 3164 1047 possidet
3192 978 3407 1048 Agnus.
3428 980 3496 1033 Et

1906 1066 2093 1116 omnia
2106 1066 2363 1131 pinguia.
2398 1064 2457 1117 ld
2488 1070 2574 1118 est
2598 1082 2800 1118 crassa.
2832 1066 2895 1119 Et
2912 1070 3183 1133 praeclara
3204 1071 3496 1134 perierunt

1903 1167 1937 1203 a
1970 1157 2033 1210 te,
2069 1156 2117 1202 et
2143 1154 2383 1217 amplius
2416 1155 2516 1204 illa
2535 1155 2661 1219 jam
2693 1170 2803 1207 non
2833 1158 3133 1209 invenient.
3166 1156 3279 1209 Ista
3307 1156 3381 1209 ad
3399 1173 3501 1225 gu-

1907 1245 2055 1292 stum
2083 1239 2167 1290 vel
2193 1238 2644 1308 gastrimargiam
2699 1241 3004 1311 redigenda
3050 1243 3330 1297 videntur.
3371 1245 3503 1299 Haec

1907 1326 2099 1395 itaque
2127 1326 2336 1389 omnia,
2370 1343 2492 1395 qua)
2519 1327 2825 1380 secundum
2852 1330 3097 1399 quinque
3112 1331 3360 1400 corporis
3379 1348 3501 1386 sen-

1906 1430 2001 1467 sus
2030 1413 2253 1483 reprobi
2305 1420 2572 1479 tractant,
2636 1426 2905 1485 pereunte
2951 1417 3161 1470 mundo
3187 1419 3500 1488 deplorant,

1908 1503 2041 1573 quia
2066 1503 2322 1555 nesciunt
2342 1503 2497 1556 aliud
2512 1505 2779 1572 cogitare,
2810 1505 2917 1557 nisi
2946 1522 3071 1573 quae
3101 1507 3347 1560 exterius
3368 1523 3503 1561 con-

1907 1592 2176 1644 siderant.
2212 1591 2279 1644 Et
2306 1591 2438 1644 dum
2471 1592 2659 1644 vident
2689 1592 2826 1645 alios
2857 1594 3099 1646 transire
3135 1611 3236 1663 per
3268 1603 3510 1650 mortem

1915 1686 1972 1733 et
1994 1679 2351 1732 afllictionem
2384 1678 2454 1731 ab
2470 1680 2582 1739 hac
2611 1680 2742 1745 vita,
2778 1680 2883 1750 ipsi
2927 1698 3122 1734 eorum
3177 1683 3508 1752 superstites

1914 1768 2205 1821 interitum
2240 1768 2465 1821 illorum
2496 1768 2592 1837 qui
2622 1769 2819 1822 mundi
2846 1769 3117 1838 gaudium
3134 1770 3502 1840 reliquerunt,

1916 1857 2231 1927 deplorant,
2254 1856 2516 1909 timentes
2544 1873 2614 1909 ne
2639 1856 2745 1910 sibi
2791 1857 2996 1910 similia
3016 1858 3291 1911 eveniant.
3324 1858 3514 1928 Signi-

1917 1946 2089 1999 ﬁcant
2113 1944 2281 1998 etiam
2305 1950 2361 1997 et
2380 1945 2495 1998 haec
2516 1952 2579 1997 ut
2603 1950 2806 1998 caetera
2821 1945 3032 2015 aliquid
3050 1945 3343 2013 bonorum,
3375 1947 3512 2000 dum

1916 2033 2221 2087 ostendunt
2247 2033 3000 2103 simulationemimpiorum.
3024 2034 3168 2088 Nam
3198 2051 3325 2088 cum
3355 2033 3515 2088 Psal-

1914 2122 2084 2175 mista
2102 2121 2429 2176 dicatzSicut
2442 2122 2601 2189 adipe
2612 2127 2662 2174 et
2671 2123 3005 2188 pinguedine
3021 2125 3302 2190 repleatur
3316 2126 3514 2177 anima

1917 2227 2037 2264 mea
2067 2212 2236 2276 (Psal.
2270 2210 2424 2275 LXII),
2456 2209 2699 2262 ostendit
2729 2210 2986 2279 saginam
3019 2212 3077 2263 in
3107 2211 3516 2279 signiﬁcatione

1895 2299 2152 2373 .virtutes
2173 2314 2293 2351 esse
2313 2296 2630 2351 animarum
2676 2296 2791 2351 Ista
2824 2298 3034 2351 etenim
3062 2298 3259 2368 sagina
3286 2299 3343 2352 in
3364 2315 3517 2354 novae

1917 2387 2043 2440 vita:
2070 2385 2524 2457 praedicatoribus
2553 2386 2834 2456 apparuit,
2890 2403 3059 2456 quam
3116 2404 3176 2440 se
3206 2386 3521 2457 perdidisse

1918 2476 1974 2528 in
2006 2474 2280 2528 haereticis
2306 2492 2436 2545 pars
2465 2475 2831 2544 reproborum
2866 2475 3203 2529 dolet.Unde
3222 2476 3515 2545 sequitur:

1989 2565 2331 2616 Mercatores.
2384 2548 2596 2616 Terrae
2628 2563 2697 2615 de
2737 2561 2938 2633 quibus
2967 2564 3105 2616 satis
3133 2564 3520 2633 supradictum

1922 2659 2025 2716 est,
2050 2654 2148 2719 qui
2166 2652 2359 2703 divites
2379 2652 2517 2717 facti
2530 2655 2679 2703 sunt.
2711 2651 2836 2703 Non
2859 2650 3180 2717 virtutibus,
3204 2651 3303 2705 sed
3326 2668 3521 2722 pecca-

1923 2741 2016 2793 tis.
2044 2741 2123 2794 Ab
2146 2756 2207 2791 ea
2240 2742 2393 2806 longe
2422 2741 2668 2806 stabunt,
2700 2756 2814 2793 non
2847 2755 3097 2810 corpore,
3131 2740 3275 2794 sicut
3307 2741 3521 2796 dictum

1924 2834 2011 2881 est
2025 2827 2304 2898 superius,
2328 2827 2425 2880 sed
2449 2834 2655 2893 mente,
2680 2828 2932 2882 nolentes
2954 2845 3049 2882 eos
3073 2829 3253 2898 sequi.
3294 2831 3522 2898 Propter

230 2922 379 2972 sicut
396 2935 511 2972 oves
532 2921 593 2971 in
614 2919 788 2971 medio
809 2920 1069 2985 luporum
1101 2919 1387 2985 (Matth.x).
1420 2917 1490 2970 Et
1515 2917 1683 2969 Petro
1704 2915 1837 2969 dici.
1858 2954 1902 3014 Ο
1928 2919 2179 2968 timorem
2204 2920 2606 2967 tormentorum
2626 2919 2761 2982 ejus,
2784 2920 2971 2985 ﬂentes
2990 2922 3039 2970 et
3087 2920 3328 2984 lugentes
3347 2933 3414 2970 ac
3439 2919 3523 2970 di-

230 3012 362 3061 tur:
401 3009 562 3060 Pasce
588 3024 702 3059 oves
732 3022 878 3059 meas
925 3008 1110 3073 (Joan.
1155 3010 1288 3071 xxn).
1317 3006 1426 3059 Sed
1481 3011 1538 3058 et
1566 3021 1839 3075 equorum
1861 3003 1902 3014 “”
1924 3009 2129 3057 centes:
2157 3004 2552 3062 Vauvwmivitas
2568 3003 2923 3074 ilIaBabylon
2948 3021 3297 3073 magna,qu.z
3314 3008 3523 3058 amicta

231 3094 508 3148 vocabulo
530 3094 922 3164 praedicatores
948 3094 1185 3164 intelligi
1208 3094 1346 3147 nulli
1363 3093 1595 3146 dubium
1631 3100 1738 3161 est,
1760 3092 1843 3145 di-

232 3190 399 3237 cente
422 3183 696 3253 prOpheta
727 3201 739 3235 :
773 3184 977 3236 Misisti
1008 3185 1069 3235 in
1102 3197 1253 3235 mare
1283 3198 1441 3249 equos
1482 3181 1843 3234 tuos.Rheda-

232 3286 367 3323 rum
399 3270 570 3323 etiam
618 3270 844 3322 nomine
887 3269 1114 3322 eosdem
1167 3269 1559 3338 praedicatores
1586 3268 1842 3321 novimus

233 3358 544 3428 designari,
603 3363 909 3411 attestante
962 3357 1164 3418 Eliseo,
1200 3356 1295 3427 qui
1343 3356 1677 3409 ascendente
1716 3355 1845 3409 Elia

232 3448 445 3518 plorat,
478 3447 667 3500 dicens
698 3466 709 3498 :
748 3449 910 3500 Pater
938 3449 1036 3512 mi,
1070 3448 1233 3499 Pater
1261 3449 1362 3511 mi,
1387 3461 1587 3499 currus
1602 3448 1773 3499 Israel
1794 3450 1843 3498 et

233 3538 446 3602 auriga
480 3540 597 3604 ejus
629 3537 729 3589 (IV
753 3537 872 3602 Reg.
933 3548 995 3597 η,
1030 3547 1170 3602 XlIl).
1203 3534 1721 3604 Mancipiorumque
1750 3550 1843 3587 vo-

234 3623 441 3676 cabulo
472 3624 577 3694 ipsi
608 3624 1000 3693 exprimuntur
1034 3623 1215 3687 electi,
1251 3623 1345 3692 qui
1374 3628 1491 3675 toto
1520 3622 1724 3675 mentis
1745 3622 1843 3675 de-

236 3712 450 3767 siderio
480 3712 581 3765 Dei
605 3729 665 3765 se
693 3712 995 3781 subjiciunt
1016 3711 1290 3775 servituti,
1309 3712 1366 3763 in
1392 3713 1549 3779 cujus
1565 3715 1841 3780 potestate

236 3801 546 3854 consistere
575 3816 635 3854 se
681 3806 975 3867 noverunt,
1009 3801 1259 3854 dicentes
1309 3816 1435 3852 cum
1490 3798 1835 3851 Psalmista:

235 3890 399 3945 Sicut
429 3892 576 3943 oculi
629 3906 932 3950 servorum,
968 3896 1025 3942 et
1078 3895 1298 3953 caetera,
1353 3905 1550 3957 usque,
1586 3891 1664 3940 ita
1695 3889 1843 3939 oculi

238 3981 424 4030 nostri
447 3979 519 4029 ad
547 3980 843 4031 Dominum
874 3980 1045 4031 Deum
1076 3983 1327 4031 nostrum
1359 3975 1841 4047 (Psal.cxxu).Quo

237 4072 441 4119 contra
468 4083 596 4135 pars
622 4066 814 4120 bestiae
844 4067 1101 4136 supernis
1125 4065 1352 4136 judiciis
1400 4066 1649 4119 desolato
1676 4080 1841 4117 mun-

240 4154 336 4215 do,
373 4154 628 4208 amisisse
654 4173 713 4209 se
742 4156 897 4208 dolet
920 4156 1196 4225 jumenta,
1244 4172 1393 4218 oves,
1427 4171 1600 4224 equos
1630 4159 1687 4206 et
1711 4154 1843 4206 rhe-

238 4242 366 4304 das,
399 4241 455 4294 id
480 4248 567 4295 est
588 4244 657 4296 ad
688 4244 966 4312 portanda
1007 4260 1236 4296 suorum
1289 4258 1460 4295 onera
1490 4242 1635 4294 viros
1675 4242 1843 4294 fortes

238 4337 416 4400 atque
436 4330 914 4397 innocentes,cum
935 4331 1150 4385 debiles
1166 4332 1233 4385 ad
1257 4348 1423 4384 omne
1450 4347 1588 4401 Opus
1609 4329 1839 4395 bonum,

241 4425 301 4472 et
332 4420 528 4473 noxios
574 4421 633 4473 in
695 4421 909 4475 malum
937 4421 1208 4486 amiserit,
1237 4420 1417 4490 gemit
1445 4436 1505 4472 se
1538 4418 1843 4488 perdidisse

236 4508 457 4561 mundo
486 4510 730 4563 exterius
758 4517 1161 4576 mortuos,cum
1190 4509 1428 4563 interius
1454 4507 1714 4577 nequiter
1729 4523 1847 4561 eos-

239 4596 376 4650 dem
404 4597 647 4652 viventes
678 4599 1006 4669 perdiderit.

312 4687 387 4739 Et
402 4703 568 4753 poma
581 4690 843 4741 desiderii
863 4690 1557 4743 anirnwtuxdisccsserunt
1578 4704 1613 4740 a
1640 4692 1703 4740 te.
1730 4687 1847 4740 Hoc

240 4773 419 4829 etiam
450 4776 532 4840 ﬁt,
565 4777 789 4846 quando
819 4778 1007 4831 hostes
1064 4778 1132 4830 de
1190 4793 1365 4847 regno
1396 4776 1753 4846 insurgentes
1790 4775 1849 4828 in

240 4879 505 4932 regnum,
538 4881 651 4918 non
677 4866 858 4919 solum
886 4866 1299 4937 dep0pulantur
1327 4865 1514 4928 urbes,
1540 4865 1634 4918 sed
1678 4864 1848 4917 etiam

242 4952 440 5005 omnia
468 4952 624 5021 ligna
653 4954 898 5024 regionis
928 4960 1168 5016 vastant,
1202 4960 1259 5008 et
1286 4954 1544 5007 incendio
1574 4956 1846 5005 cremant.

245 5040 319 5093 Et
350 5040 461 5093 ista
492 5048 609 5094 tam
637 5042 708 5094 ad
740 5050 1096 5114 conspectuin
1119 5059 1285 5113 quam
1316 5043 1385 5095 ad
1412 5047 1640 5111 gustum
1672 5039 1848 5109 perti-

242 5134 402 5181 nent.
440 5129 597 5183 Unde
627 5130 897 5184 habemus
918 5132 975 5184 in
1007 5132 1230 5193 Genesi,
1262 5129 1410 5200 quod
1433 5128 1632 5181 viderit
1652 5126 1853 5180 mulier

242 5217 466 5285 lignum
502 5218 792 5286 pulchrum
825 5221 944 5272 visu
976 5225 1033 5273 et
1060 5220 1131 5271 ad
1172 5216 1509 5272 vescendum
1565 5232 1752 5277 suave,
1796 5219 1853 5268 et

244 5305 381 5359 tulit
409 5305 478 5358 de
508 5306 692 5361 fructu
717 5307 869 5361 illius
892 5315 948 5361 et
977 5307 1219 5361 comedit
1254 5326 1265 5359 :
1295 5305 1559 5374 deditque
1589 5305 1703 5356 viro
1725 5319 1847 5356 suo.

1861 4301 1909 4358 D

1927 3094 2162 3159 byssina,
2181 3090 2518 3144 subauditur
2537 3092 2888 3155 vestimento,
2914 3098 2962 3145 et
2980 3108 3262 3161 purpura,
3280 3099 3327 3146 et
3353 3109 3518 3158 cocco,

1924 3186 1974 3233 et
1991 3182 2261 3233 deaurata
2283 3190 2533 3242 estauro,
2558 3185 2605 3233 et
2629 3183 2806 3248 lapide
2820 3184 3076 3249 pretioso,
3103 3186 3152 3234 et
3172 3184 3522 3248 margaritis,

1925 3271 2191 3337 quoniam
2211 3284 2328 3321 una
2347 3270 2489 3321 hora
2511 3270 2781 3323 destitutae
2810 3276 2939 3322 sunt
2967 3274 3132 3323 tanta:
3159 3270 3382 3323 divitia.
3419 3269 3528 3333 Qui

1926 3372 2095 3426 supra
2124 3357 2483 3426 appellantur
2512 3374 2693 3426 reges,
2709 3358 2815 3427 ipsi
2837 3357 3101 3411 dicuntur
3122 3357 3286 3411 modo
3308 3373 3525 3411 merca-

1925 3452 2094 3509 tores,
2121 3447 2218 3516 qui
2247 3446 2507 3499 videlicet
2541 3445 2743 3499 infelici
2776 3453 3155 3515 mercatu,pro
3177 3446 3416 3499 terrenis
3437 3446 3528 3499 lu-

1927 3536 2036 3588 cris
2063 3535 2280 3588 animas
2302 3534 2825 3595 commutant,unde
2844 3534 2904 3586 in
2919 3532 3282 3603 sequentibus
3294 3533 3525 3602 dicitur,

1926 3625 2247 3676 Mercatores
2277 3625 2363 3673 tui
2388 3626 2547 3673 erant
2567 3624 2842 3688 principes
2865 3625 3040 3673 terra}.
3074 3622 3137 3674 In
3174 3620 3397 3674 civitate
3427 3637 3526 3674 au-

1926 3716 2041 3764 tem
2064 3710 2319 3762 homines
2348 3708 2743 3777 intelliguntur
2766 3707 2973 3762 divitiis
2991 3707 3247 3764 dediti.et
3269 3708 3526 3779 volupta-

1925 3798 2075 3851 tibus
2093 3797 2345 3851 resoluti.
2364 3797 2560 3866 Neque
2581 3796 2731 3849 enim
2756 3796 2952 3849 civitas
2968 3795 3231 3849 amicitur
3259 3812 3397 3850 auro
3434 3796 3523 3850 vel

1925 3892 2180 3955 argento,
2216 3890 2317 3938 aut
2343 3884 2557 3937 caeteris
2586 3882 2894 3954 speciebus,
2923 3884 3022 3938 sed
3045 3883 3229 3954 potius
3262 3884 3521 3939 homines

1924 3975 1981 4027 in
2004 3991 2071 4027 ea
2088 3972 2780 4035 habitantes.Quibusdam
2798 3972 2989 4043 itaque
3012 3971 3372 4043 pereuntibus
3392 3989 3523 4027 cum

1925 4062 2162 4117 terrenis
2190 4061 2402 4133 pariter
2430 4061 2596 4114 rebus
2652 4061 2982 4131 superstites
3035 4078 3228 4115 eorum
3260 4067 3324 4115 ut
3352 4077 3525 4132 supra

1926 4152 2288 4205 meminimus
2318 4151 2531 4220 lugent,
2560 4166 2624 4203 eo
2655 4150 2803 4220 quod
2832 4151 3013 4220 gloria
3066 4151 3291 4205 illorum
3337 4151 3522 4222 perire

1927 4240 2201 4305 videatur,
2236 4246 2293 4293 et
2314 4256 2347 4292 a
2372 4239 2538 4308 longe
2569 4245 2739 4303 stant,
2766 4239 2898 4310 quia
2928 4239 3128 4294 nolunt
3154 4240 3265 4295 illis
3293 4240 3416 4293 ﬁeri
3435 4257 3524 4293 so-

1926 4330 1999 4383 cii
2029 4346 2211 4399 neque
2239 4328 2296 4381 in
2326 4327 2627 4382 amissione
2656 4334 3011 4383 terrenarum
3034 4345 3434 4400 rerum,neque
3461 4329 3523 4383 in

1926 4418 2126 4489 ptPnis,
2157 4417 2227 4470 ad
2276 4433 2415 4487 quas
2465 4433 2561 4471 eos
2612 4417 2855 4471 transire
2898 4418 3149 4472 credunt.
3181 4419 3305 4473 Una
3333 4424 3526 4473 autem

1927 4509 2065 4562 hora
2095 4507 2154 4560 in
2185 4523 2297 4577 qua
2323 4512 2511 4560 tantas
2562 4507 2785 4561 divitias
2824 4506 3037 4578 perisse
3065 4506 3379 4570 denuntiat,
3421 4507 3526 4560 hoc

1929 4596 2094 4650 breve
2113 4601 2338 4665 tempus
2367 4594 2701 4663 intelligitur
2725 4610 2759 4646 a
2785 4593 3009 4647 Domini
3058 4595 3315 4663 passione
3345 4608 3522 4661 usque

1930 4686 1998 4739 ad
2011 4687 2181 4739 ﬁnem
2202 4684 2507 4739 szeculi.De
2519 4698 2629 4752 qua
2654 4681 2903 4736 Joannes
2923 4681 3058 4734 dicit
3080 4700 3091 4734 :
3119 4682 3321 4745 Filioli,
3348 4682 3524 4733 novis-

1928 4778 2071 4828 sima
2094 4775 2233 4827 hora
2257 4778 2332 4826 est
2363 4774 2423 4841 (Ι
2443 4774 2601 4825 Joan.
2626 4772 2704 4831 Ii).
2732 4796 2786 4809 —
2814 4770 2880 4822 Et
2904 4771 3084 4822 omnis
3104 4769 3444 4835 gubernator
3470 4770 3525 4822 et

1931 4879 2114 4917 omnes
2135 4864 2234 4929 qui
2264 4864 2326 4912 in
2355 4862 2580 4925 longum
2613 4862 2900 4925 navigant,
2933 4862 2982 4910 et
3009 4860 3209 4918 nautae,
3246 4859 3295 4909 et
3322 4857 3423 4923 qui
3462 4858 3525 4909 in

1931 4952 2085 5002 mari
2103 4951 2424 5015 operantur,
2461 4948 2612 5011 longe
2642 4948 2930 5006 steterunt,
2961 4947 3009 4996 et
3034 4946 3414 4997 clamauerunt
3439 4947 3526 4997 vi-

1933 5039 2118 5091 dentes
2151 5039 2327 5089 locum
2356 5034 2601 5086 incendii
2641 5034 2776 5099 ejus.
2832 5031 2939 5095 Qui
2968 5047 3139 5101 supra
3168 5032 3530 5102 appellantur

1933 5123 2332 5194 negotiatores,
2361 5119 2455 5172 hic
2506 5117 2911 5187 gubernatores
2960 5119 3187 5173 navium
3236 5126 3294 5173 et
3321 5127 3508 5174 nautae

1934 5210 2202 5280 Nunquid
2228 5208 2379 5262 enim
2410 5222 2564 5259 mare
2593 5206 2923 5274 navigantes
2951 5208 3147 5262 adesse
3176 5211 3532 5279 poterunt.ut

1934 5302 2157 5354 videant
2177 5295 2493 5350 incendium
2523 5292 2804 5347 civitatis?
2824 5296 2932 5350 Sed
2956 5297 3013 5352 in
3036 5297 3120 5351 his
3140 5313 3333 5351 omnes
3344 5291 3531 5348 saeculi

242 5395 579 5448 Notandum
612 5406 800 5450 autem
831 5398 979 5468 quod
1009 5412 1136 5449 cum
1184 5396 1244 5447 in
1297 5393 1514 5446 cmteris
1546 5391 1852 5461 majoribus
1935 5389 2179 5442 cultores
2199 5382 2607 5453 esprimuiitur,
2628 5384 2724 5451 qui
2752 5383 2859 5439 sibi
2888 5386 3110 5448 timent,
3141 5385 3387 5438 videntes
3420 5378 3531 5433 rui-

243 5482 439 5554 rebus,
467 5484 594 5555 plus
624 5486 845 5542 soleant
867 5484 1128 5545 homines
1174 5481 1459 5550 delectari,
1502 5479 1854 5560 solummodo
1936 5492 2071 5557 nam
2100 5491 2216 5531 sua:
2244 5470 2389 5543 spei.
2427 5470 2638 5529 Locum
2682 5478 2874 5530 autem
2916 5473 3159 5532 incendii
3189 5473 3311 5560 ejus
3334 5468 3531 5525 videre

496 5585 769 5650 Parnm.
822 5587 1057 5651 CXVII.
3223 5559 3301 5624 37
