4048 6172
500 252 639 320 1163

915 260 1294 316 HAYMONIS
1330 248 1827 317 HALBERSTAT.
1867 246 2091 312 EPISC.
2132 248 2295 311 OPP.
2334 252 2521 312 PARS
2556 250 2603 312 Ῑ.
2644 288 2711 301 -
2746 252 3125 314 COMMENT.
3163 257 3351 314 BIBL.

3628 250 3782 315 4154

495 380 763 444 dicuntur
790 403 890 458 per
919 385 1241 441 incendium
1270 382 1432 442 fumi,
1461 383 1520 438 id
1549 388 1635 438 est
1663 398 1763 455 per
1791 378 2542 454 praesentesAreproborum
2596 381 2775 436 laetari
2822 380 3114 453 jubentur,
3169 382 3266 437 sed
3321 380 3510 453 potius
3576 379 3649 435 de
3686 384 3779 453 ju-

493 476 923 531 tribulationum
954 475 1242 545 angustias
1267 474 1585 527 futurarum
1618 485 1906 542 poenarum
1944 470 2091 524 noti-

488 565 634 619 tiam
661 571 1022 636 praegustare,
1040 580 1161 634 quae
1186 563 1375 616 omnia
1396 561 1759 631 supra'latius
1788 566 2092 629 suntexpo-

492 645 753 718 Sita,ideo
766 669 913 707 nunc
933 650 1176 706 breviter
1196 650 1707 722 tanguntur.Aiunt
1726 666 1859 718 ergo
1871 646 2087 702 flentes:

491 733 620 810 Quae
639 746 743 806 est,
772 739 1107 795 subauditur
1128 740 1338 803 civitas,
1358 742 1562 792 similis
1584 741 1798 792 civitati
1816 736 1945 791 huic
1964 752 2087 791 ma-

489 828 610 898 gna:
626 837 649 883 ?
674 826 845 894 Quasi
865 828 1076 882 dicant:
1103 820 1273 882 Nulla
1295 822 1489 881 civitas
1509 827 1589 880 illi
1610 826 1667 880 in
1684 824 2087 897 magnitudinis

484 917 701 972 honore
723 912 999 987 coaequari
1016 922 1217 988 potest.
1252 912 1411 971 Oculi
1442 912 1590 969 enim
1615 914 1926 969 carnalium
1946 913 2087 967 nihil

486 1016 754 1077 magnum
777 1005 1188 1071 noverunt,nisi
1211 1005 1359 1075 quod
1382 1004 1665 1074 corporeis
1688 1002 1862 1057 oculis
1877 1002 2085 1055 intueri

482 1100 740 1165 possunt,
773 1101 830 1148 et
858 1094 983 1148 ideo
1007 1093 1425 1164 comparatione
1447 1091 1736 1162 praesentis
1757 1092 1881 1144 vitae
1912 1090 2084 1143 etiam

481 1183 731 1237 caelestia
761 1180 1095 1254 despiciunt.
1138 1180 1273 1235 Plus
1321 1180 1471 1234 enim
1524 1176 1765 1249 diligunt
1807 1174 2083 1232 mundum

480 1286 651 1342 quam
672 1270 849 1325 Deum
876 1290 887 1324 :
918 1272 1043 1342 plus
1075 1275 1272 1323 amant
1300 1269 1442 1322 ﬁlios
1475 1282 1643 1338 quam
1673 1266 1922 1338 angelos.
1944 1262 2081 1321 Ter-

476 1375 671 1413 renam
696 1358 1204 1430 peregrinationem
1222 1374 1323 1428 pro
1344 1354 1687 1410 habitatione
1718 1352 1957 1409 caelestis
1978 1371 2079 1425 pa-

475 1448 598 1501 triae
620 1449 915 1517 deputant.
950 1447 1201 1500 Salutem
1235 1442 1482 1515 corporis
1513 1445 1726 1498 ducunt
1743 1460 1842 1514 pro
1859 1459 2078 1497 summa

432 1524 435 1529 ’
473 1535 740 1589 felicitate
764 1555 775 1588 :
811 1550 1035 1600 aurum,
1065 1540 1384 1604 argentum,
1413 1539 1469 1586 et
1497 1533 1714 1603 lapides
1740 1534 2078 1603 praeponunt

470 1618 599 1682 vitae
618 1621 858 1687 coronis,
896 1629 952 1676 et
979 1620 1104 1675 ideo
1124 1620 1543 1691 comparatione
1558 1620 1918 1690 praesentium
1940 1635 2073 1689 gau-

2173 476 2262 524 sto
2290 470 2392 525 Dei
2415 468 2644 541 judicio.
2674 468 2835 525 Unde
2864 487 2988 525 cum
3020 470 3266 535 dixisset,
3313 468 3543 525 Exsulta
3572 471 3776 525 calum

2174 564 2229 612 et
2250 558 2488 631 apostoli
2505 564 2561 613 et
2589 557 2894 629 prophetae,
2919 559 3174 631 protinus
3197 558 3432 629 subjecit
3460 578 3472 611 :
3501 560 3775 626 Quoniam

2165 646 2439 716 judicavit
2467 650 2610 701 Deus
2655 636 2937 715 judicium
2994 650 3237 700 vestrum
3261 647 3325 700 de
3353 663 3433 701 ea.
3466 646 3572 701 Vel
3604 647 3775 701 etiam

2169 736 2230 789 in
2258 736 2364 789 hoc
2394 735 2571 790 laetari
2600 735 3162 806 praecipiuntur,quia
3195 741 3323 805 post
3347 734 3773 789 damnationem

2170 823 2535 899 reproborum
2561 828 2798 877 ventura
2822 828 2907 877 est
2931 836 3126 877 eorum
3153 825 3558 877 remuneratio.
3574 824 3773 895 Neque

2169 912 2317 966 enim
2346 914 2477 967 ante
2507 908 2671 966 electi
2694 908 3135 966 sublevabuntur
3182 910 3252 966 ad
3301 911 3563 982 gloriam,
3598 928 3770 995 quam

2167 1001 2391 1071 reprobi
2422 996 2781 1066 damnentur,
2815 1005 2872 1054 et
2915 1000 2973 1053 in
3023 998 3307 1054 infernum
3336 1001 3763 1070 demerguntur,

2168 1089 2299 1159 quia
2324 1089 2595 1159 scriptum
2628 1092 2716 1142 est
2756 1105 2767 1140 :
2804 1086 3055 1142 Tollatur
3083 1091 3309 1157 impius,
3343 1104 3409 1142 ne
3434 1088 3619 1141 videat
3648 1092 3766 1155 glo-

2164 1181 2316 1231 riam
2344 1177 2461 1231 Dei.
2491 1174 2751 1230 Gaudent
2783 1193 2935 1245 ergo,
2970 1176 3104 1247 quia
3123 1178 3278 1246 justo
3320 1175 3498 1252 judici
3531 1192 3758 1230 concor-

2163 1264 2318 1320 dant.
2354 1264 2481 1319 Non
2507 1265 2655 1318 enim
2687 1254 2769 1317 illi
2799 1260 3202 1321 concordarent
3224 1266 3269 1318 si
3327 1265 3398 1318 de
3446 1266 3569 1334 ejus
3607 1266 3763 1335 justo

2157 1348 2368 1425 judicio
2398 1369 2509 1408 non
2539 1352 2872 1423 gauderent,
2905 1352 3168 1407 Gaudent
3219 1353 3388 1406 etiam
3420 1372 3432 1406 :
3462 1354 3597 1423 quia
3625 1353 3763 1407 dum

2154 1441 2242 1497 illi
2271 1449 2529 1513 pereunt,
2567 1441 2747 1511 gloria
2773 1440 3000 1495 illorum
3026 1440 3628 1512 appropinquat.Unde
3656 1441 3762 1496 Do-

2156 1532 2347 1603 minus
2376 1546 2503 1585 cum
2532 1531 2756 1583 ruinam
2779 1530 3075 1600 pereuntis
3094 1529 3290 1583 mundi
3328 1530 3444 1583 suis
3473 1529 3761 1600 discipulis

2159 1620 2523 1691 exposuisset,
2556 1618 2747 1673 statim
2777 1616 3017 1688 subjecit
3050 1636 3063 1668 :
3090 1619 3188 1673 His
3234 1623 3420 1672 autem
3466 1621 3595 1686 ﬁeri
3621 1622 3763 1672 inci-

469 1702 691 1764 diorum
718 1710 857 1764 nihil
887 1711 1125 1764 credunt
1153 1688 1274 1764 esse
1300 1709 1400 1763 illa
1427 1715 1482 1762 et
1503 1688 1719 1762 dicunt.
1745 1708 1878 1771 Quae
1926 1688 2139 1761 simi-B
2154 1688 2454 1780 pientibus,
2480 1711 2729 1777 respicite
2758 1714 2806 1761 et
2842 1709 3009 1760 levate
3037 1709 3219 1775 capita
3257 1712 3459 1775 vestra,
3491 1710 3761 1775 quoniam

464 1788 537 1849 lis
565 1788 777 1863 civitati
805 1798 933 1851 huic
961 1813 1179 1867 magnai
1200 1798 1225 1850 ’ἲ
1249 1799 1328 1851 Ac
1378 1796 1425 1851 si
1453 1796 1727 1863 dicerent,
1762 1792 1956 1852 Nulla.
1992 1795 2071 1849 De

465 1883 671 1955 quibus
700 1878 885 1939 adhuc
914 1878 1176 1941 subditur
1208 1905 1219 1939 :

534 1966 601 2027 Et
632 1977 908 2028 miserunt
930 1978 1217 2047 pulverem
1248 1979 1411 2028 terra;
1441 1988 1606 2042 super
1654 1976 1837 2042 capita
1865 1986 1987 2038 sua,
2021 1977 2069 2025 et

459 2057 844 2116 btamaverunt
874 2065 1060 2131 flentes
1080 2080 1145 2116 ac
1162 2065 1401 2130 lugentes
1416 2062 1652 2133 .Capitis
1678 2062 1903 2115 nomine
1923 2074 2070 2131 saepe

456 2139 518 2203 in
539 2167 697 2205 sacro
713 2151 934 2221 eloquio
955 2152 1345 2222 principalitas
1364 2151 1568 2205 mentis
1598 2148 1950 2220 intelligitur.
1960 2146 2069 2202 Per

455 2243 669 2291 terram
704 2243 915 2305 autem,
944 2246 1175 2293 terrena
1204 2238 1655 2309 concupiscentia
1701 2239 2054 2307 designatur.

453 2316 746 2394 Reprobos
768 2326 957 2395 itaque
980 2342 1150 2397 super
1170 2327 1355 2396 capita
1376 2342 1481 2380 sua
1506 2328 1793 2397 pulverem
1817 2326 2073 2392 mittere,

454 2418 542 2467 est
564 2418 795 2467 terreno
827 2430 1017 2469 amore
1047 2430 1117 2468 ne
1149 2415 1399 2468 coelestia
1428 2415 1638 2469 intueri
1669 2417 1905 2485 possint,
1930 2430 2064 2468 ocu-

451 2512 539 2565 los
572 2517 686 2555 suae
715 2504 923 2557 mentis
984 2519 1369 2573 corrumpere.
1429 2496 1655 2557 Deﬂent
1680 2520 1813 2573 ergo
1843 2502 2065 2573 reprobi

448 2584 675 2645 ruinam
702 2591 942 2645 civitatis
966 2607 1206 2662 magnae,
1239 2592 1335 2646 sed
1356 2598 1547 2646 tamen
1573 2592 1680 2662 ipsi
1705 2608 1815 2645 non
1840 2597 2063 2645 cessant

451 2681 680 2733 terrena
710 2670 1124 2751 concupiscere,
1147 2681 1396 2751 dumque
1420 2681 1792 2734 immoderate
1819 2680 2061 2734 terrenis

445 2766 618 2823 rebus
635 2769 880 2834 inhiant,
901 2769 1062 2839 quasi
1081 2768 1310 2839 pulvere
1332 2775 1498 2823 terrae
1515 2785 1646 2822 suos
1669 2769 1859 2822 oculos
1879 2785 2058 2822 esca:-

445 2863 595 2924 cant,
627 2874 699 2910 ne
727 2856 968 2911 caelestis
991 2857 1186 2928 patriae
1241 2858 1450 2928 gaudia
1507 2858 1783 2929 inspicere
1811 2858 2052 2911 valeant.

2156 1801 2568 1869 appropinquat
2597 1796 2896 1867 redemptio
2922 1796 3102 1848 vestra
3129 1795 3276 1861 (Luc.
3309 1797 3446 1863 xxx).
3486 1793 3567 1848 Ac
3592 1795 3641 1848 si
3671 1795 3757 1849 di-

2155 1890 2307 1943 ceret
2341 1908 2354 1942 :
2389 1886 2528 1940 Cum
2558 1901 2623 1939 ex
2651 1883 2849 1938 mundi
2902 1883 3267 1947 desolatione,
3297 1884 3471 1937 ﬁnem
3500 1884 3628 1952 ejus
3656 1899 3756 1955 ap-

2153 1968 2530 2051 propinquare
2559 1972 2806 2036 cemitis,
2842 1972 3104 2045 respicite
3143 1976 3200 2025 et
3225 1971 3407 2025 levate
3449 1970 3637 2042 capita
3662 1984 3755 2026 ve-

2150 2064 2352 2131 'stra,id
2370 2068 2474 2126 est,
2515 2058 2823 2116 exhilarate
2843 2060 3032 2127 corda,
3066 2061 3197 2130 quia
3213 2061 3347 2114 dum
3364 2059 3563 2113 ﬁnitur
3587 2075 3754 2114 mun-

2150 2158 2277 2222 dus,
2309 2154 2399 2209 cui
2425 2152 2591 2206 amici
2619 2167 2731 2204 non
2761 2149 2910 2215 estis,
2944 2136 3118 2219 prope
3147 2148 3212 2202 ﬁt
3247 2147 3559 2218 redemptio
3582 2164 3752 2218 quam

2148 2242 2442 2316 quaesistis.
2474 2236 2542 2293 In
2572 2236 2733 2303 ccelo,
2765 2234 3032 2307 apostolis
3088 2238 3145 2289 et
3174 2235 3464 2313 prephetis
3491 2251 3751 2305 compre-

2144 2330 2415 2387 henditur
2445 2326 2628 2381 omnis
2658 2324 2906 2379 Ecclesia
2955 2340 2985 2378 a
3037 2323 3308 2395 principio
3354 2322 3543 2377 seaculi
3572 2339 3750 2394 usque

2147 2420 2217 2476 ad
2242 2420 2411 2473 finem
2446 2416 2766 2470 decurrens.
2798 2415 3073 2480 Quoniam
3120 2412 3400 2480 judicavit
3428 2413 3573 2465 Deus
3592 2410 3751 2480 judi-

2151 2513 2300 2564 cium
2327 2511 2567 2559 vestrum
2590 2504 2653 2555 de
2683 2517 2762 2568 ea,
2796 2500 2904 2554 hoc
2932 2506 3019 2555 est
3059 2501 3196 2554 illud
3234 2501 3512 2568 judicium
3539 2500 3615 2554 de
3643 2516 3751 2570 quo

2146 2594 2403 2667 superius
2432 2592 2670 2665 legimus
2692 2590 2839 2660 quod
2864 2589 3064 2643 animae
3091 2594 3413 2654 sanctorum
3435 2588 3543 2641 sub
3571 2589 3749 2641 altare

2144 2682 2247 2742 Dei
2264 2681 2582 2737 clamabant
2610 2679 2859 2733 dicentes
2886 2697 2897 2731 :
2928 2679 3225 2747 Usquequo,
3262 2679 3512 2743 Domine,
3525 2682 3751 2730 sanctus

2143 2781 2191 2830 et
2214 2787 2394 2834 verus,
2418 2786 2531 2823 non
2550 2770 2777 2837 judicas
2795 2772 2845 2820 et
2865 2769 3116 2820 vindicas
3136 2768 3466 2833 sanguinem
3490 2769 3749 2826 nostrum

2142 2862 2204 2914 de
2237 2862 2447 2926 his,qui
2477 2858 2731 2911 habitant
2762 2859 2823 2909 in
2847 2861 2996 2909 terra
3019 2853 3319 2923 (ApocNt)?
3346 2852 3641 2906 Judicavit
3658 2854 3750 2922 ju-

443 2946 628 3001 Aliter
657 2965 667 2999 :
701 2947 897 3017 Capita
954 2944 1323 3018 reproborum
1383 2962 1685 3017 possumus
1734 2947 2052 3016 intelligere
2076 3006 2117 3021 Ἀ
2145 2946 2349 3002 dicium
2368 2944 2707 3021 nostrum,id
2740 2942 3128 2997 estdamnavlt
3148 2942 3301 2995 illam
3316 2942 3623 3013 juste,quae
3643 2957 3746 2994 nos

442 3034 725 3105 principes
746 3006 990 3089 illorum.
1018 3006 1160 3089 Dum
1180 3036 1328 3089 enim
1351 3006 1410 3089 se
1432 3035 1675 3089 viderint
1694 3006 2054 3106 reprobijam
2075 3006 2119 3068 Ε
2143 3038 2507 3093 damnaverat
2538 3006 2766 3103 injuste.
2801 3032 2871 3086 Et
2900 3048 3021 3102 quae
3050 3030 3210 3083 nobis
3262 3006 3635 3100 temporalem
3661 3030 3745 3084 in-

440 3122 501 3176 in
519 3123 731 3193 judicio
752 3123 1087 3177 constitutos
1108 3131 1164 3177 et
1179 3123 1495 3189 damnatos,
1532 3130 1746 3194 ponent
1764 3123 2052 3194 pulverem
2135 3127 2269 3182 tulit
2292 3130 2554 3189 mortem,
2584 3138 2735 3175 nunc
2790 3126 3059 3175 aeternam
3100 3118 3305 3171 sentiet
3329 3118 3605 3187 gehennae
3630 3135 3743 3189 pce-

437 3215 607 3263 terrae
629 3227 799 3280 super
819 3212 1004 3283 capita
1017 3226 1136 3275 sua,
1164 3213 1268 3265 hoc
1291 3218 1392 3275 est,
1421 3213 1618 3265 faciem
1642 3226 1871 3265 suorum
1890 3211 2052 3282 prin-
2134 3218 2285 3270 nam.
2324 3214 2530 3267 Verum
2562 3212 2671 3263 ista
2696 3209 2882 3263 omnia
2932 3207 3133 3260 beatus
3159 3205 3474 3259 Ansber'tus
3502 3204 3741 3259 Ambro-

439 3296 629 3367 cipum
651 3297 1083 3366 exprobrabunt,
1119 3315 1147 3350 a
1176 3298 1377 3368 quibus
1399 3300 1617 3352 seducti
1658 3306 1807 3370 sunt,
1840 3310 1906 3353 ut
1930 3305 2050 3353 ter-
2133 3305 2249 3358 Sius
2279 3302 2447 3357 etiam
2480 3300 2551 3353 ad
2574 3315 2668 3353 eos
2692 3296 2985 3367 refert,qui
3014 3295 3101 3348 his
3129 3294 3292 3348 malis
3320 3293 3739 3359 exterriti,dum

437 3400 579 3439 rena
599 3385 916 3456 diligerent,
949 3401 1049 3456 pro
1081 3386 1283 3456 quibus
1314 3393 1450 3450 tunc
1480 3384 2041 3457 peribunt,dicentes:
2132 3390 2434 3445 attendunt
2459 3402 2581 3458 quae
2603 3385 2711 3439 sibi
2739 3384 2931 3438 futura
2960 3389 3114 3444 sunt.
3139 3382 3209 3435 ad
3236 3381 3589 3435 fructuosam
3623 3396 3738 3451 per

446 3472 547 3543 Vae,
573 3488 665 3537 vta,
702 3477 897 3528 civitas
926 3462 1029 3529 illa
1052 3490 1256 3542 magna
1290 3474 1562 3546 Babylon,
1598 3479 1660 3529 in
1686 3491 1802 3543 qua
1853 3478 2047 3528 divites
2129 3479 2425 3533 nitentiam
2458 3492 2521 3529 ex
2546 3475 2651 3528 hac
2673 3472 3010 3527 contritione
3039 3470 3393 3540 confugiunt.

436 3564 577 3630 facti
603 3568 734 3616 sunt
760 3579 942 3617 omnes
962 3568 1061 3631 qui
1083 3564 1284 3618 habent
1314 3579 1476 3618 naves
1506 3567 1570 3617 in
1596 3567 1748 3617 mari
1767 3564 1830 3617 de
1849 3567 2040 3632 pretiis
2198 3568 2265 3622 Et
2294 3567 2526 3620 sustulit
2560 3579 2708 3615 unus
2734 3562 2965 3627 angelus
2984 3560 3147 3627 fortis
3177 3558 3416 3625 lapidem
3438 3560 3606 3625 quasi
3622 3574 3733 3611 mo-

433 3655 571 3719 ejus.
592 3650 737 3705 Nam
759 3652 923 3705 multi
942 3652 1323 3722 negotiatores
1354 3652 1412 3705 in
1427 3653 1532 3706 hoc
1553 3654 1756 3706 saeculo
1786 3651 2040 3706 ditantur
2128 3656 2302 3711 larem
2320 3668 2612 3722 magnum,
2634 3658 2681 3705 et
2700 3652 2854 3704 misit
2875 3651 2939 3703 in
2954 3662 3128 3711 mare,
3151 3647 3335 3700 dicens
3359 3665 3374 3699 :
3392 3648 3503 3700 Hoc
3520 3650 3727 3714 impetu

434 3740 505 3793 ἐκ
530 3739 620 3792 his
645 3755 767 3810 quae
795 3741 1037 3810 navigio,
1062 3755 1174 3793 non
1195 3740 1377 3794 solum
1404 3741 1474 3794 de
1499 3741 1619 3794 loco
1635 3740 1705 3793 ad
1728 3741 1915 3794 locum
1938 3756 2036 3793 ve-
2122 3753 2381 3803 mittetur
2404 3746 2648 3811 Babylon
2671 3757 2876 3809 magna
2896 3743 2999 3794 illa
3026 3741 3462 3802 civﬂas,etultra
3474 3742 3725 3804 jamnon

430 3827 666 3894 buntur.
697 3824 796 3882 8θά
826 3829 996 3882 etiam
1025 3828 1094 3882 de
1122 3830 1351 3899 regione
1407 3830 1477 3883 ad
1526 3830 1840 3898 regiOnem,
1867 3829 2030 3893 Sicut,
2122 3840 2457 3901 invenietur.
2483 3832 2598 3886 Iste
2610 3812 3139 3900 angelus'Dominus
3153 3826 3314 3880 Jesus
3333 3825 3594 3880 Christus
3614 3832 3720 3889 est,

431 3916 586 3970 Verbi
612 3920 817 3988 gratia,
848 3906 1390 3989 ﬁebat‘temporibus
1430 3918 1769 3983 Salomonis,
1803 3916 2030 3987 quando
2115 3925 2215 3996 qui
2247 3921 2574 3978 estnuntius
2605 3924 2854 3990 paterna:
2868 3916 3271 3969 voluntatisbe
3298 3930 3409 3984 quo
3431 3914 3722 3984 Propheta

431 4006 637 4060 Classes
666 4005 824 4060 ibant
851 4007 1025 4060 semel
1052 4007 1109 4059 in
1137 4007 1319 4060 tribus
1344 4007 1508 4060 annis
1551 4007 1609 4060 in
1640 4005 1834 4077 ΟΡὶιὶΓ,
1867 4012 1923 4060 et
1948 4006 2032 4059 αἶ·
2120 4013 2256 4067 dicit
2288 4031 2299 4065 :
2342 4012 2629 4065 Vocabitur
2658 4009 2855 4073 magni
2884 4007 3106 4058 consilii
3130 4003 3535 4073 angetus.Cum
3558 4001 3715 4068 dicit,

429 4090 687 4149 ferebant
714 4095 842 4148 inde
873 4095 998 4148 auri
1053 4096 1271 4150 talenta
1323 4095 1715 4165 quadraginta,
1746 4101 1804 4147 et
1828 4095 2035 4148 multas
2116 4104 2340 4158 sustulit
2376 4100 2613 4167 lapidem
2646 4097 2911 4149 molarem
2948 4110 3240 4161 magnum,
3272 4092 3387 4146 tale
3415 4098 3521 4160 est,
3553 4090 3717 4162 quasi

429 4183 571 4237 alias
603 4184 817 4254 species
848 4198 971 4254 quae
1024 4199 1137 4237 non
1198 4189 1463 4254 poterant
1514 4182 1750 4259 reperiri
1787 4183 1845 4237 in
1878 4189 2036 4236 terra
2116 4189 2266 4245 dicat
2298 4209 2309 4243 :
2345 4186 2586 4243 Sustulit
2613 4180 2821 4238 molam
2852 4197 3137 4259 magnam.
3178 4181 3351 4235 Recte
3398 4187 3532 4234 ante
3564 4197 3717 4234 unus

428 4272 605 4326 ISl‘ael
628 4294 641 4329 :
675 4273 753 4325 Sic
778 4274 847 4325 ﬁt
874 4274 1047 4325 etiam
1095 4286 1277 4347 usque
1330 4270 1517 4334 hOdio.
1543 4272 1692 4324 unde
1721 4288 1787 4324 ex
1816 4270 2085 4347 GI‘UL‘CO-n
2118 4280 2347 4347 angelus
2377 4276 2549 4330 fuisse
2571 4273 2797 4339 dicitur,
2825 4272 2956 4342 quia
2983 4286 3131 4325 unus
3159 4276 3244 4324 est
3281 4270 3574 4336 Dominus,
3597 4285 3716 4323 una

425 4368 555 4413 rum
586 4360 816 4429 regione
845 4354 1017 4433 pallia
1046 4366 1103 4414 et
1128 4366 1462 4413 ornamenta
1490 4359 1646 4413 varia
1667 4360 1726 4413 in
1746 4354 2084 4429 hisregio-‘"
2112 4367 2269 4432 ﬁdes,
2297 4380 2475 4433 unum
2505 4362 2801 4433 baptisma,
2837 4360 2987 4414 Bene
3014 4361 3195 4426 form,
3243 4359 3375 4429 quia
3426 4357 3498 4411 ad
3528 4354 3718 4411 άεδει.

424 4447 592 4502 nibus
620 4448 967 4501 deferuntur.
1003 4450 1279 4515 Quoniam
1306 4462 1423 4501 una
1473 4450 1610 4501 hora
1662 4451 1903 4502 desolata
1931 4454 2022 4502 est.
2110 4456 2308 4511 undas
2333 4468 2528 4507 aereas
2580 4455 2888 4521 potestates
2928 4448 3097 4501 venit.
3130 4446 3211 4501 De
3269 4464 3379 4518 quo
3408 4446 3717 4501 Psalmista

423 4526 488 4591 Id
522 4544 607 4593 est
633 4537 819 4591 subito
850 4537 1180 4590 adveniente
1210 4536 1302 4589 die
1349 4536 1566 4605 judicii.
1599 4537 1861 4602 Attende,
1898 4536 2029 4607 quia
2110 4542 2247 4599 dicit
2271 4544 2568 4597 :Dominus
2597 4542 2760 4607 [ortis
2786 4543 2836 4591 et
2885 4544 3094 4606 potens,
3124 4536 3394 4590 Dominus
3416 4541 3609 4603 potens
3648 4538 3713 4589 in

421 4643 535 4682 non
565 4627 746 4682 solum
766 4624 1057 4697 jacturam
1086 4622 1429 4689 divitiarum,
1451 4626 1546 4679 scd
1577 4626 1748 4679 etiam
1777 4624 2027 4695 repenti-
2102 4636 2298 4701 prauo
2328 4633 2494 4700 (Ρδαι.
2524 4639 2701 4689 xxun.
2734 4627 2842 4680 Per
2891 4625 3118 4691 molam,
3171 4622 3488 4678 volubilitas
3538 4622 3715 4697 hujus

417 4730 553 4771 nam
581 4716 1054 4787 improvisamque
1084 4712 1295 4783 deﬂent
1323 4714 1548 4768 ruinam
1594 4714 1766 4784 hujus
1800 4714 2015 4772 szeculi.
2109 4714 2298 4776 saeculi
2328 4716 2748 4787 intelligitur,in
2777 4730 2886 4785 qua
2905 4714 3095 4768 multae
3112 4712 3389 4777 farinze,id
3409 4718 3497 4766 est
3515 4712 3715 4766 multa;

487 4806 721 4860 Exsulta
748 4820 911 4874 super
963 4820 1085 4857 eam
1141 4807 1332 4857 caztum
1388 4808 1433 4856 et
1485 4806 1666 4856 sancti
1715 4804 1944 4872 apostoli
1977 4807 2027 4855 et
2108 4809 2478 4879 cogitationes
2510 4814 2566 4859 et
2591 4820 2737 4859 cura}
2762 4798 3102 4872 temporales
3121 4802 3282 4855 ﬁunt.
3312 4800 3484 4871 Lapis
3513 4807 3713 4854 autem

409 4895 702 4967 prophetae.
736 4892 980 4957 Quaestio
1009 4892 1189 4946 oritur
1212 4892 1271 4945 in
1288 4892 1399 4945 hoc
1427 4891 1569 4961 loco,
1597 4907 1725 4945 cum
1749 4890 2023 4944 Dominus
2108 4897 2339 4950 molaris
2356 4894 2635 4965 Signiﬁcat
2650 4890 2867 4965 pondus
2884 4888 3413 4962 peocatorum,quod
3432 4888 3711 4943 ineadem

413 4979 474 5034 in
504 4981 801 5053 Evangelio
824 4982 1132 5057 praecipiat,
1167 4982 1382 5048 diligite
1420 4984 1675 5034 inimicos
1706 4982 2015 5041 vestros,bc-
2107 4987 2327 5039 actione
2346 4983 2715 5059 contrahitur,
2742 4981 2812 5034 ab
2837 4979 3113 5034 efficiente
3144 4979 3357 5033 scilicet
3384 4977 3526 5033 illud
3555 4976 3710 5048 quod

416 5069 647 5135 nefacite
669 5070 754 5121 his
786 5073 884 5137 qui
911 5072 1143 5122 oderunt
1176 5082 1284 5133 vos,
1322 5073 1369 5120 et
1399 5074 1550 5121 orate
1568 5084 1673 5135 pro
1698 5082 2020 5137 pe'rsequcn-
2101 5074 2355 5128 efﬁcitur.
2381 5070 2457 5127 Ex
2472 5073 2574 5125 hac
2594 5071 2743 5124 mola
2767 5070 3041 5125 Dominus
3064 5069 3199 5123 dicit
3215 5068 3285 5122 de
3304 5068 3628 5122 hominibus
3643 5067 3708 5122 in

417 5157 562 5209 tibus
589 5159 639 5209 et
668 5159 1145 5211 calumniantibus
1176 5173 1284 5220 vos,
1318 5161 1386 5209 ut
1424 5158 1545 5208 sitis
1576 5157 1686 5222 filii
1713 5157 1897 5208 Patris
1926 5172 2016 5208 vc-
2100 5163 2453 5217 extremitate
2474 5162 2645 5232 hujus
2662 5159 2848 5213 saeculi
2871 5159 3068 5229 positis
3092 5170 3103 5203 :
3130 5157 3317 5210 Erum
3339 5159 3462 5209 dua,
3490 5160 3706 5209 malm-

412 5247 519 5301 stri
547 5247 646 5315 qui
673 5246 733 5296 in
761 5248 903 5297 catis
933 5250 1024 5308 est,
1056 5248 1157 5313 qui
1185 5248 1350 5298 solem
1377 5260 1544 5297 suum
1569 5245 1715 5297 oriri
1741 5246 1877 5310 facit
1908 5260 2011 5296 su-
2100 5258 2189 5315 (es,
2215 5266 2332 5305 una
2362 5256 2693 5312 assumatur,
2728 5254 2776 5301 et
2806 5248 2987 5300 altera
3012 5249 3365 5319 relinquetur
3382 5244 3700 5314 (Luc.xvn).

408 5346 507 5401 1387‘
536 5335 695 5386 ὺοηοε
747 5336 795 5387 ει
853 5337 1024 5385 malos
1059 5335 1207 5402 (LUC.
1245 5347 1409 5399 XXVI)»
1457 5332 1590 5403 quid
1620 5338 1706 5385 est
1738 5332 1883 5402 QUOd
1923 5332 2014 5386 hic
2096 5342 2176 5394 De
2199 5341 2301 5393 hac
2316 5341 2485 5394 etiam
2508 5337 2659 5391 mola
2679 5334 2918 5390 dicitur:
2952 5337 3094 5403 Quia
3114 5339 3213 5403 qui
3231 5332 3703 5388 scandalizaverit

409 5422 672 5477 hortatur
727 5420 949 5487 coelum,
982 5422 1283 5492 apostolos,
1320 5428 1375 5475 et
1430 5421 1735 5494 prophetas
1774 5426 1836 5474 ut
1871 5437 2016 5492 gau-
2096 5443 2277 5481 unum
2307 5428 2372 5481 de
2383 5430 2609 5497 pusillis
2634 5428 2755 5481 istis
2776 5426 3121 5479 credentibus
3144 5428 3205 5477 in
3226 5424 3547 5491 me,ea:pcdit
3568 5425 3704 5477 eiut

404 5508 614 5592 deant?
643 5508 753 5592 Sed
784 5510 1077 5569 sciendum
1105 5515 1208 5576 est,
1244 5510 1379 5581 quia
1431 5526 1547 5567 non
1599 5510 1669 5566 de
1696 5510 2014 5583 perditione
2094 5517 2467 5587 suspendatur
2491 5518 2639 5573 mota
2670 5517 2929 5574 asinaria
2956 5517 3023 5570 in
3066 5512 3213 5570 collo
3236 5517 3372 5587 ejus,
3400 5518 3451 5568 et
3485 5513 3698 5567 demer-

3702 5716 3731 5740 ⁸

425 5708 565 5722 «μω-ν’
614 5711 689 5725 ν-ια
