4048 6172
193 317 333 385 1165
1137 312 1520 373 EXPOSITIO
1550 310 1634 369 IN
1660 268 2186 379 ArOCAvasIN.
2222 336 2289 356 --
2315 311 2454 371 Lis.
2484 311 2581 367 vx.
3337 304 3475 373 use

191 454 361 517 gatur
388 449 452 505 in
476 444 826 514 profundum
853 445 1030 497 maris
1047 441 1265 511 (Matth.
1289 440 1466 517 xvm).
1490 437 1649 503 Quod
1678 452 1789 493 non
1805 434 1853 494 Α
1872 433 2041 489 vitate
2059 438 2241 488 totum
2262 449 2463 503 corpus
2485 431 2693 487 diaboli
2715 432 2953 503 intelligi
2977 430 3199 515 debere.
3226 432 3467 502 Sanguis

195 512 552 591 solummodo
572 533 641 586 de
662 532 923 597 seandalo
956 530 1307 599 intelligitur,
1336 512 1522 582 sed'de
1541 526 1802 580 omnibus
1883 528 2074 591 autem
2103 522 2361 575 inventus
2405 521 2629 585 dicitur,
2662 522 2721 575 id
2767 526 2851 575 est
2888 512 3129 587 vindicta
3166 520 3480 590 sanguinis.

192 622 546 695 gravioribus
588 620 848 690 peccatis,
886 635 989 690 pro
1015 617 1217 689 quibus
1255 617 1551 671 mittentur
1578 613 1801 685 reprobi
1884 628 2006 681 quae
2035 611 2220 664 veniet
2263 627 2432 680 super
2457 627 2679 665 omnem
2710 610 3006 680 reprobsm
3034 609 3480 680 generationem,

193 712 257 768 in
282 729 457 776 mare,
484 711 542 766 id
572 710 739 764 estin
762 708 1205 780 profunditatem
1235 706 1462 761 inferni.
1488 706 1557 759 Et
1576 704 1682 759 hoc
1702 721 1803 774 per
1875 700 2039 770 juxta
2063 699 2203 753 illud
2231 717 2242 751 :
2278 700 2605 766 Requirelur
2632 701 2861 766 sanguis
2885 701 3140 752 omnium
3167 701 3266 767 qui
3284 700 3486 764 e/I‘usus

196 803 483 872 angelum,
505 800 564 854 id
593 803 679 854 est
706 815 806 869 per
824 797 1132 862 Christum,
1154 797 1288 867 quia
1305 796 1450 859 sicut
1475 795 1596 865 ipse
1616 792 1751 847 dicit
1775 812 1789 847 ς
1879 794 1960 855 εει
1976 803 2140 856 super
2154 803 2372 841 omnem
2397 792 2608 841 terram
2621 803 2657 840 a
2677 790 3028 854 generatione
3046 788 3165 843 hac.
3185 785 3490 841 Sciendum

198 894 364 947 Pater
390 906 509 944 non
538 890 760 957 judicat
794 902 1152 955 quemquam,
1198 888 1289 940 sed
1325 902 1487 941 omne
1507 886 1793 952 judicium
1877 882 1965 931 est
1990 877 2186 942 etiam,
2211 875 2364 946 quia,
2391 880 2456 929 ut
2484 892 2656 946 supra
2680 875 2897 931 dictum
2918 885 3021 941 est,
3044 875 3125 941 illi
3156 875 3492 944 sanguinem

198 981 350 1034 dedit
376 980 518 1032 Filio
543 976 736 1046 {Joan.
766 980 842 1041 vi.
868 975 985 1028 Hoc
1012 974 1248 1045 impetu,
1271 973 1329 1028 id
1354 978 1457 1038 est,
1480 972 1592 1027 ista
1604 970 1801 1025 veloci-
1880 965 2285 1036 prophetarum
2312 971 2371 1019 et
2395 969 2717 1019 sanctorum
2746 965 2957 1027 fudisse
2980 964 3365 1029 inveniuntur,
3388 978 3492 1032 qui

202 1074 322 1123 tate
342 1067 603 1121 mittetur
614 1080 824 1134 magna
838 1063 936 1118 illa
953 1062 1148 1117 civitas
1168 1063 1223 1117 in
1247 1078 1422 1127 mare,
1444 1066 1504 1116 et
1520 1061 1675 1114 ultra
1687 1075 1802 1116 non
1884 1054 2039 1118 dicta
2065 1053 2293 1108 illorum
2322 1053 2383 1108 in
2408 1053 2583 1107 alium
2622 1069 2850 1115 sensum
2874 1069 3048 1123 quam
3086 1053 3309 1124 prolata
3333 1057 3488 1111 sunt.

205 1156 543 1220 invenietur,
566 1154 625 1211 id
646 1158 749 1219 est,
770 1152 936 1207 sicuti
952 1152 1058 1206 iste
1078 1152 1222 1222 lapis
1243 1151 1504 1213 velociter
1521 1147 1726 1203 transit
1746 1148 1808 1202 in
1889 1147 2209 1214 pervertere
2238 1158 2354 1205 non
2380 1143 2714 1199 timuerunt.

207 1243 551 1316 profundum
573 1241 769 1304 maris,
785 1240 867 1295 sic
884 1239 1066 1294 omnis
1086 1245 1267 1303 coetus
1281 1228 1648 1310 reprobcrum
1663 1236 1812 1290 velo-

204 1330 686 1396 citermitteturin
699 1329 1137 1400 profunditatem
1146 1327 1688 1398 inferni,etamplius
1699 1342 1813 1380 non

206 1419 528 1475 invenietur
543 1418 601 1472 in
619 1417 889 1475 societate
903 1416 1178 1471 Ecclesiae.
1196 1417 1261 1475 In
1280 1416 1386 1469 hac
1399 1415 1551 1469 enim
1568 1414 1814 1471 Ecclesia

2480 1282 2713 1348 CAPUT
2746 1282 2894 1338 XIX.

1960 1429 2086 1480 Post
2117 1426 2244 1490 haec,
2275 1425 2336 1478 id
2363 1428 2451 1478 est
2478 1429 2606 1495 post
2632 1424 2958 1495 praedictam
2988 1423 3279 1494 visionem,
3304 1428 3501 1480 audivi

210 1510 382 1564 εἰωιιὶ
402 1513 537 1563 sunt
709 1522 837 1562 cum
858 1506 1022 1561 malis
1044 1523 1056 1556 Ζ
1234 1505 1380 1559 sicut
1397 1505 1514 1558 haec
1531 1504 1646 1558 vita
1664 1503 1814 1559 inter
1892 1519 2083 1569 mente
2113 1517 2275 1582 quasi
2300 1530 2478 1567 υοθετη
2509 1530 2775 1581 τηαθῃατη
2798 1514 3063 1567 tubam”;
3090 1518 3406 1569 multam,“
3435 1520 3501 1569 ίη

208 1599 415 1655 coelum
432 1604 494 1653 et
510 1603 724 1661 terram
743 1596 931 1650 media
954 1595 1228 1660 consistit,
1251 1594 1334 1648 ita
1360 1595 1653 1665 utriusque
1681 1608 1815 1664 par-

216 1688 290 1742 tis
312 1688 461 1742 cives
479 1687 629 1740 inter
648 1702 708 1749 se
726 1685 998 1739 continet.
1014 1686 1170 1739 Tunc
1187 1689 1376 1739 autem
1403 1682 1819 1753 separabuntur

1897 1606 2022 1657 calo
2059 1604 2363 1656 dicentium
2389 1619 2405 1653 :
2432 1601 2693 1654 Alleluia.
2729 1601 2973 1654 Joannes
3001 1602 3059 1655 in
3088 1603 3195 1656 hoc
3218 1603 3342 1657 loco
3371 1619 3503 1674 per-

1900 1707 2099 1745 sonam
2120 1696 2278 1745 tenet
2303 1689 2581 1751 Ecclesiae,
2606 1704 2730 1759 quae
2750 1688 3000 1758 quotidie
3020 1691 3180 1744 audit
3198 1692 3300 1745 has
3320 1708 3499 1761 voces,

214 1792 416 1831 omnes
436 1775 594 1843 mali,
612 1790 715 1830 nec
738 1774 891 1829 ultra
916 1772 1635 1829 invenienturinsocietate
1652 1771 1874 1861 ωηο-Β
1916 1778 2051 1848 quia
2086 1778 2210 1849 ipsa
2239 1793 2334 1831 eas
2373 1777 2567 1831 mittit.
2600 1777 2763 1840 Quod
2801 1783 2994 1831 autem
3030 1778 3203 1833 dicit:
3239 1783 3360 1834 Post
3391 1783 3502 1836 haec

219 1881 369 1920 rum.

295 1956 363 2008 Et
390 1972 496 2009 cecc
511 1955 941 2010 citharalorum
959 1958 1008 2008 et
1038 1955 1382 2008 musicorum
1398 1956 1447 2005 et
1472 1953 1610 2006 tibia
1631 1967 1830 2005 canen-

224 2044 438 2099 tium'el
460 2045 616 2108 tuba,
638 2060 752 2098 non
774 2045 1039 2098 audietur
1056 2046 1122 2099 in
1140 2048 1190 2096 te
1210 2044 1470 2109 amplius.
1490 2039 1573 2094 Ex
1595 2040 1684 2095 his
1701 2056 1826 2110 quae

225 2132 488 2203 superius
516 2136 1069 2195 eommemoraverat,
1094 2147 1217 2201 quae
1247 2131 1318 2184 ad
1346 2129 1596 2200 quinque
1628 2145 1827 2184 sensus

226 2221 481 2293 corporis
499 2221 800 2292 pertinent,
821 2220 1111 2290 subjungit
1137 2236 1262 2295 quae
1284 2219 1455 2273 simul
1483 2218 1653 2273 etiam
1681 2218 1829 2273 inter

226 2311 345 2365 alia
379 2310 448 2365 de
476 2310 686 2365 mundo
729 2309 938 2367 auferri
980 2308 1249 2379 praedicit.
1283 2307 1489 2363 Omnia
1516 2307 1665 2364 enim
1710 2308 1830 2361 haec

227 2414 358 2463 cum
384 2397 754 2455 deleaatione
785 2414 821 2451 a
851 2395 1196 2467 principibus
1222 2397 1393 2466 hujus
1422 2396 1611 2453 saeculi
1639 2394 1831 2465 requi-

227 2492 454 2552 runtur,
479 2485 579 2540 sed
605 2492 739 2540 tunc
765 2484 835 2541 ab
864 2484 976 2538 illis
1002 2484 1346 2548 auferantur,
1370 2482 1503 2553 quia
1524 2484 1645 2552 jam
1676 2482 1832 2537 nulla

230 2574 343 2628 erit
368 2574 451 2629 eis
480 2575 792 2640 delectatio,
826 2578 891 2631 ut
932 2578 1062 2644 pote
1097 2572 1195 2643 qui
1222 2573 1283 2627 in
1310 2577 1593 2627 tormento
1623 2571 1832 2625 consti-

230 2663 361 2728 tuti,
394 2665 619 2718 aeternis
646 2663 825 2734 pinnis
843 2663 1263 2719 cruciabuntur.
1288 2662 1357 2716 Et
1382 2660 1631 2717 ostendit
1656 2661 1716 2717 in
1744 2660 1834 2715 his

232 2750 495 2806 omnibus
523 2768 592 2806 ea
620 2769 740 2822 quae
770 2768 871 2822 per
899 2751 1149 2822 quinque
1187 2766 1386 2804 sensus
1427 2749 1677 2819 corporis
1705 2765 1834 2802 cum

222 2838 529 2893 dulcedine
556 2839 960 2909 percipiuntur,
988 2838 1213 2911 penitus
1240 2837 1313 2892 ab
1351 2839 1456 2893 hoc
1482 2837 1685 2892 saeculo
1713 2853 1834 2891 esse

231 2927 563 2981 transitura.
589 2929 653 2982 Et
676 2932 858 2982 omnis
886 2929 1096 2995 arti/ea:
1113 2927 1262 2982 sicut
1286 2926 1448 2992 fabri,
1473 2924 1830 2996 carpentarii,

228 3016 549 3086 gemmarii,
569 3021 619 3070 et
636 3019 815 3075 omnis
835 3033 929 3082 ars
946 3019 1014 3073 in
1037 3022 1083 3070 te
1106 3032 1218 3075 non
1238 3018 1555 3070 invenietur
1569 3017 1832 3081 amplius,

1907 1883 2021 1922 non
2058 1873 2138 1921 est
2190 1867 2484 1921 diversitas
2525 1866 2815 1937 temporis,
2848 1866 2993 1920 sicut
3020 1868 3232 1923 dictum
3258 1875 3365 1935 est,
3409 1871 3508 1926 sed

1907 1957 2044 2010 ordo
2079 1955 2437 2010 narrationis.
2472 1955 2589 2009 Ista
2616 1959 2805 2009 autem
2833 1971 2936 2010 vox
2972 1972 3196 2027 magna,
3236 1974 3509 2029 magnum

1910 2053 1997 2099 est
2015 2051 2339 2098 sanctorum
2362 2044 2723 2107 desiderium,
2748 2060 2871 2113 quae
2889 2052 3039 2098 recte
3054 2062 3261 2117 magna
3280 2047 3506 2109 dicitur,

1910 2133 2044 2204 quia
2079 2133 2257 2187 sancti
2295 2149 2501 2202 magna
2547 2132 2875 2202 loquuntur,
2915 2150 3123 2204 magna
3172 2143 3504 2206 cperantur.

1909 2221 2213 2277 Multitudo
2240 2221 2526 2286 tubarum,
2555 2221 2769 2275 multus
2795 2227 2881 2275 est
2902 2230 3206 2277 conventus
3234 2226 3505 2281 ﬁdelium.

1910 2311 2021 2366 Sed
2073 2310 2329 2381 quamvis
2376 2309 2539 2363 multi
2585 2309 2716 2375 sint,
2756 2325 2927 2363 unam
2969 2327 3161 2365 vocem
3193 2314 3508 2369 emittunt:

1915 2399 2047 2470 quia
2069 2414 2235 2452 omne
2257 2398 2406 2468 quod
2434 2398 2760 2467 loquuntur,
2786 2399 2843 2451 in
2867 2398 3037 2453 unius
3059 2400 3193 2455 ﬁdei
3216 2404 3517 2458 concordia

1912 2485 2327 2541 consistit.Istte
2336 2491 2469 2541 sunt
2479 2486 2627 2541 tubae
2638 2487 3065 2557 praedicatorum
3081 2490 3287 2560 quibus
3299 2499 3517 2563 septem

1913 2574 2115 2629 diebus
2135 2574 2398 2628 Hiericho
2427 2574 2928 2644 circumeuntibus,
2950 2576 3097 2630 muri
3116 2578 3269 2632 illius
3288 2597 3517 2636 corrue-

1914 2668 2067 2729 runt,
2103 2663 2265 2732 quod
2300 2662 2536 2732 mystice
2576 2661 2637 2716 in
2666 2661 2772 2716 hac
2815 2664 3060 2718 Ecclesia
3087 2667 3418 2737 completur,
3456 2670 3519 2724 in

1915 2767 2028 2822 qua
2056 2767 2158 2821 per
2184 2756 2398 2821 septem
2424 2750 2563 2817 dies,
2586 2752 2693 2805 hoc
2722 2756 2825 2818 est,
2850 2768 2952 2821 per
2978 2769 3144 2807 omne
3165 2751 3389 2826 tempus
3416 2758 3520 2812 hu-

1911 2841 2006 2909 jus
2035 2840 2160 2894 vitse
2189 2838 2646 2910 praedicatoribus
2675 2840 2870 2894 tubam
2906 2842 3174 2897 doctrinae
3203 2844 3518 2901 insonanti-

1916 2926 2042 2992 bus,
2073 2928 2254 2982 omnis
2281 2928 2550 2982 fortitudo
2577 2929 2889 2983 inﬁdelium
2915 2930 3047 2985 ruit.
3077 2932 3338 3001 Alleluia,
3370 2936 3521 2991 Gree-

1919 3033 2018 3071 cus
2046 3033 2231 3070 sermo
2260 3023 2367 3082 est,
2406 3017 2604 3071 Latine
2631 3017 2838 3073 dicitur
2865 3035 2877 3071 :
2924 3016 3167 3074 Laudato
3193 3023 3515 3079 Dominum.

234 3110 285 3159 et
302 3122 403 3161 vos:
423 3108 578 3160 molae
591 3121 704 3165 non
716 3108 979 3160 audietur
992 3109 1057 3159 in
1074 3110 1120 3159 le
1135 3107 1462 3171 amplius,et
1485 3105 1584 3157 lue;
1604 3105 1838 3157 lucerna
1858 3155 1897 3171 η
1919 3104 2080 3158 Unde
2101 3110 2157 3158 et
2178 3103 2275 3157 ubi
2298 3120 2401 3157 nos
2427 3103 2485 3157 in
2508 3102 2716 3158 nostris
2737 3104 3019 3159 codicibus
3037 3100 3309 3163 habemus
3330 3128 3340 3164 :
3368 3111 3522 3165 Lau-

236 3209 351 3247 non
377 3194 577 3248 lucebit
603 3195 704 3255 tibi
724 3196 988 3262 amplius,
1013 3198 1063 3248 et
1091 3209 1193 3247 vos;
1724 3155 1838 3243 non
1855 3155 1898 3216 Ο
1917 3155 2581 3261 ἀᾷξξριλελῑ

235 3282 502 3334 audietur
551 3282 732 3335 adhuc
772 3285 837 3335 in
877 3287 938 3336 te.
989 3282 1070 3335 Ac
1116 3281 1163 3334 si
1200 3281 1430 3335 diceret.
1476 3279 1685 3333 Omnia
1716 3294 1839 3348 quae

235 3370 310 3424 ad
346 3386 513 3425 nsum
555 3376 615 3423 et
660 3370 1072 3440 jucunditatem
1116 3370 1418 3440 pertinent,
1459 3368 1731 3427 tollentur
1769 3365 1839 3419 ab

234 3459 443 3530 impiis.
484 3460 558 3513 Et
590 3475 763 3530 quare
798 3460 905 3513 hoc
934 3460 1051 3523 ﬁat,
1093 3457 1442 3513 subinfertur
1468 3472 1656 3511 causa.
1696 3457 1839 3523 Quo-

238 3551 398 3604 niam
429 3553 753 3602 mercatores
785 3552 888 3610 tui,
925 3547 1127 3618 inquit,
1164 3552 1326 3601 erant
1350 3548 1628 3615 principes
1659 3550 1836 3599 terra.

236 3635 346 3692 Isti
363 3642 497 3692 sunt
512 3642 874 3700 mercatores,
890 3637 958 3691 de
976 3636 1182 3706 quibus
1201 3651 1374 3705 supra
1393 3635 1605 3689 dictum
1622 3639 1726 3699 est,
1743 3633 1840 3703 qui

238 3732 306 3780 ut
330 3728 572 3781 honores
599 3726 939 3796 temporales
967 3725 1073 3780 sibi
1114 3724 1427 3799 acquirant,
1460 3723 1680 3781 animas
1708 3738 1840 3776 suas

236 3815 449 3870 infelici
472 3815 807 3871 commercio
835 3819 1201 3870 commutant.
1233 3814 1302 3867 Et
1327 3811 1555 3876 idcirco,
1585 3810 1715 3880 quia
1739 3811 1841 3864 Ba-

241 3902 411 3973 bylon
427 3909 653 3957 terrena
672 3902 890 3973 quaerit,
907 3919 1028 3972 quae
1048 3901 1228 3954 utitur
1237 3900 1399 3953 bonis
1412 3897 1838 3968 temporalibus,

234 3998 300 4048 et
326 3992 452 4063 ipsa
473 3993 627 4062 justo
656 3991 758 4045 Dei
780 3990 993 4061 judicio
1020 3990 1334 4055 fraudatur,
1367 3994 1425 4042 et
1452 3987 1675 4042 aeternis
1703 4002 1838 4057 sup-

232 4081 422 4153 pliciis
450 4081 771 4136 damnanda
794 4079 1194 4149 submergitur.
1228 4079 1308 4135 Ex
1343 4077 1479 4148 ipsis
1507 4076 1658 4131 enim
1690 4074 1839 4145 regi-

237 4170 347 4226 bus
373 4175 539 4225 terrae
558 4186 623 4224 ac
649 4167 1055 4225 mercatoribus
1074 4168 1248 4238 impia
1265 4167 1459 4221 civitas
1477 4170 1719 4230 constat,
1743 4164 1840 4235 qui

240 4266 301 4317 et
321 4276 455 4317 suas
486 4259 702 4314 animas
726 4259 949 4313 venales
975 4250 1206 4319 faciunt,
1234 4262 1293 4311 et
1314 4256 1579 4311 elationis
1606 4256 1757 4309 fastu
1779 4254 1843 4308 in

240 4348 566 4419 supenbiam
588 4349 896 4403 elevantur.
921 4348 1061 4414 Quia
1081 4349 1145 4400 in
1162 4348 1449 4413 veneﬁciis,
1468 4345 1525 4398 id
1546 4349 1632 4398 est
1649 4344 1706 4398 in
1728 4360 1844 4397 ma-

1919 3295 2055 3350 ergo
2098 3280 2279 3334 sancti
2308 3292 2593 3347 resonant,
2640 3281 2774 3350 quia
2801 3286 2859 3334 et
2884 3280 2993 3352 ipsi
3022 3278 3326 3340 Dominum
3356 3288 3523 3343 verbo

1922 3375 1980 3423 et
2002 3385 2170 3439 opere
2190 3369 2442 3433 laudant,
2468 3373 2526 3423 et
2549 3375 2778 3423 ceteros
2801 3374 2866 3423 ut
2889 3372 3085 3425 eadem
3104 3372 3315 3429 faciant
3334 3377 3525 3433 admo-

1921 3462 2076 3512 nent.
2111 3459 2230 3511 l-loc
2258 3458 2512 3511 fecerunt
2558 3458 2935 3527 praecedentes
2975 3460 3267 3515 fortissimi
3312 3472 3519 3534 patres,

1920 3547 2026 3600 hoc
2054 3562 2157 3600 nos
2187 3546 2359 3599 etiam
2391 3546 2522 3599 licet
2546 3545 2773 3599 inﬁrma
2800 3553 2988 3600 mente
3014 3550 3232 3618 parvuli
3261 3551 3521 3609 dicimus.

1918 3634 2030 3690 Sed
2046 3636 2167 3704 jam
2187 3634 2323 3704 qui
2345 3633 2537 3686 dicant
2558 3633 2885 3687 audiamus:
2912 3636 3176 3697 Alleluia,
3202 3641 3324 3692 laus
3347 3646 3397 3693 el
3415 3645 3525 3709 glo-

1921 3726 2012 3775 ria
2027 3727 2077 3775 et
2096 3725 2275 3775 virtus
2297 3723 2401 3775 Deo
2430 3727 2636 3775 nostro.
2662 3723 2779 3779 Hoc
2798 3722 2947 3776 enim
2969 3724 3195 3780 alleluia
3216 3727 3400 3783 dicere
3420 3731 3524 3785 sci-

1916 3810 2072 3875 licet,
2106 3810 2255 3879 quod
2296 3810 2421 3863 laus
2453 3826 2465 3862 :
2499 3810 2633 3879 quia
2676 3810 2858 3864 omnis
2895 3818 3153 3867 creatura
3189 3817 3429 3873 caelestis
3467 3825 3525 3874 et

1919 3899 2207 3953 terrestris
2236 3900 2416 3952 Deum
2446 3898 2676 3952 laudare
2704 3898 2888 3953 debet.
2909 3901 2981 3954 Et
3004 3902 3207 3972 gloria,
3227 3904 3285 3958 id
3315 3913 3399 3961 est
3424 3909 3525 3963 ho-

1920 4004 2026 4042 nor
2054 3992 2111 4041 et
2131 3986 2453 4041 exsultatio.
2479 3987 2548 4040 Et
2569 3987 2746 4041 virtus
2767 3988 2882 4042 Deo
2904 3996 3097 4045 nostro
3122 3994 3225 4059 est,
3251 3995 3385 4064 quia
3402 3996 3523 4067 ipse

1919 4076 2055 4130 vicit
2096 4076 2403 4141 diabolum,
2431 4080 2488 4129 et
2518 4075 2709 4129 electis
2739 4076 2854 4130 suis
2901 4082 3237 4148 potestatem
3266 4083 3524 4140 vincendi

1919 4165 2137 4227 tribuit,
2171 4164 2376 4235 quibus
2403 4164 2526 4236 ipse
2552 4163 2727 4218 dicit:
2763 4165 3044 4235 Conﬂdite,
3077 4185 3168 4237 ego
3208 4174 3318 4226 vici
3352 4190 3524 4229 mun-

1916 4257 2060 4308 dum
2087 4256 2268 4321 (Joan.
2300 4262 2430 4321 xvn.

1998 4346 2139 4411 Quia
2158 4357 2288 4396 vera
2310 4345 2527 4409 ctjusta
2547 4345 2682 4396 sunt
2689 4342 2913 4410 judicia
2928 4347 3064 4412 ejus.
3080 4345 3295 4410 Quibus
3311 4351 3524 4410 scilicet

236 4437 459 4503 leficiis,
484 4441 593 4491 tuis
620 4439 949 4490 erraverunt
977 4450 1162 4489 omnes
1180 4438 1380 4502 gentes.
1416 4434 1559 4487 Hinc
1585 4432 1895 4526 manifes-D
1918 4430 2211 4502 judicavit.
2234 4435 2300 4484 ut
2328 4430 2386 4483 bi
2407 4430 2503 4500 qui
2525 4430 2856 4499 sanguinem
2884 4430 3167 4501 fuderunt,
3193 4441 3526 4509 sanguinem

243 4531 422 4590 tatur,
440 4527 573 4598 quia
593 4526 741 4582 sicut
758 4523 1077 4580 Ecclesiain
1088 4540 1286 4579 omnes
1304 4523 1502 4577 mundi
1519 4528 1716 4592 gentes
1736 4518 1889 4575 dis-"
1924 4519 2134 4583 bibant,
2154 4519 2260 4573 hoc
2279 4523 2383 4583 est,
2400 4518 2703 4572 vindictam
2724 4520 3013 4589 sanguinis
3034 4525 3367 4581 sustineant.
3383 4528 3528 4585 Hinc

241 4616 516 4681 tenditur,
545 4616 631 4670 ita
666 4621 725 4669 et
762 4614 1031 4685 Babylon.
1063 4612 1307 4667 Maxime
1345 4617 1533 4666 autem
1565 4611 1844 4681 principes

238 4704 414 4774 hujus
428 4705 625 4761 saeculi
649 4704 897 4760 ostendit
921 4702 1167 4758 avaritiae
1195 4701 1405 4756 servire
1432 4702 1492 4755 in
1522 4701 1610 4754 his
1637 4698 1840 4765 verbis,

236 4810 487 4864 quorum
518 4793 786 4865 exemplis
808 4799 1012 4848 caetera
1037 4792 1185 4863 perit
1212 4790 1535 4846 multitudo.

299 4884 368 4941 Et
384 4886 408 4937 i
411 4899 522 4939 nea
535 4884 766 4950 sanguis
779 4883 1170 4951 prophetarum
1186 4886 1233 4933 el
1253 4886 1575 4934 sanctorum
1590 4883 1844 4934 inventus

240 4979 343 5038 est,
376 4978 427 5029 et
454 4976 707 5027 omnium
740 4974 841 5040 qui
879 4972 1155 5037 interfecti
1190 4975 1323 5023 sunt
1351 4972 1415 5022 in
1444 4974 1612 5022 terra.
1649 4968 1844 5022 Sermo

241 5062 469 5117 divinus
494 5060 797 5131 aliquando
824 5058 1075 5130 loquitur
1102 5058 1173 5111 ad
1202 5056 1563 5127 Babylonem,
1586 5056 1746 5127 quasi
1774 5055 1847 5109 ad

238 5150 553 5207 secundam
580 5163 901 5220 personam,
929 5145 1232 5216 aliquando
1260 5145 1331 5198 de
1342 5144 1664 5218 .Babylone,
1687 5142 1848 5213 quasi

234 5239 318 5294 de
326 5237 520 5293 tertia.
531 5237 680 5293 Dicit
698 5236 846 5292 enim
861 5233 1119 5305 superius
1137 5252 1148 5286 :
1167 5234 1360 5288 Omnis
1377 5234 1587 5299 artifex
1601 5238 1651 5285 st
1667 5234 1848 5285 omnis

243 5343 344 5383 ars
364 5343 479 5381 non
500 5330 817 5381 invenietur
836 5328 899 5379 in
922 5328 972 5377 te
990 5325 1251 5391 amplius,
1272 5327 1402 5387 etc.,
1421 5321 1681 5375 similiter
1698 5336 1849 5374 nunc

242 5422 441 5473 autem
468 5416 607 5470 dicit
636 5434 648 5469 :
683 5416 751 5471 Et
778 5417 1037 5469 inventus
1065 5414 1140 5465 est
1168 5413 1232 5463 in
1261 5426 1323 5464 ea
1361 5412 1590 5477 sanguis
1614 5410 1847 5476 prophe~

240 5511 445 5561 tarum
470 5510 519 5561 et
549 5508 889 5567 sanctorum,
907 5504 1007 5570 qui
1030 5500 1309 5566 interfecti
1334 5504 1466 5551 sunt
1492 5501 1554 5550 in
1582 5503 1750 5550 terra.
1782 5498 1849 5551 in

236 5594 456 5673 quibus
482 5593 666 5651 verbis
690 5591 1043 5668 apertissime
1071 5589 1510 5657 demonstratur,
1542 5585 1602 5640 in
1630 5586 1743 5640 hac
1768 5586 1851 5641 ci-

1924 4608 2229 4663 Psalmista
2250 4604 2387 4662 dicit
2410 4625 2421 4660 :
2454 4610 2645 4661 Justus
2672 4623 2744 4672 es,
2778 4609 3025 4671 Domine,
3049 4616 3098 4663 et
3128 4619 3340 4667 rectum
3360 4620 3524 4683 judi-

1926 4700 2077 4751 cium
2093 4702 2257 4750 tuum
2272 4697 2438 4763 (Ρδαῑ.
2461 4696 2852 4761 cxvm).—Qui
2860 4697 3139 4763 judicavit
3159 4701 3222 4754 de
3244 4706 3526 4759 meretrice

1921 4801 2152 4853 magna,
2172 4785 2228 4838 id
2240 4790 2326 4839 est
2341 4785 2411 4838 de
2426 4784 2579 4838 omni
2593 4783 2870 4836 malorum
2888 4784 3265 4842 multitudine.
3277 4790 3400 4856 Quae
3411 4809 3529 4847 cor-

1928 4878 2085 4943 rupit
2110 4881 2343 4940 terram,
2370 4874 2475 4927 hoc
2495 4878 2599 4934 est,
2624 4872 2882 4943 seipsam.
2908 4875 2975 4927 In
2988 4878 3380 4941 prostitutione
3397 4896 3521 4938 sua.

1928 4963 2047 5016 Hoc
2059 4968 2147 5017 est
2160 4963 2219 5016 in
2237 4961 2601 5017 immunditia
2614 4961 2909 5025 carnis,vel
2925 4961 3269 5019 inidolorum
3282 4964 3524 5040 cultura,

1929 5067 2028 5106 seu
2048 5051 2216 5105 etiam
2231 5051 2290 5105 in
2310 5049 2617 5105 delectione
2630 5055 2982 5104 terrenarum
2997 5067 3187 5106 rerum
3207 5054 3333 5126 plus
3355 5074 3526 5130 quam

1929 5141 2330 5195 calestiumﬁl
2342 5140 2645 5193 vindicavit
2654 5141 2983 5207 sanguinem
2999 5156 3281 5199 servorum
3292 5162 3526 5204 suorum.

1929 5229 1991 5280 de
2017 5243 2191 5281 manu
2213 5231 2357 5296 ejus.
2385 5226 2527 5290 Quia
2548 5226 2696 5280 sicut
2721 5225 2803 5279 illi
2833 5226 3149 5283 eﬂuderunt
3179 5246 3374 5288 eorum
3400 5251 3526 5290 san-

1928 5316 2180 5386 guinem,
2220 5316 2303 5369 ita
2346 5321 2403 5369 et
2446 5316 2564 5385 ipse
2610 5315 2756 5369 fudit
2782 5316 3111 5386 sanguinem
3140 5319 3385 5377 illorum.
3420 5325 3524 5379 Vel

1929 5405 2258 5458 effusionem
2284 5404 2571 5474 sanguinis
2598 5420 2896 5475 possumus
2924 5405 3235 5478 intelligere
3265 5411 3526 5481 spiritua-

1926 5496 2078 5560 liter,
2115 5494 2260 5548 sicut
2306 5500 2363 5547 et
2407 5509 2595 5563 supra.
2630 5493 2973 5564 Sanguinem
3022 5495 3172 5550 enim
3202 5505 3526 5563 sanctorum

1927 5585 2217 5650 fuderunt,
2252 5582 2387 5653 quia
2414 5582 2760 5653 spiritualem
2791 5599 3018 5639 sensum
3047 5592 3436 5656 corruperunt.
3457 5590 3523 5650 Et
