4048 6172
562 317 705 378 1167

981 312 1360 371 HAYMONIS
1398 306 1888 364 HALBERSTAT.
1930 307 2134 362 EPISC
2176 286 2364 362 ore.
2404 304 2590 359 PARS
2629 304 2673 357 1.
2722 331 2787 342 —
2825 299 3196 356 COMMENT.
3238 299 3422 354 BIBL.

3705 292 3854 351 1168

560 444 694 517 quia
720 442 861 498 illud
889 441 1040 513 quod
1067 439 1235 492 vitale
1263 438 1386 491 erat
1417 434 1476 488 in
1518 433 1722 487 divinis
1750 431 1988 503 eloquiis
2029 433 2169 486 effu-
2186 435 2236 493 Α
2253 431 2486 484 thronos
2515 428 2753 498 ideoque
2775 443 2835 480 se
2862 424 3101 478 invicem
3129 423 3438 485 hortantes,
3465 419 3681 485 dicunt,
3702 416 3860 473 Atte-

564 536 791 594 derunt,
816 538 875 586 et
899 532 959 585 in
986 528 1268 583 carnalem
1291 540 1516 580 sensum
1541 526 1850 587 verterunt,
1876 521 1983 592 ipsi
2013 520 2173 591 quid-

564 623 700 694 quid
724 621 894 675 vitale
922 618 1149 682 habent,
1186 614 1475 668 amittunt.

637 711 709 767 At
730 714 936 764 iterum
958 709 1223 760 dixerunt
1248 722 1264 755 :
1285 704 1547 756 Alleluia.
1564 699 1876 756 Geminatio
1898 697 2174 751 sermonis

566 797 917 855 conﬁrmatio
938 801 1043 849 est.
1062 792 1309 848 Ecclesia
1329 790 1480 844 enim
1505 805 1728 859 semper
1743 786 2084 841 indesinenti
2098 786 2173 838 af-

563 891 714 943 fectu
730 887 911 941 Deum
929 883 1144 949 laudat,
1160 898 1225 935 ex
1247 881 1410 949 cujus
1436 893 1677 949 persona
1696 875 1997 930 Psalmista
2010 874 2176 927 dicit:

565 976 886 1030 Benedicam
916 973 1219 1027 Dominum
1251 972 1310 1021 in
1340 968 1497 1021 omni
1528 971 1784 1032 tempore,
1817 978 2025 1031 semper
2053 964 2176 1015 laus

567 1068 684 1132 ejus
712 1066 776 1116 in
803 1077 894 1116 ore
922 1076 1038 1113 meo
1066 1060 1230 1123 (Psal.
1259 1060 1470 1121 χχχιιι).
1506 1052 1746 1123 Duoque
1775 1050 2089 1104 meretricis
2118 1050 2177 1101 in

566 1153 674 1207 hoc
700 1152 821 1206 loco
849 1149 997 1204 facta
1024 1149 1558 1207 commemorantur,
1593 1140 1742 1211 quod
1770 1139 2032 1193 videlicet
2059 1144 2177 1191 ter-

566 1257 711 1305 ram,
740 1240 846 1293 hoc
876 1243 979 1303 est,
1004 1236 1251 1307 seipsam
1282 1232 1446 1286 malis
1473 1229 1736 1300 operibus
1765 1227 2095 1297 corruperit,
2120 1231 2179 1279 et

567 1329 718 1401 quod
742 1326 1075 1397 sanguinem
1110 1328 1432 1377 sanctorum
1462 1318 1689 1383 fuderit,
1714 1333 1815 1387 pro
1847 1314 2053 1385 quibus
2080 1330 2174 1384 ge-

566 1418 769 1471 hennie
796 1413 1119 1468 incendium
1151 1408 1492 1464 aeternalitcr
1519 1405 1834 1460 sustinebit.
1879 1406 1944 1458 Et
1982 1406 2175 1471 fumus

565 1508 979 1559 tormentorum
1002 1505 1119 1569 ejus
1140 1499 1385 1553 ascendit
1405 1500 1470 1550 in
1487 1497 1683 1549 saecula
1702 1497 2048 1547 sucularum.
2070 1491 2175 1545 Hic

571 1593 758 1647 fumus
776 1607 891 1645 non
911 1587 1202 1661 przesentis
1221 1585 1409 1640 saeculi
1436 1583 1877 1645 tribulationem,
1905 1581 2004 1634 sed
2018 1586 2175 1634 teter-

567 1696 700 1736 nam
749 1679 1055 1750 signiﬁcat.
1093 1675 1254 1730 Unde
1299 1672 1657 1737 intuendum,
1692 1670 1824 1742 quia
1870 1686 1984 1723 non
2039 1667 2175 1722 dicit

567 1743 855 1835 ascendet,
881 1767 981 1821 sed
1009 1766 1270 1825 ascendit,
1297 1762 1430 1832 quia
1456 1760 1713 1814 videlicet
1735 1760 1795 1812 in
1822 1757 2060 1827 singulis
2088 1773 2163 1809 re.
2187 1743 2233 1800 Β

565 1856 754 1929 probis
779 1855 1029 1928 quotidie
1059 1852 1299 1924 reproba
1325 1851 1520 1905 civitas
1551 1850 1872 1910 damnatur,
1909 1853 1966 1900 et
1995 1846 2066 1899 ad
2092 1846 2176 1899 in-

566 1946 712 2001 ferni
742 1962 934 2017 poenas
982 1942 1300 2002 deducitur,
1351 1939 1496 1993 sicut
1534 1937 1782 2008 quotidie
1820 1935 2177 1989 Hierusalem

566 2036 776 2090 transit
800 2035 858 2088 in
885 2031 1121 2102 singulis
1147 2029 1340 2085 electis
1360 2028 1431 2081 ad
1453 2026 1693 2098 patriam
1719 2025 2023 2089 caelestem,
2045 2040 2180 2077 nam

563 2125 656 2179 hic
693 2141 795 2196 per
831 2124 1050 2177 fumum
1090 2120 1322 2173 ﬂamma
1359 2123 1582 2170 aeternae
1619 2130 1795 2185 paenae
1824 2112 2173 2183 designatur.

564 2213 700 2283 quia
726 2211 918 2266 miseri
942 2210 1003 2263 in
1030 2215 1304 2263 asternum
1350 2211 1486 2259 sunt
1512 2202 1830 2274 torquendi.
1867 2202 1970 2255 Hic
2021 2202 2176 2253 locus

566 2300 715 2353 valet
731 2304 925 2352 contra
948 2313 1043 2350 eos
1059 2295 1156 2365 qui
1177 2295 1372 2347 dicunt
1394 2293 1542 2362 quod
1570 2290 1796 2362 reprobi
1820 2298 1947 2361 post
1966 2290 2174 2343 multos

566 2404 745 2442 annos
776 2386 848 2440 ad
874 2384 1114 2456 gloriam
1145 2382 1261 2436 sint
1288 2380 1585 2443 reversuri,
1613 2385 1809 2432 contra
1833 2377 2172 2432 sententiam

566 2475 813 2541 Domini,
838 2490 952 2545 qua
968 2473 1223 2527 dicturus
1241 2475 1330 2524 est
1352 2469 1494 2522 illis:
1522 2470 1598 2522 Ite
1618 2471 1680 2521 in
1701 2471 1883 2535 ignem
1903 2472 2173 2519 aeternum

570 2564 786 2633 (Matth.
800 2567 945 2633 xxv).
971 2558 1255 2630 Quidquid
1276 2557 1428 2612 enim
1446 2561 1720 2610 aeternum
1737 2558 1842 2616 est,
1864 2554 2171 2608 terminum

565 2670 682 2708 non
706 2651 894 2714 habet,
923 2657 981 2705 et
1010 2651 1116 2704 hoc
1150 2654 1236 2702 est
1264 2646 1413 2718 quod
1442 2645 1535 2699 hic
1562 2643 1788 2711 dicitur,
1821 2645 2027 2696 Fumus
2054 2645 2171 2709 ejus

566 2743 809 2797 ascendit
852 2743 917 2793 in
965 2741 1163 2793 secula
1201 2738 1549 2793 saeculorum,
1591 2733 1724 2803 quia
1762 2732 2019 2785 videlicet
2055 2737 2172 2784 tor-

486 2868 491 2869 ν
563 2835 778 2896 menta,
802 2828 1006 2901 quibus
1031 2824 1224 2880 miseri
1247 2829 1384 2878 tunc
1402 2822 1720 2887 tradentur,
1745 2822 1915 2875 ﬁnem
1946 2836 2058 2873 non
2082 2836 2175 2872 ac-

572 2919 804 2990 cipient.

2256 523 2394 584 tuia,
2428 518 2484 572 id
2516 523 2625 585 est,
2654 517 2895 570 Laudato
2923 515 3254 567 Dominum.

2324 610 2390 664 Et
2440 625 2546 662 υοω
2569 609 2632 661 de
2686 608 2882 659 throno
2917 607 3106 670 exivit,
3155 605 3338 655 dicens
3372 622 3388 655 :
3420 601 3663 655 Laudem
3701 600 3859 651 dicate

2255 701 2358 752 Deo
2403 703 2604 757 nostro,
2639 712 2823 749 omnes
2852 695 3035 747 sancti
3062 696 3205 760 ejus.
3243 692 3361 744 Hoc
3400 706 3515 743 non
3541 688 3736 751 semel,
3768 686 3864 739 sed

2258 786 2427 839 etiam
2457 784 2700 838 secundo
2745 784 2803 835 in
2846 781 3134 853 praemissa
3174 779 3455 833 locutione
3482 778 3696 830 factum
3725 774 3865 844 legio

2259 891 2406 935 mus,
2430 873 2577 943 quod
2602 872 2690 925 hic
2714 872 2921 925 iterum
2942 870 3064 923 ﬁeri
3080 868 3338 939 jubetur.
3368 867 3477 921 Sed
3499 872 3565 919 ut
3592 866 3717 935 ipsa
3747 865 3865 917 laus

2260 962 2588 1016 indeﬁciens
2615 976 2838 1031 semper
2864 962 3203 1030 perseveret,
3233 957 3355 1027 ipsa
3385 954 3643 1009 membra
3672 960 3868 1006 mutua

2262 1051 2649 1105 exhortatione
2680 1049 3080 1114 informantur,
3111 1052 3177 1099 ut
3205 1060 3400 1098 omnes
3430 1043 3484 1096 ci
3522 1041 3755 1095 laudem
3785 1040 3869 1092 di-

2260 1146 2413 1201 cant,
2449 1139 2690 1191 thronus
2719 1136 2871 1191 enim
2912 1135 3020 1206 ipsi
3062 1140 3197 1188 sunt
3234 1133 3379 1186 servi
3406 1131 3528 1185 Dei.
3562 1129 3709 1183 Cum
3738 1145 3871 1198 ergo

2260 1228 2329 1281 de
2359 1228 2563 1280 throno
2594 1225 2760 1278 exivit
2780 1240 2899 1286 vox,
2921 1229 2978 1276 et
3004 1238 3170 1276 aures
3200 1219 3444 1274 secundo
3472 1222 3757 1287 penetrat,
3782 1216 3870 1268 ni-

2257 1317 2464 1370 mirum
2495 1314 2640 1369 servi
2669 1314 2740 1366 ad
2784 1328 3076 1366 conservos
3121 1307 3527 1363 exhortationis
3565 1306 3862 1376 proferunt

2257 1403 2509 1458 verbum.
2534 1403 2743 1456 Verum
2776 1402 2833 1455 in
2863 1402 2969 1453 hoc
3007 1399 3158 1470 quod
3186 1397 3459 1468 sequitur,
3486 1402 3537 1448 et
3564 1398 3668 1463 qui
3698 1398 3863 1446 limen

2258 1496 2327 1546 tis
2353 1495 2544 1557 Deum,
2569 1491 2803 1561 quaestio
2824 1489 3022 1553 oritur,
3049 1504 3223 1559 quare
3246 1487 3512 1540 timentes
3533 1484 3717 1537 Deum
3737 1483 3863 1535 lau-

2256 1582 2390 1635 dare
2403 1580 2949 1651 prmeipiantur,cum
2974 1578 3353 1648 ipse-Joannes
3366 1575 3517 1628 dicat
3537 1573 3594 1625 in
3611 1572 3864 1643 Epistola

2256 1687 2360 1723 sua
2386 1688 2397 1722 :
2429 1669 2704 1732 Quoniam
2737 1669 2906 1721 timor
2925 1683 3145 1737 poenam
3179 1663 3364 1728 habet,
3396 1670 3502 1716 etc.
3537 1661 3649 1725 Qui
3678 1661 3863 1723 timet,

2257 1775 2368 1813 non
2385 1766 2469 1811 est
2488 1758 2766 1828 perfectus
2784 1757 2843 1810 in
2865 1756 3160 1809 charitate.
3183 1752 3329 1807 Alibi
3347 1767 3574 1823 quoque
3589 1749 3865 1820 scriptum

2259 1852 2363 1910 est,
2378 1846 2513 1916 quia
2532 1861 2643 1899 non
2667 1850 2742 1897 est
2761 1846 2995 1912 speciosa
3020 1845 3141 1895 laus
3162 1845 3226 1895 in
3252 1858 3343 1895 ore
3356 1843 3655 1909 peccatoris
3670 1840 3862 1906 (Ereti.

2259 1939 2346 2004 xv)
2356 1934 2481 1988 .Sed
2497 1933 2785 1987 sciendum
2802 1938 2889 1985 est
2901 1931 3033 2001 quia
3048 1931 3159 1984 duo
3171 1937 3305 1984 sunt
3315 1930 3865 1991 timores,servorum

2260 2023 2519 2077 videlicet
2532 2028 2590 2076 et
2606 2022 2865 2075 ﬁliorum.
2877 2012 3031 2075 Servi
3044 2020 3194 2074 enim
3206 2020 3408 2073 timent
3418 2035 3489 2072 ne
3501 2017 3867 2086 ﬂagellentur

2260 2129 2294 2166 a
2314 2112 2557 2166 dominis
2576 2129 2587 2163 :
2604 2111 2705 2164 ﬁlii
2726 2117 2935 2173 autem,
2959 2126 3029 2162 ne
3050 2109 3240 2163 oculos
3259 2108 3549 2161 olfendant
3568 2105 3647 2176 pii
3670 2104 3864 2175 patris,

2259 2208 2314 2255 et
2334 2201 2662 2255 haereditate
2678 2215 2873 2253 eorum
2897 2199 3206 2269 priventur.
3225 2196 3311 2250 Ita
3324 2212 3459 2266 ergo
3473 2194 3643 2248 aliter
3665 2194 3869 2247 timent

2228 2292 2233 2299 ’
2259 2289 2502 2360 reprobi,
2520 2295 2689 2359 atque
2714 2288 2880 2341 aliter
2900 2286 3059 2357 justi.
3088 2284 3330 2356 Reprobi
3357 2285 3585 2348 timent,
3613 2299 3688 2336 ne
3714 2282 3868 2334 dam-

2257 2385 2465 2433 nentur
2492 2379 2552 2432 in
2580 2378 2799 2431 inferno
2826 2393 2927 2447 pro
2958 2376 3074 2429 suis
3096 2375 3332 2445 peccatis
3355 2387 3367 2421 :
3389 2373 3417 2427 J
3424 2373 3537 2426 usti
3560 2378 3774 2434 autem,
3797 2386 3867 2423 ne

2258 2468 2471 2539 aliquid
2488 2473 2736 2538 peccent,
2760 2472 2818 2518 et
2837 2465 3026 2519 oculos
3044 2463 3131 2517 sui
3150 2462 3418 2516 creatoris
3434 2460 3866 2515 oﬂ'endanthto

2253 2558 2329 2611 ita
2336 2573 2444 2627 que
2457 2556 2660 2609 timore
2671 2554 2935 2608 timentes
2945 2551 3347 2623 praecipiuntur
3358 2551 3592 2604 laudare
3605 2550 3868 2614 Deum,et

2259 2645 2329 2699 de
2343 2661 2451 2716 quo
2465 2643 2765 2697 Psalmista
2776 2642 2936 2695 dicit:
2964 2643 3151 2694 Timor
3164 2642 3391 2693 Domini
3403 2643 3632 2691 sanctus
3646 2653 3865 2705 p3rmao

2259 2751 2395 2788 nens
2414 2736 2478 2786 in
2498 2736 2757 2786 saeculum
2778 2733 2967 2784 saculi
2988 2731 3153 2795 (Psal.
3180 2729 3439 2794 xvm.)-—
3455 2728 3659 2780 Pusilli
3677 2732 3727 2778 et
3748 2743 3867 2777 ma-

2257 2825 2375 2890 gni.
2400 2821 2596 2875 Pusilli
2621 2826 2771 2883 sunt,
2805 2818 2901 2889 qui
2930 2834 3043 2871 non
3069 2823 3304 2888 possunt
3333 2820 3635 2886 penetrare
3664 2814 3867 2867 altiora

2260 2908 2549 2980 mysteria,
2567 2907 2771 2979 quibus
2787 2906 3086 2977 Apostolus
3101 2906 3265 2959 dicit:
3282 2906 3406 2957 Non
3429 2907 3596 2971 potui
3623 2905 3773 2956 vobis
3794 2907 3869 2956 ιο-

638 2984 706 3061 Ει
735 3007 1047 3060 ceciderunt
1079 2984 1285 3070 uiginti
1314 3006 1556 3069 quatuor
1585 3002 1822 3052 seniores
1850 3002 1901 3050 et
1930 3001 2174 3064 quatuor
2192 3047 2238 3070 η
2259 3001 2532 3066 quzquasi
2546 2997 2955 3065 spiritualibus,
2969 2996 3059 3048 sed
3079 3000 3347 3061 tanquam
3360 2995 3696 3061 parculisin
3711 2992 3867 3046 Chri-

569 3097 870 3159 animalia,
894 3096 943 3146 et
962 3093 1338 3145 adoraverunt
1358 3090 1532 3141 Deum
1552 3087 1822 3139 sedentem
1841 3099 2004 3151 super
2027 3084 2174 3137 thro-

573 3198 734 3247 num,
752 3183 987 3234 dicentes
1010 3198 1027 3232 :
1048 3180 1244 3243 Amen,
1258 3179 1520 3231 Alleluia.
1539 3174 1699 3236 Quod
1721 3172 1914 3243 viginti
1934 3178 2176 3242 quatuor

575 3268 844 3332 seniores,
870 3268 977 3320 hoc
1008 3266 1328 3335 signiﬁcant
1351 3270 1406 3317 et
1437 3268 1682 3333 quatuor
1700 3261 1985 3324 animalia,
2009 3261 2065 3314 id
2095 3267 2180 3315 est

575 3371 800 3410 omnem
828 3355 1135 3408 electorum
1165 3352 1490 3406 Ecclesiam.
1533 3350 1677 3414 Quia
1718 3350 1867 3404 enim
1898 3349 2178 3418 subjecto-

574 3461 702 3498 rum
751 3443 899 3496 facta
931 3440 1234 3505 examinat,
1269 3443 1420 3492 recte
1448 3454 1548 3508 per
1578 3437 1826 3491 seniores
1857 3451 1869 3485 :
1905 3436 2037 3506 quia
2079 3453 2180 3507 pa-

575 3549 711 3588 scua
737 3537 960 3585 aeternae
991 3528 1290 3582 viriditatis
1315 3526 1571 3597 inquirit,
1594 3526 1762 3595 digne
1786 3541 1888 3595 per
1916 3524 2184 3578 animalia

575 3624 871 3692 ﬁguratur.
899 3620 966 3673 In
991 3617 1252 3671 vicesimo
1277 3621 1467 3670 autem
1498 3622 1700 3685 quarto
1752 3629 2008 3678 numero,
2036 3613 2184 3668 sicut

578 3725 751 3779 supra
769 3707 984 3761 dictum
1012 3711 1117 3769 est,
1164 3719 1360 3757 omnes
1406 3708 1593 3772 patres
1614 3707 1731 3754 tam
1752 3700 1973 3754 Veteris
1994 3701 2184 3754 Testa-

578 3793 757 3848 menti
788 3808 957 3863 quam
986 3791 1127 3845 Novi
1153 3789 1544 3852 ostenduntur,
1579 3794 1807 3858 prepter
1834 3787 2182 3863 duplicatum

575 3879 1003 3947 duodenarium,
1029 3878 1097 3932 de
1116 3878 1277 3947 cujus
1302 3882 1508 3929 natura
1528 3875 1664 3929 satis
1690 3875 1949 3945 superius
1970 3858 2184 3929 dictum

577 3974 680 4025 est.
714 3970 827 4024 Iste
852 3973 1044 4022 autem
1089 3982 1254 4020 casus
1281 3964 1567 4018 seniorum
1608 3969 1665 4017 et
1693 3963 2024 4017 animalium
2070 3980 2185 4018 non

576 4058 824 4130 pertinet
860 4056 932 4110 ad
968 4054 1212 4120 ruinam,
1257 4052 1356 4107 sed
1393 4052 1465 4106 ad
1518 4051 1919 4107 humilitatem.
1963 4052 2186 4106 Cadunt

579 4146 729 4201 enim
752 4151 883 4200 ante
902 4144 1192 4199 sedentem
1211 4142 1270 4195 in
1286 4142 1510 4203 throno,
1532 4140 1589 4193 id
1611 4147 1697 4194 est
1720 4146 1852 4194 ante
1873 4141 2074 4204 Deum,
2089 4141 2185 4212 qui

580 4235 844 4307 praesidet
861 4250 976 4288 suae
997 4231 1274 4294 Ecclesiae,
1296 4230 1428 4301 quia
1451 4229 1781 4299 semetipsos
1799 4222 2180 4296 humiliantes,

2190 3047 2239 3110 C

2258 3091 2356 3147 sto,
2385 3089 2469 3139 lac
2489 3087 2634 3139 vobis
2652 3089 2844 3153 potum
2867 3084 3010 3148 dedi,
3036 3099 3147 3136 non
3167 3099 3343 3135 escam
3370 3083 3444 3147 (II
3472 3084 3600 3135 Cor.
3627 3084 3731 3149 In).
3754 3082 3866 3134 Nec

2255 3181 2492 3246 possunt
2514 3174 2684 3228 etiam
2705 3173 2938 3242 implere
2959 3171 3183 3225 Domini
3207 3170 3521 3236 consilium,
3546 3187 3660 3240 quo
3683 3171 3767 3222 ait
3788 3170 3868 3223 :Si

2261 3268 2341 3317 vis
2365 3265 2639 3331 perfectus
2667 3278 2790 3327 esse,
2816 3261 2947 3313 rade
2978 3265 3025 3313 et
3056 3261 3222 3313 vende
3243 3262 3431 3312 omnia
3459 3276 3580 3327 qua:
3613 3260 3794 3321 habes,
3816 3264 3866 3309 et

2263 3354 2334 3405 da
2366 3353 2725 3421 pauperibus,
2758 3356 2807 3403 et
2845 3351 2988 3414 veni,
3022 3354 3069 3401 et
3098 3364 3315 3417 sequere
3344 3363 3429 3400 me
3457 3348 3683 3409 (Matth.
3722 3351 3857 3409 nx).

2263 3440 2452 3509 Magni
2479 3455 2607 3492 vero
2631 3443 2780 3501 sunt,
2805 3437 2873 3490 de
2904 3435 3108 3506 quibus
3126 3436 3245 3506 ipse
3264 3435 3536 3490 Dominus
3555 3436 3729 3489 dicit:
3765 3436 3867 3501 Qui

2263 3530 2448 3596 fecerit
2471 3534 2517 3581 et
2539 3528 2804 3588 docuerit,
2827 3527 2915 3579 hic
2940 3541 3174 3592 magnus
3196 3526 3481 3578 vocabitur
3503 3528 3564 3577 in
3588 3541 3758 3591 regno
3777 3540 3864 3576 az-

2266 3619 2449 3670 lorum
2482 3617 2697 3682 (Matth.
2731 3615 2803 3685 v).
2838 3613 2908 3666 Hi
2945 3629 3141 3669 omnes
3172 3613 3355 3667 Deum
3389 3613 3647 3676 laudant,
3678 3620 3733 3666 et
3766 3612 3864 3665 hoc

2264 3705 2324 3758 in
2355 3703 2615 3770 Ecclesia,
2649 3704 2707 3757 in
2737 3720 2846 3773 qua
2876 3702 3087 3772 pariter
3124 3702 3459 3765 consistunt,
3485 3703 3654 3771 juxta
3684 3701 3822 3754 illud
3849 3720 3859 3753 :

2265 3793 2476 3847 Parvus
2515 3798 2572 3845 et
2612 3808 2848 3862 magnus
2895 3790 2972 3843 ibi
3017 3797 3168 3852 sunt,
3199 3789 3535 3843 subaubitur
3582 3791 3639 3843 in
3671 3806 3858 3859 regno,

2266 3881 2365 3933 ﬁlii
2394 3880 2729 3934 dilectionis.

2336 3969 2401 4022 Et
2428 3969 2623 4021 audivi
2642 3984 2817 4021 vocem
2838 3971 3001 4035 quasi
3020 3968 3159 4020 tuba:
3182 3983 3411 4034 magna,
3436 3973 3488 4019 et
3515 3970 3659 4019 sicut
3686 3981 3857 4021 vorem

2267 4073 2548 4125 aquarum
2568 4060 2903 4118 multarum,
2933 4062 2980 4109 et
3000 4059 3143 4110 sicut
3164 4072 3341 4109 vocem
3361 4058 3743 4108 tonitruorum
3758 4070 3865 4107 ma-

2266 4160 2505 4212 gnorum
2515 4184 2528 4208 ,
2542 4146 2849 4198 dicentium
2867 4147 2934 4198 :A
2945 4142 3371 4212 lteluia.Magna
3385 4160 3487 4196 vox
3497 4143 3862 4204 canticorum,

2268 4250 2475 4303 magna
2496 4239 2581 4287 est
2599 4234 2819 4289 devotio
2839 4219 3183 4286 sanctorum.
3212 4232 3347 4296 Quae
3365 4237 3517 4285 recte
3546 4232 3699 4285 tuba:
3717 4248 3865 4286 com-

584 4322 856 4416 quidquid
896 4320 1108 4374 habent
1146 4321 1206 4373 in
1226 4319 1349 4416 ‘ﬁde
1367 4318 1789 4416 .etuoperelipsi
1817 4318 2107 4416 deputant,
2151 4335 2184 4372 a
2201 4358 2249 4416 Β
2268 4328 2519 4393 paratur,
2549 4322 2682 4393 quia
2707 4338 2911 4391 magna
2936 4320 3221 4392 praedicat.
3244 4321 3402 4375 Unde
3420 4337 3521 4391 per
3545 4320 3755 4374 Isaiam
3783 4321 3866 4373 di-

585 4426 697 4481 quo
726 4410 845 4463 haec
871 4411 1261 4478 perceperunt,
1288 4406 1384 4476 qui
1414 4405 1585 4460 dicit:
1617 4407 1748 4461 Sine
1770 4423 1853 4460 me
1878 4408 2021 4460 nihil
2039 4413 2185 4475 pote-

583 4500 682 4552 stis
709 4499 908 4564 facere.
939 4495 1115 4549 Aiunt
1143 4510 1276 4564 ergo
1307 4494 1628 4563 adorantes,
1663 4495 1860 4559 Amen,
1894 4493 1951 4547 id
1979 4499 2067 4547 est
2095 4510 2183 4547 ce-

518 4621 527 4633 .
583 4603 715 4640 rum
736 4591 830 4652 est,
855 4583 987 4656 quia
1011 4584 1126 4638 Deo
1146 4588 1336 4636 nostro
1357 4587 1444 4635 est
1477 4581 1599 4634 laus
1620 4588 1677 4636 et
1697 4582 1879 4652 gloria
1899 4588 1956 4636 et
1984 4582 2177 4646 virtus,

584 4675 680 4747 qui
701 4673 976 4747 judicavit
1002 4674 1073 4726 de
1100 4671 1394 4726 meretrice
1420 4686 1653 4739 magna;
1677 4671 1897 4739 justum
1923 4676 2008 4724 est
2037 4671 2186 4726 enim

584 4770 651 4819 ut
670 4764 765 4836 qui
784 4762 1116 4833 sanguinem
1132 4766 1459 4814 sanctorum
1476 4759 1639 4825 fudit,
1663 4759 1994 4829 sanguinem
2011 4759 2184 4828 bibat,

585 4853 692 4907 hoc
741 4858 845 4914 est,
889 4849 1194 4903 vindictam
1225 4848 1516 4918 sanguinis
1545 4847 1838 4901 sustineat.
1872 4847 1941 4900 Et
1979 4848 2186 4903 idcirco

585 4939 902 4995 laudandus
941 4945 1045 5005 est,
1079 4938 1175 5008 qui
1215 4936 1330 4990 sive
1366 4940 1598 5007 propter
1629 4936 1979 5006 voluptatum
2007 4936 2189 4991 illece-

585 5026 739 5095 bras,
777 5044 879 5081 seu
926 5032 1158 5098 pr0pter
1203 5024 1494 5094 sanguinis
1542 5023 1889 5091 effusionem,
1930 5041 2043 5079 non
2080 5026 2189 5081 nisi

583 5117 737 5185 juste
751 5108 1017 5187 reprobos
1031 5116 1287 5182 damnat,
1302 5131 1401 5168 seu
1419 5113 1772 5168 condemnat.
1787 5115 1968 5167 Amen
1984 5115 2189 5186 quippe

585 5210 995 5275 interpretatur
1024 5219 1265 5267 verum;
1296 5201 1558 5266 Alleluia,
1598 5204 1817 5255 laudate
1854 5204 2179 5262 Dominum.

590 5290 730 5347 Cum
761 5297 952 5345 autem
980 5291 1220 5346 thronus
1244 5296 1302 5345 et
1327 5290 1521 5360 viginti
1549 5295 1792 5359 quatuor
1813 5291 2063 5344 seniores
2082 5307 2197 5346 una

588 5380 664 5434 sit
700 5378 965 5444 Ecclesia,
993 5378 1362 5448 distinguitur
1389 5378 1488 5444 ita,
1522 5378 1653 5448 quia
1682 5384 1739 5431 et
1764 5379 2107 5447 generaliter
2152 5396 2188 5432 a

588 5469 831 5536 Christo,
864 5471 927 5522 ut
948 5482 1099 5521 unus
1137 5468 1394 5531 thronus,
1428 5473 1485 5521 et
1530 5467 1850 5537 specialiter
1888 5467 1947 5520 in
1986 5467 2186 5538 quibus

590 5557 705 5611 suis
744 5556 1207 5613 eminentioribus
1244 5555 1510 5611 membris
1550 5556 1784 5627 mystice
1823 5557 1981 5612 sedet
2016 5573 2187 5628 super

2266 4410 2413 4464 citur
2441 4428 2453 4462 :
2487 4413 2656 4477 Quasi
2700 4411 2830 4463 tuba
2866 4413 3048 4463 exalia
3080 4425 3258 4462 vocem
3289 4425 3459 4462 tuam.
3496 4409 3615 4462 Vox
3649 4424 3867 4479 quoque

2264 4515 2541 4569 aquarum
2566 4499 2894 4562 multarum,
2920 4514 3022 4551 vox
3063 4502 3148 4552 est
3177 4498 3511 4567 populorum
3539 4497 3866 4563 multorum,

2263 4604 2424 4658 aquae
2452 4589 2602 4641 enim
2632 4587 2820 4640 multa:
2849 4586 3039 4657 populi
3070 4602 3201 4640 sunt
3228 4586 3565 4651 multi,sicut
3591 4602 3765 4656 supra
3789 4586 3866 4638 ιθ

2268 4677 2476 4747 gimus.
2499 4675 2566 4729 In
2584 4692 2713 4730 voce
2733 4681 2922 4729 autem
2940 4675 3318 4729 tonitruorum
3343 4690 3682 4744 magnorum
3693 4682 3868 4728 terror

2270 4764 2604 4835 exprimitur
2648 4764 2865 4834 judicii.
2908 4764 3183 4817 Tonitrua
3226 4763 3433 4833 quippe
3471 4780 3681 4832 magna
3722 4780 3787 4816 ex
3811 4777 3866 4815 se

2270 4854 2552 4917 emittunt,
2581 4852 2806 4923 quando
2831 4852 3019 4923 impiis
3046 4858 3322 4905 terrorem
3347 4851 3523 4904 divini
3546 4851 3749 4921 judicii
3772 4867 3866 4903 an-

2270 4941 2554 4995 nuntiant.
2582 4941 2790 4995 Omnes
2817 4940 3029 5010 itaque,
3052 4940 3108 4993 id
3139 4946 3225 4993 est
3252 4939 3649 5010 praedicatores
3670 4947 3730 4993 et
3753 4937 3868 4992 sub-

2270 5029 2372 5083 diti
2408 5028 2693 5083 auditores
2730 5028 2967 5082 invicem
3007 5045 3065 5082 se
3105 5028 3393 5081 hortantes
3431 5026 3628 5081 dicunt
3673 5046 3686 5078 :
3727 5028 3867 5081 Alle-

2274 5120 2413 5183 luia,
2444 5116 2502 5170 id
2532 5118 2881 5185 est,Lau~date
2907 5117 3595 5181 Dominum—Quoniam
3622 5115 3866 5181 regnarit

2270 5206 2541 5258 Dominus
2557 5207 2698 5261 Deus
2725 5209 2906 5257 noster
2926 5208 3281 5272 omnipotens.
3299 5205 3378 5257 Ac
3397 5204 3445 5257 si
3469 5204 3663 5257 dicant
3686 5221 3699 5254 :
3722 5204 3786 5257 In
3808 5216 3869 5255 eo

2276 5291 2437 5345 nobis
2485 5291 2887 5345 collaudandus
2937 5298 3041 5359 est,
3071 5293 3343 5362 quoniam
3396 5293 3544 5345 sicut
3595 5291 3668 5344 ab
3716 5289 3867 5344 initio

2270 5380 2466 5433 mundi
2496 5380 2752 5450 regnavit
2784 5381 2842 5434 in
2890 5379 3051 5434 nobis
3092 5381 3372 5445 diabolus,
3405 5380 3485 5433 sic
3522 5379 3595 5433 ab
3632 5380 3867 5433 adventu

2267 5485 2370 5523 suo
2388 5469 2639 5539 regnavit
2660 5468 2778 5539 ipse
2799 5469 3074 5536 Christus,
3104 5476 3161 5523 et
3179 5486 3281 5522 nos
3302 5469 3399 5539 qui
3418 5484 3645 5522 eramus
3662 5468 3866 5521 dudum

2266 5573 2505 5628 regnum
2532 5556 2762 5623 diaboli,
2791 5558 3081 5613 transtulit
3127 5558 3189 5611 in
3238 5573 3478 5627 regnum
3510 5556 3709 5627 gloriae
3732 5570 3865 5619 suae.
