4048 6172
265 230 412 289 ’1169

1186 236 1566 293 EXPOSITIO
1597 238 1674 292 IN
1699 236 2223 293 APOCALYPSIN.
2261 264 2322 276 —
2356 233 2492 290 LIB.
2528 238 2623 292 VI.
2726 260 2729 263 ·

3424 244 3561 303 1170

266 357 539 419 moriens,
572 362 629 413 et
655 358 823 413 tertia
860 358 950 413 die
991 377 1033 414 a.
1065 364 1302 418 mortuis
1330 379 1645 433 resurgens.
1679 365 1851 434 Cujus
1870 369 1919 424 Α
2003 365 2067 417 Et
2088 365 2283 417 datum
2312 369 2385 417 cst
2413 366 2504 417 illi
2526 369 2585 416 ut
2605 368 2875 432 cooperiat
2906 382 2957 418 se
2988 367 3206 435 byssina
3224 371 3536 436 splendenti

269 446 444 499 etiam
466 448 721 517 potentia
757 448 816 502 in
833 449 936 502 hoc
964 449 1352 523 principaliter
1372 453 1705 514 ostenditur,
1734 470 1875 524 quo-

268 533 427 587 niam
478 535 573 605 qui
600 536 786 606 potuit
816 538 874 590 in
906 538 1180 609 principio
1210 542 1545 595 mirabiliter
1588 541 1875 596 hominem

267 622 536 685 formare,
566 624 685 695 ipse
716 625 1030 680 mirabilius
1054 629 1298 682 moriens
1324 630 1380 684 in
1403 631 1513 684 ﬁne
1533 636 1871 701 temporum,

268 726 421 771 eum,
450 712 545 781 qui
573 712 837 783 perierat,
864 715 1047 785 potuit
1075 716 1478 771 reformare.Et
1502 718 1560 771 in
1590 718 1677 771 his
1699 718 1876 785 omni-

268 796 378 852 bus
403 799 572 853 simul
604 802 856 871 potentia
874 802 1026 856 illius
1056 805 1373 859 ostenditur
1388 812 1444 859 et
1469 805 1870 860 misericordia.

341 888 691 943 Gaudeamus
711 896 762 944 et
781 894 1115 945 exsultemus
1136 899 1182 946 et
1205 895 1395 947 demus
1413 898 1652 961 gloriam
1669 894 1875 948 ei.Haac

265 992 371 1031 vox
397 993 507 1030 non
531 984 617 1031 est
638 984 1052 1044 extraneorum,
1073 981 1129 1034 id
1156 986 1260 1040 est,
1284 998 1397 1035 non
1419 988 1503 1036 est
1528 982 1868 1045 Judazorum,

265 1082 643 1136 paganorum,
668 1068 762 1138 qui
793 1085 826 1121 a
855 1069 963 1121 ﬁde
994 1070 1204 1123 Christi
1236 1077 1291 1124 et
1317 1071 1597 1124 consortio
1629 1071 1873 1124 ﬁdelium

268 1154 442 1224 longe
474 1162 625 1221 sunt,
655 1156 753 1209 sed
780 1173 880 1209 vox
906 1158 1160 1211 omnium
1190 1166 1517 1213 sanctorum
1557 1160 1792 1213 invicem
1818 1177 1875 1212 se

264 1240 618 1296 hortantium
633 1250 697 1297 ut
708 1245 995 1313 gaudeant
1008 1252 1061 1300 et
1076 1249 1371 1309 exsultent,
1381 1248 1625 1318 dentque
1636 1247 1873 1317 gloriam

268 1331 645 1401 omnipotenti
664 1332 799 1393 Deo,
827 1334 921 1403 qui
943 1333 1063 1388 sine
1095 1335 1224 1389 ullis
1244 1336 1678 1406 praecedentium
1707 1335 1876 1389 bono-

1958 458 2005 505 et
2034 451 2444 518 candido.Quid
2473 452 2548 506 sit
2576 452 3020 527 byssinum,ipse
3052 456 3232 527 aperit
3261 474 3389 511 cum
3418 458 3555 513 sub-

1953 542 2161 611 jungit:
2172 544 2463 611 Byssinum
2478 545 2625 595 enim
2640 548 2770 596 sunt
2773 546 2805 611 j
2811 547 3202 611 usti/icationes
3216 551 3531 601 sanctorum
3544 589 3557 601 .

1958 629 2397 683 Justiﬁcationes
2429 636 2619 683 autem
2661 637 2984 685 sanctorum
3038 632 3181 686 ﬁunt
3222 649 3323 703 per
3367 634 3559 695 ﬁdem,

1952 719 2117 787 juxta
2132 718 2278 788 quod
2299 718 2599 788 Apostolus
2618 718 2755 772 dicit
2778 738 2790 772 :
2819 721 3119 787 Justi/icati
3137 737 3238 789 per
3255 722 3436 788 ﬁdem,
3464 740 3563 793 pa-

1957 823 2068 860 cem
2094 808 2393 859 habeamus
2412 808 2486 860 ad
2512 810 2713 875 ipsum.
2732 808 2903 861 Fiunt
2933 808 3103 863 etiam
3128 810 3564 879 justiﬁcationes

1957 911 2059 966 per
2078 895 2319 964 gratiam
2352 894 2726 965 baptismatis,
2758 912 2860 966 per
2887 897 3372 968 eleemosynarum
3395 900 3564 970 largi-

1958 988 2155 1044 tatem,
2194 1000 2295 1053 per
2338 983 2693 1047 charitatcm,
2737 1000 2860 1054 qua:
2908 985 3093 1056 operit
3141 986 3563 1041 multitudinem

1958 1071 2415 1141 peccatbrum.Et
2444 1072 2579 1142 quia
2622 1073 2723 1125 has
2758 1072 2998 1126 virtutes
3028 1073 3276 1127 Ecclesia
3301 1090 3336 1127 a
3362 1090 3422 1129 se
3450 1091 3563 1129 non

1957 1159 2146 1223 habet,
2175 1160 2270 1212 sed
2302 1176 2335 1212 a
2364 1160 2479 1213 Deo
2508 1161 2759 1232 percipit,
2786 1161 2992 1215 idcirco
3022 1161 3246 1216 dicitur:
3270 1165 3468 1218 datum
3486 1171 3562 1218 est

1959 1251 2068 1313 illi,
2103 1264 2137 1301 a
2168 1248 2283 1301 Deo
2317 1248 2548 1311 scilicet,
2580 1265 2615 1301 a
2644 1265 2754 1319 quo
2796 1266 2963 1303 omne
3011 1250 3221 1305 bonum
3269 1252 3556 1314 tribuitur,

1949 1337 2264 1405 juxtaillud
2290 1355 2301 1389 :
2354 1337 2523 1390 Omne
2551 1338 2747 1389 datum
2773 1341 3063 1405 optimum,
3091 1345 3139 1392 et
3169 1356 3328 1393 omne
3352 1342 3561 1395 donum

267 1433 399 1471 rum
426 1426 652 1474 actuum
681 1421 917 1483 meritis,
951 1423 1071 1476 sola
1107 1441 1210 1477 sua
1239 1424 1621 1478 misericordia
1661 1424 1729 1477 ad
1752 1430 1876 1477 tan-
1955 1427 2256 1493 perfectum
2277 1427 2568 1478 desursum
2590 1412 3013 1485 cst,descendens
3035 1443 3070 1479 a
3091 1430 3254 1481 Patre
3278 1431 3565 1483 luminum

262 1510 388 1559 tam
417 1523 511 1561 eos
532 1509 794 1579 perduxit
821 1510 1457 1579 dignitatem.()uoniam
1479 1519 1746 1567 renerunt
1766 1530 1874 1566 nu-
1957 1514 2096 1581 (Jac.
2122 1518 2184 1581 ι).
2216 1514 2358 1567 Hinc
2387 1519 2445 1567 et
2473 1514 2684 1567 Paulus
2713 1514 2825 1567 ait:
2872 1516 3015 1581 Quid
3066 1515 3224 1568 habes
3261 1517 3405 1583 quod
3450 1534 3564 1571 non

267 1596 828 1668 ptiaAgniNuptias
844 1599 901 1652 in
919 1616 1077 1653 sacro
1090 1601 1311 1671 eloquio
1335 1619 1480 1672 saepe
1496 1602 1735 1671 legimus
1754 1618 1875 1655 esse
1959 1606 2218 1671 accepisti
2237 1607 2261 1655 Ρ
2294 1604 2341 1669 (Ι
2365 1605 2488 1658 (Jor.
2513 1606 2607 1671 Iv).
2632 1604 2696 1656 In
2718 1603 2821 1655 hac
2841 1603 3033 1673 itaque
3056 1603 3169 1657 vita
3186 1620 3287 1675 per
3303 1604 3471 1659 ﬁdem
3499 1610 3558 1659 et

271 1685 623 1754 appellatam
650 1687 860 1741 Christi
886 1693 943 1740 et
964 1689 1220 1743 Ecclesia)
1241 1690 1711 1759 conjunctionem,
1735 1678 1946 1743 undeB
1965 1692 2299 1744 charitatem
2347 1690 2668 1761 cooperitur
2695 1692 2960 1757 Ecclesia.
2990 1692 3049 1745 in
3080 1692 3178 1746 illa
3214 1698 3405 1747 autem
3444 1694 3566 1748 sola

278 1778 399 1826 est:
433 1773 629 1828 Simile
658 1781 731 1829 est
785 1792 1015 1844 regnum
1050 1781 1308 1832 calorum
1361 1779 1578 1831 homini
1623 1782 1757 1845 regi,
1785 1782 1883 1847 qui
1964 1780 2236 1834 charitate
2266 1780 2684 1851 vestietur,quae
2715 1782 2901 1850 major
2928 1781 3131 1834 horum
3159 1798 3281 1835 esse
3310 1782 3566 1852 perhibe-

277 1862 409 1928 fecit
462 1866 686 1931 nuptias
716 1866 855 1918 Filio
886 1883 983 1919 suo
1012 1866 1230 1934 (Matth.
1264 1868 1420 1933 ΧΧΙῙ).
1450 1868 1698 1938 Sponsus
1729 1868 1881 1920 enim
1962 1870 2153 1922 tur.Et
2176 1869 2235 1922 in
2263 1868 2370 1921 hac
2399 1868 2673 1921 charitate
2705 1884 2901 1921 omnes
2929 1869 3170 1923 maxime
3195 1870 3559 1939 justiﬁcatio-

276 1955 367 2003 est
391 1950 667 2018 Christus,
700 1969 906 2023 sponsa
938 1955 1201 2015 Ecclesia,
1237 1955 1367 2025 quia
1396 1954 1502 2008 sibi
1526 1955 1883 2026 desponsavit
1964 1974 2064 2011 nes
2089 1958 2660 2028 consistunt.propter
2686 1972 2854 2027 quam
2884 1963 3087 2011 cuncta
3112 1974 3214 2029 per
3236 1958 3402 2011 {idem
3433 1974 3562 2028 ope-

277 2044 336 2091 et
366 2055 467 2108 per
522 2040 688 2093 ﬁdem
743 2047 799 2094 et
847 2043 1091 2111 gratiam
1144 2042 1517 2113 baptismatis.
1552 2043 1718 2096 Dedit
1748 2059 1882 2113 ergo
1965 2052 2183 2100 rantur.
2218 2047 2368 2099 Bene
2395 2051 2583 2099 autem
2615 2045 2907 2116 byssinum
2938 2046 3238 2115 splendens
3268 2051 3325 2099 et
3364 2046 3559 2102 candi-

276 2127 538 2181 Christus
568 2128 698 2183 huic
739 2146 956 2200 sponsae
985 2132 1232 2197 arrham,
1267 2132 1319 2185 id
1352 2138 1436 2186 est
1475 2133 1662 2191 ﬁdem,
1698 2149 1873 2202 spem,

274 2215 609 2269 charitatem
632 2234 644 2268 :
669 2222 726 2270 et
754 2234 857 2288 per
878 2218 996 2272 haec
1019 2224 1137 2272 toto
1169 2220 1276 2273 isto
1306 2225 1557 2291 tempore
1582 2220 1876 2290 conjungi-

272 2309 375 2357 tur
403 2303 503 2369 illi,
526 2304 581 2357 in
605 2305 795 2359 futuro
819 2313 1008 2360 autem
1039 2308 1157 2377 jam
1196 2309 1245 2361 ei
1273 2326 1374 2380 per
1401 2326 1521 2362 rem
1552 2309 1872 2363 sociabitur.

270 2394 345 2447 Et
378 2409 521 2446 uxor
548 2397 665 2463 ejus
689 2399 1023 2464 pra’pararit
1054 2414 1125 2449 se.
1156 2398 1277 2451 Duo
1317 2397 1471 2462 dicit,
1504 2414 1768 2468 sponsam
1800 2398 1876 2450 vi-

268 2482 496 2547 delicet,
526 2489 584 2536 et
626 2499 857 2538 uxorem
901 2502 1051 2539 nunc
1095 2488 1245 2539 enim
1276 2493 1471 2539 sancta
1500 2486 1745 2540 Ecclesia
1791 2490 1876 2539 est

269 2588 635 2643 sponsa,cum
667 2579 857 2627 autem
886 2575 956 2627 ad
987 2575 1277 2645 amplexus
1307 2575 1409 2628 viri
1440 2575 1528 2629 sui
1557 2574 1729 2629 fuerit
1752 2591 1874 2645 per-

266 2660 458 2726 ducta,
486 2667 542 2714 et
570 2662 717 2733 quod
748 2678 897 2716 nunc.
921 2662 1071 2716 videt
1096 2664 1153 2716 in
1178 2681 1295 2734 spe,
1329 2664 1531 2717 viderit
1560 2664 1613 2717 in
1639 2680 1719 2727 re,
1740 2669 1875 2717 tunc

271 2749 384 2803 erit
412 2766 571 2803 uxor.
608 2750 967 2804 Consuetudo
998 2752 1204 2823 quippe
1236 2759 1321 2806 est
1351 2769 1521 2806 sacrae
1550 2752 1870 2823 Scripturae,

271 2844 344 2892 ut
391 2838 692 2909 aliquando
746 2855 979 2909 sponsas
1008 2841 1252 2911 appellet
1288 2857 1511 2903 uxores,
1543 2848 1600 2895 et
1639 2857 1874 2911 sponsos

272 2928 428 2981 viros
452 2945 463 2980 :
489 2928 810 2998 iterumque
839 2944 1072 2999 sponsas
1098 2946 1320 2995 uxores,
1355 2935 1413 2983 et
1441 2930 1675 2984 maritos
1703 2946 1874 2999 spon-

1959 2136 2091 2189 dum
2121 2135 2344 2199 dicitur,
2368 2134 2500 2204 quia
2527 2134 2787 2187 videlicet
2826 2133 2995 2187 nullis
3024 2140 3381 2205 peccatorum
3424 2141 3561 2189 tunc

1959 2224 2196 2279 maculis
2226 2222 2593 2277 oﬂ‘uscabitur
2618 2223 2923 2276 electorum
2953 2223 3446 2294 conscientiaque
3467 2224 3559 2278 hic

1958 2330 2059 2383 per
2081 2313 2269 2371 ﬁdem.
2302 2329 2480 2382 spem,
2513 2317 2569 2364 et
2599 2311 2936 2364 charitatem
2967 2311 3139 2365 fuerit
3167 2318 3388 2366 ornata.

2028 2402 2092 2455 Et
2123 2401 2257 2453 dicit
2290 2400 2434 2452 mihi
2459 2418 2475 2453 :
2500 2400 2703 2453 Scribe.
2739 2398 3015 2453 Videlicet
3041 2399 3099 2452 in
3128 2399 3295 2453 corde
3321 2405 3442 2463 tuo,
3474 2400 3563 2453 vel

1955 2489 2124 2543 etiam
2158 2487 2338 2542 scribe
2370 2487 2426 2541 in
2456 2486 2616 2552 libro,
2640 2492 2706 2540 ut
2727 2488 3017 2558 perveniat
3036 2488 3107 2541 ad
3131 2489 3560 2559 posteros.Nam

1955 2584 2010 2631 et
2037 2577 2185 2648 quod
2214 2575 2424 2629 Jeanni
2451 2575 2852 2639 dicitur,-omni
2874 2576 3133 2629 Ecclesiae
3162 2576 3558 2646 dicitur,cujus

1955 2667 2049 2720 ille
2080 2673 2217 2720 tunc
2243 2671 2439 2736 typum
2456 2664 2867 2735 gerebatJZeati
2884 2668 2984 2733 qui
2995 2666 3068 2717 ad
3097 2680 3305 2718 canam
3334 2668 3559 2733 nuptia-

1956 2771 2089 2808 rum
2136 2756 2286 2821 Agni
2331 2758 2508 2807 vocati
2536 2758 2686 2807 sunt.
2719 2753 2846 2807 Non
2871 2753 2941 2806 de
2968 2753 3057 2806 his
3085 2753 3298 2824 nuptiis
3328 2768 3450 2823 quae
3496 2752 3557 2807 in

1957 2844 2220 2916 praesenti
2249 2848 2514 2913 aguntur,
2545 2842 2653 2895 ista
2684 2841 2975 2905 dicuntur,
3001 2842 3073 2895 ad
3103 2858 3243 2912 quas
3272 2841 3438 2895 multi
3465 2841 3556 2896 in-

1954 2935 2107 2983 trare
2128 2930 2385 2983 videntur
2404 2946 2504 2999 per
2521 2929 2687 2983 ﬁdem
2712 2934 2769 2983 et
2788 2929 3259 3000 baptismum.sed
3282 2943 3393 2983 non
3426 2928 3555 2983 ideo

269 3033 385 3070 sos.
408 3016 570 3071 Unde
602 3017 946 3088 evangelista
976 3034 1100 3072 cum
1132 3018 1390 3090 superius
1420 3018 1651 3072 dixisset
1669 3017 1738 3071 de
1758 3018 1870 3071 Do-
1892 3030 1936 3090 ο
1958 3024 2091 3073 sunt
2120 3018 2430 3089 beati,quia
2451 3019 2617 3072 ﬁdem
2639 3034 2807 3088 quam
2830 3018 3037 3073 habere
3065 3019 3345 3079 videntur,
3369 3018 3557 3089 operi-

266 3104 410 3157 mini
437 3112 619 3159 matre
646 3124 657 3159 :
692 3107 831 3160 Cum
859 3112 989 3159 esset
1020 3108 1342 3173 desponsata
1392 3112 1572 3159 mater
1617 3110 1735 3173 ejus
1788 3108 1873 3159 Jo-
1953 3106 2056 3160 bus
2087 3106 2392 3172 maculant,
2412 3106 2560 3159 unde
2581 3106 2850 3176 scriptum
2882 3111 2983 3159 est:
3008 3107 3174 3160 Multi
3197 3111 3331 3159 sunt
3356 3108 3553 3171 vocati,

266 3194 417 3262 seph,
450 3193 509 3247 in
548 3193 911 3264 sequentibus
943 3194 1178 3248 addidit:
1209 3196 1399 3263 Joseph
1423 3201 1607 3248 autem
1637 3198 1729 3248 vir
1757 3198 1871 3262 ejus
1946 3198 2120 3264 pauci
2134 3211 2257 3249 vero
2277 3199 2431 3249 electi
2452 3195 2669 3265 (Matth.
2693 3195 2917 3264 xx).Sed
2935 3195 3005 3249 de
3019 3196 3105 3249 his
3118 3195 3331 3266 nuptiis
3349 3194 3454 3248 hoc
3472 3195 3557 3249 in-

266 3298 398 3335 cum
429 3287 559 3335 esset
575 3287 783 3351 justus,
818 3288 868 3335 et
898 3286 1065 3336 nollet
1096 3299 1215 3335 eam
1249 3284 1557 3348 traducere,
1589 3287 1762 3337 rotuit
1792 3300 1872 3336 oc-
1951 3283 2311 3354 telligitur,in
2327 3299 2467 3353 quas
2482 3282 2978 3337 solummodoboni
2998 3281 3416 3348 intrabunt,ubi
3430 3283 3554 3352 jam

264 3372 414 3423 culte
439 3372 719 3423 dimittere
739 3373 921 3424 illam.
957 3371 1059 3424 Cui
1086 3376 1139 3424 et
1166 3371 1399 3441 angelus
1428 3370 1568 3425 dixit
1598 3389 1609 3423 :
1648 3373 1776 3425 Noli
1805 3375 1871 3424 ti-
1951 3389 2063 3426 non
2086 3372 2196 3425 erit
2220 3371 2520 3441 quisquam
2547 3372 2641 3442 qui
2664 3372 2868 3441 dignus
2884 3372 2959 3426 sit
2976 3372 3312 3444 projici,non
3340 3370 3554 3425 habens

264 3473 416 3511 mere
446 3459 688 3525 accipere
735 3460 977 3512 Mariam
1030 3463 1314 3528 conjugem
1367 3466 1523 3513 tuam
1550 3462 1766 3528 (Matth.
1802 3460 1863 3531 ι),
1950 3465 2160 3513 vestem
2184 3459 2517 3530 nuptialem,
2540 3461 2637 3515 sed
2655 3478 2851 3515 omnes
2872 3462 3125 3516 candidis
3154 3460 3314 3515 stolis
3348 3460 3552 3524 induti,

263 3562 396 3600 cum
426 3548 665 3601 necdum
696 3547 910 3601 scilicet
965 3558 1112 3601 esset
1168 3550 1291 3618 ejus
1322 3565 1481 3603 uxor.
1515 3550 1650 3603 Tale
1680 3555 1767 3603 est
1812 3554 1870 3603 et
1949 3546 2280 3617 gaudebunt
2306 3548 2363 3601 in
2393 3552 2663 3603 internum
2694 3566 2821 3604 cum
2846 3550 3238 3603 Christo-Has
3268 3549 3432 3602 multi
3465 3565 3555 3602 ex-

262 3634 440 3689 illud:
477 3634 542 3689 Si
560 3638 837 3689 invenerit
868 3640 1118 3705 puellam
1160 3640 1539 3703 desponsatam
1556 3641 1617 3691 in
1636 3654 1789 3705 agro,
1823 3644 1871 3692 et
1952 3636 2089 3689 ituri
2124 3636 2358 3699 intrant,
2401 3636 2497 3688 sed
2544 3637 2668 3689 illas
2717 3637 2973 3707 quisquis
3015 3637 3189 3690 semel
3236 3636 3550 3700 intraverit,

257 3724 555 3778 dormierit
594 3740 718 3777 cum
758 3732 1018 3785 ea,morte
1057 3728 1357 3790 moriatur,
1378 3728 1511 3792 quia
1549 3726 1872 3781 humiliarit
1952 3723 2191 3776 ulterius
2215 3738 2328 3776 non
2357 3722 2544 3777 exibit.
2577 3726 2746 3786 Beati,
2782 3724 2838 3778 id
2877 3729 2963 3778 est
2990 3724 3197 3782 felices,
3224 3726 3323 3791 qui
3351 3725 3424 3776 ad
3450 3739 3551 3776 ca-

259 3829 489 3865 uatorem
510 3814 1452 3883 proximi(E.rod.xxu).Appellatur
1467 3830 1692 3883 quoque
1715 3814 1868 3868 viret
1954 3827 2087 3864 nam
2114 3813 2446 3878 nuptiarum
2474 3810 2642 3878 Agni,
2675 3811 2732 3865 id
2762 3816 2866 3877 est,
2899 3812 2970 3865 ad
2999 3827 3306 3882 supernum
3332 3810 3473 3865 illud
3495 3816 3554 3865 et

261 3917 670 3971 uxor,sponsus
690 3908 747 3956 et
766 3903 1145 3973 sponsa,sicut
1169 3903 1288 3957 Joel
1317 3903 1451 3957 dicit
1477 3923 1489 3958 :
1532 3905 1867 3969 Egrediatur
1948 3900 2172 3952 caeleste
2192 3898 2528 3959 convivium,
2559 3903 2737 3953 rocati
2756 3905 2888 3954 sunt
2918 3900 2977 3953 in
3005 3896 3105 3954 Dei
3125 3899 3477 3971 praescientia
3495 3905 3555 3953 et

262 4005 493 4057 sponsus
518 3993 581 4043 de
611 3993 783 4044 cubili
808 4009 926 4054 suo,
958 3997 1007 4044 et
1022 4009 1219 4061 sponsa
1249 3994 1315 4044 de
1338 3993 1579 4046 thalamo
1606 4008 1704 4044 suo
1736 3993 1865 4061 (Joel
1948 3986 2460 4058 praedestinatione,
2495 3987 2551 4040 id
2580 3994 2667 4063 est
2694 3987 2764 4041 ad
2786 3988 3112 4042 societatem
3135 3987 3465 4057 angelorum
3494 3993 3555 4042 et

257 4078 506 4145 II).Quod
525 4085 716 4133 autem
738 4081 1044 4136 dicit:L'.ror
1062 4084 1180 4147 ejus
1200 4084 1541 4150 preparavit
1564 4097 1757 4139 se,non
1795 4080 1864 4133 de
1948 4083 2269 4130 sanctorum
2282 4075 2679 4139 hominum,ibi
2700 4077 2810 4130 erit
2835 4076 3064 4131 refectio
3086 4076 3403 4130 animarum
3417 4091 3551 4130 san-

258 4168 373 4221 ista
398 4184 519 4238 quae
549 4186 699 4223 nunc
727 4170 917 4239 agitur
946 4169 1352 4240 praeparatione
1379 4187 1480 4241 per
1508 4170 1676 4223 ﬁdem
1705 4169 1866 4223 intel-

258 4257 476 4327 ligitur,
512 4259 607 4312 sed
637 4259 823 4329 potius
852 4259 921 4312 de
973 4259 1071 4313 illa
1111 4260 1180 4313 de
1231 4276 1342 4330 qua
1387 4260 1660 4314 Dominus
1696 4261 1860 4315 dicit:

259 4347 445 4400 Media
476 4353 625 4401 nocte
654 4350 865 4400 clamor
918 4350 1100 4415 factus
1151 4355 1249 4417 est,
1283 4365 1392 4402 ecce
1420 4366 1648 4418 sponsus
1697 4352 1867 4417 venit,

261 4438 405 4488 exite
436 4438 651 4489 obviam
697 4439 764 4489 ei.
803 4438 954 4491 Tunc
981 4446 1350 4492 surrexerunt
1398 4455 1582 4492 omnes
1626 4442 1867 4505 virgines

258 4525 396 4587 illa,
421 4529 468 4576 et
498 4531 843 4578 ornaverunt
870 4528 1150 4593 lampades
1174 4542 1320 4579 suas.
1359 4527 1512 4580 Tunc
1537 4530 1684 4580 venit
1712 4543 1870 4595 spon-

258 4617 428 4676 sus,et
446 4628 566 4680 quae
576 4618 790 4681 paratae
810 4620 991 4678 erant,
1018 4617 1378 4668 intraverunt
1399 4617 1472 4667 ad
1493 4620 1718 4684 nuptias
1739 4632 1865 4669 cum

264 4717 325 4755 eo
360 4702 577 4765 (Matth.
609 4703 758 4770 xxv).
790 4702 907 4755 Ista
959 4708 1045 4755 est
1099 4702 1440 4772 conjunctio,
1472 4702 1695 4772 quando
1745 4718 1867 4773 quae

263 4787 560 4843 dicebatur
609 4806 839 4860 sponsa,
872 4791 1080 4844 transit
1120 4790 1179 4844 in
1209 4792 1523 4860 conjugem.
1558 4792 1627 4845 Et
1653 4807 1781 4845 cum
1810 4792 1869 4844 in

266 4879 379 4932 ﬁne
401 4878 588 4931 saeculi
608 4878 715 4931 ista
736 4879 1051 4948 conjunctio
1073 4886 1129 4932 et
1149 4880 1483 4950 prmparatio
1502 4880 1705 4935 debeat
1722 4880 1864 4942 ﬁeri,

261 4968 384 5037 jam
417 4965 564 5020 facta
589 4984 711 5021 esse
741 4967 987 5021 refertur
1012 4968 1070 5020 in
1098 4968 1199 5021 Dei
1243 4968 1760 5038 prae-destinatione.
1802 4969 1871 5021 Et

267 5055 395 5110 ideo
426 5071 622 5109 omnes
644 5056 785 5125 justi
808 5056 877 5109 ad
902 5057 1046 5109 hanc
1074 5057 1482 5127 conjunctionis
1502 5057 1744 5127 speciem
1767 5073 1871 5110 an-

269 5144 485 5209 helant,
510 5151 566 5199 et
592 5145 828 5198 invicem
860 5160 919 5197 se
947 5146 1238 5199 hortantes
1261 5146 1458 5199 dicunt
1483 5164 1492 5197 :
1526 5147 1872 5200 Gaudeamus

1948 4172 2188 4231 ctarum,
2205 4165 2259 4219 id
2280 4171 2365 4218 est
2380 4182 2627 4235 praesens
2640 4165 3042 4237 omnipotentis
3057 4164 3159 4220 Dei
3177 4164 3552 4220 vultus.Unde

1948 4257 2245 4311 Psalmista
2271 4256 2425 4310 dicit:
2451 4256 2711 4311 Satiabor
2729 4258 2864 4310 dum
2894 4258 3351 4324 manifestabitur
3368 4257 3553 4323 gloria

1952 4352 2049 4399 tua
2065 4349 2230 4412 (Psal.
2256 4350 2388 4413 xvx).
2414 4345 2495 4399 De
2522 4345 2626 4399 hac
2651 4360 2811 4398 coena
2830 4349 2886 4399 et
2905 4345 2964 4399 in
2985 4344 3285 4416 Evangelio
3304 4344 3514 4399 dicitur
3537 4364 3549 4398 :

1951 4438 2144 4490 Beatus
2164 4438 2262 4503 qui
2276 4437 2635 4488 manducabit
2649 4452 2849 4504 panem
2870 4438 2933 4490 in
2948 4451 3113 4503 regno
3127 4437 3225 4490 Dei
3244 4436 3395 4507 (Luc.
3419 4436 3525 4505 xxv)
3537 4473 3551 4488 .

1952 4528 2016 4582 In
2033 4526 2137 4578 hac
2158 4540 2318 4577 coena
2336 4524 2456 4594 ipse
2470 4524 2747 4579 Dominus
2767 4525 2883 4579 suis
2905 4524 3250 4579 ministrabit
3269 4524 3549 4589 ﬁdelibus,

1945 4613 2275 4687 justaillud:
2298 4614 2600 4681 Pracinget
2630 4630 2701 4673 se,
2728 4618 2776 4666 et
2795 4615 2959 4679 faciet
2980 4614 3104 4665 illos
3123 4612 3480 4671 discumbere,
3503 4616 3554 4663 et

1952 4706 2231 4760 transiens
2265 4703 2613 4755 ministrabit
2642 4700 3194 4772 itlis(Luc.xu).Bene
3225 4703 3414 4753 autem
3440 4715 3555 4753 non

1951 4793 2284 4853 convivium,
2311 4790 2410 4843 sed
2439 4806 2598 4844 caena
2624 4796 2871 4850 vocatur,
2901 4788 3036 4858 quia
3063 4787 3333 4841 nimirum
3364 4787 3423 4840 in
3443 4786 3555 4841 ﬁne

1953 4882 2142 4938 saeculi
2171 4876 2591 4948 adimplebitur.
2608 4878 2742 4931 Post
2765 4877 3066 4948 prandium
3095 4874 3247 4929 enim
3275 4890 3435 4929 ccena
3463 4891 3555 4929 re-

1953 4976 2086 5027 stat.
2124 4973 2250 5039 post
2277 4982 2494 5021 ca-nam
2525 4972 2714 5020 autem
2745 4965 3059 5020 convivium
3090 4964 3309 5018 nullum
3340 4968 3553 5033 restat;

1955 5058 2051 5129 qui
2081 5071 2235 5126 ergo,
2260 5054 2418 5108 ﬁnito
2446 5053 2742 5125 praesentis
2766 5053 2892 5106 vitae
2921 5051 3185 5115 termino,
3205 5051 3278 5105 ad
3305 5050 3559 5107 refectio-

1955 5162 2085 5201 nem
2119 5159 2377 5214 supernae
2405 5140 2895 5213 contemplationis
2923 5140 3172 5203 veniunt,
3206 5140 3456 5211 profecto
3484 5139 3558 5194 ad

271 5239 325 5287 et
356 5236 700 5286 ersultemus
730 5239 778 5286 et
808 5236 1000 5285 demus
1023 5237 1265 5299 gloriam
1293 5238 1366 5290 ei.
1399 5235 1591 5288 Potest
1619 5234 1788 5287 etiam
1820 5240 1876 5288 et
1960 5249 2177 5291 caenam
2200 5232 2343 5301 Agni
2376 5231 2734 5286 vocantur.Et
2762 5231 2897 5283 dicit
2927 5229 3085 5295 mihi,
3120 5230 3242 5284 Haec
3268 5230 3432 5283 verba
3460 5229 3559 5282 Dei

270 5322 356 5376 ita
402 5321 659 5391 intelligi,
691 5321 839 5391 quod
881 5337 1008 5373 cum
1065 5320 1198 5373 illuc.
1247 5322 1492 5375 Ecclesia
1533 5322 1869 5392 pervenerit,

1957 5338 2087 5377 vera
2106 5326 2255 5375 sunt.
2280 5319 2341 5373 Id
2373 5324 2460 5373 est
2488 5319 2620 5389 quia
2642 5319 2791 5373 Deus
2821 5334 2987 5371 verax
3018 5318 3227 5390 est.qui
3258 5334 3375 5373 non
3406 5332 3560 5370 men-

273 5411 384 5472 ista
402 5410 476 5462 sit
494 5409 733 5463 dictura.
760 5410 829 5463 Et
866 5410 971 5462 hoc
992 5408 1299 5478 prazvidens
1324 5410 1555 5480 spiritus
1590 5427 1693 5480 pro
1722 5415 1876 5465 certo
1959 5413 2103 5465 titur
2145 5408 2467 5478 aliquando,
2512 5412 2570 5461 et
2614 5407 2732 5460 haec
2774 5405 2945 5461 verba
2975 5423 3097 5478 qua:
3144 5407 3267 5462 dico
3312 5405 3415 5459 tibi
3459 5403 3562 5456 Dei

297 5503 537 5565 uturum
569 5498 651 5552 ita
682 5504 895 5565 narrat,
930 5497 1092 5568 quasi
1114 5498 1233 5568 jam
1264 5497 1336 5555 sit
1360 5498 1592 5553 factum.

1971 5497 2143 5555 verba
2180 5502 2330 5565 sunt,
2365 5502 2424 5550 et
2467 5495 2593 5551 ideo
2621 5512 2723 5568 pro
2758 5501 2913 5553 certo
2958 5497 3185 5551 venient
3220 5511 3343 5566 quae
3378 5492 3573 5559 futura
