4048 6172
466 192 599 261 1171

940 199 1320 257 ΗΑῩΜΟΝῙΞ
1349 180 1840 255 HALBERSTAT.
1875 184 2100 252 EPISU.
2134 182 2293 249 opp.
2328 164 2512 246 PARS
2541 177 2588 247 1.
2620 218 2686 231 —
2717 176 3090 245 COMMENT.
3123 186 3307 243 BIBL.

3606 176 3746 245 1172

463 320 715 403 praedixi.
775 308 910 393 Quae
959 324 1063 381 Dei
1118 320 1285 379 verba
1340 312 1410 378 ad
1465 317 1753 378 hominem
1805 321 2057 407 veniunt,
2073 323 2127 384 Α
2148 317 2394 376 ostendit
2422 322 2588 388 quem
2619 314 2854 369 aderare
2893 331 3022 369 eum
3049 298 3329 386 Oportéat,
3358 296 3742 386 subjungens:

464 419 692 491 quando
717 434 819 490 per
852 404 1133 471 internam
1157 411 1583 491 inspirationem
1614 404 1799 482 ipsum
1822 404 1925 464 Dei
1952 426 2069 463 ver-

461 508 601 563 bum
640 498 804 565 eain
842 502 1008 561 corde
1065 501 1279 559 revelat
1332 492 1593 557 fidelibus
1650 500 1771 553 sine
1828 497 2068 570 strepitu

465 594 634 652 vocis.

490 748 497 751 ,
534 676 602 741 Et
632 676 802 747 cecidi
846 687 974 736 ante
1002 678 1154 750 pedes
1173 683 1292 749 ejus
1312 677 1373 732 ut
1398 668 1694 732 adorarem
1714 679 1915 743 eum,et
1930 676 2067 731 dicit

464 767 633 829 mihi:
660 762 782 826 Vide
802 788 867 825 ne
897 764 1417 838 fecerisﬁonservus
1447 772 1574 819 tuus
1594 767 1643 819 et
1671 765 1922 834 fratrum
1954 770 2068 818 tuo-

467 868 600 918 rum
626 878 752 919 sum
781 854 1103 917 habentium
1136 856 1513 911 testimonium
1550 854 1695 908 JeSu.
1716 853 1860 916 Quia
1886 853 2069 924 majo-

466 968 588 1007 rem
618 968 678 1004 se
701 944 838 1003 vidit
865 942 1128 1013 Joannes,
1170 938 1378 999 idcirco
1406 943 1610 998 cadens
1641 940 1903 1012 angelum
1933 941 2068 994 ado-

472 1057 602 1097 rare
632 1038 836 1095 voluit.
869 1028 973 1092 Hic
1001 1035 1209 1090 etenim
1236 1028 1292 1087 et
1319 1032 1553 1103 angelus
1583 1037 1639 1085 et
1666 1030 1910 1087 Joannes
1939 1047 2068 1101 pro-

468 1131 624 1202 prias
654 1132 887 1183 sumunt
923 1141 1213 1196 personas,
1255 1130 1392 1184 nam
1443 1126 1568 1175 cum
1620 1136 1791 1192 supra
1837 1118 2070 1190 angelus

471 1208 706 1273 dixerit:
740 1218 886 1284 Ergo
924 1232 1050 1268 sum
1084 1235 1113 1265 α
1156 1218 1203 1265 et
1234 1234 1295 1271 ω,
1338 1213 1562 1278 primus
1618 1213 1666 1261 et
1716 1211 2068 1271 novissimus,

474 1306 723 1362 ostendit
743 1322 803 1359 se
823 1305 880 1357 in
897 1304 1002 1356 hoc
1020 1302 1142 1355 loco
1163 1299 1401 1353 missum
1429 1314 1549 1351 esse
1568 1294 1625 1349 in
1643 1297 1826 1366 ﬁgura
1842 1294 2070 1361 Christi,

2149 410 2324 463 Deum
2370 406 2564 460 adora.
2611 404 2781 468 Quasi
2814 403 3048 458 diceret:
3084 403 3212 457 Noli
3241 404 3477 456 adorare
3508 419 3620 467 me,
3651 398 3744 479 qui

2150 494 2320 549 verba
2349 492 2452 547 tibi
2481 493 2769 565 depromo,
2796 490 2894 546 sed
2926 500 3075 558 eum,
3104 491 3164 544 in
3190 492 3348 561 cujus
3377 508 3621 565 persona
3646 492 3744 546 tibi

2151 590 2414 657 appareo.
2428 582 2825 636 Testimonium
2849 585 3000 635 enim
3018 580 3147 635 Jesit
3164 585 3237 634 est
3261 583 3495 649 spiritus
3520 582 3747 649 prophe-

2152 677 2256 728 tiae.
2279 670 2561 747 Quidquid
2592 670 2741 724 enim
2771 669 3001 741 spiritus
3037 668 3344 740 prophetiae
3381 666 3546 734 dixit,
3589 670 3747 723 testi-

2150 760 2405 816 monium
2434 763 2520 821 est
2545 758 2698 825 Jesu,
2732 757 2821 812 cui
2849 759 2937 812 lex
2970 763 3027 811 et
3052 758 3338 831 prophetae
3363 757 3752 813 testimonium

2150 848 2464 922 perhibent.
2487 847 2648 905 Unde
2668 852 2724 901 et
2747 856 2873 901 cum
2902 844 3027 918 ipso
3052 847 3113 901 in
3135 851 3325 900 monte
3348 846 3752 921 transfigurato

2152 941 2373 1012 Moyses
2390 938 2446 991 et
2466 938 2615 991 Elias
2636 940 3021 1007 apparuerunt
3048 934 3106 988 in
3135 930 3331 988 eade'in
3362 932 3753 1005 majestate,ut

2155 1026 2565 1093 ostenderetur,
2599 1025 2780 1098 ipsum
2814 1024 3021 1078 habere
3058 1022 3443 1078 testimonium
3474 1032 3508 1077 a
3546 1023 3678 1094 lege
3699 1028 3754 1078 et

2154 1114 2614 1188 prOphetis.Hinc
2641 1115 2760 1184 ipse
2776 1112 3047 1167 Dominus
3077 1110 3213 1165 dicit
3238 1112 3463 1166 Iudaeis:
3483 1111 3553 1167 Si
3565 1112 3749 1165 crede~

2156 1209 2288 1259 retis
2317 1205 2512 1273 Moysi,
2530 1204 2816 1256 crederetis
2842 1207 2888 1254 et
2920 1202 3080 1265 mihi;
3110 1202 3173 1254 de
3204 1219 3289 1254 me
3317 1204 3466 1255 enim
3502 1201 3753 1254 illescri-

2157 1297 2263 1363 psit
2296 1294 2474 1355 (Joan.
2512 1297 2583 1359 v).
2618 1291 2813 1346 Omnis
2851 1289 2999 1345 enim
3028 1288 3317 1362 Scriptura
3347 1306 3446 1362 per
3476 1289 3755 1361 Spiritum

474 1412 605 1450 cum
635 1391 923 1464 propriam
975 1405 1273 1462 personam
1307 1384 1689 1465 considerans,
1723 1380 1977 1455 prohibet
2006 1399 2076 1436 ne
2161 1384 2247 1436 est
2263 1382 2490 1435 data.Et
2509 1381 2634 1435 ideo
2653 1381 2770 1451 ipse
2791 1379 3021 1450 spiritus
3036 1378 3342 1451 prophetiae
3362 1376 3753 1465 testimonium

476 1500 537 1537 se
568 1463 805 1535 adorare
835 1477 1054 1534 debeat.
1090 1476 1185 1531 ubi
1211 1482 1268 1529 et
1296 1463 1781 1543 notandum.quod
1805 1472 1951 1527 idem
1983 1488 2079 1524 an-
2159 1473 2293 1525 Jesu
2324 1476 2428 1536 est,
2454 1469 2585 1540 quia
2605 1468 2788 1522 omnis
2820 1466 3112 1540 Scriptura
3138 1464 3527 1523 testimonium
3561 1463 3755 1537 perhi-

477 1572 641 1642 gelus
662 1570 830 1640 pedes
854 1557 1116 1622 habuisse
1138 1557 1361 1631 dicitur,
1384 1564 1517 1636 quia
1540 1562 1805 1615 nimirum
1828 1560 2073 1626 veniens,
2110 1630 2115 1635 1
2160 1560 2256 1613 bet
2279 1556 2597 1613 Jesu.Unde
2626 1557 2746 1629 ipse
2774 1572 3074 1625 resurgens
3093 1564 3125 1608 a
3148 1553 3404 1621 mortuis,
3428 1553 3573 1608 dixit
3590 1554 3758 1609 disci-

478 1637 546 1714 ex
573 1637 704 1714 aere
725 1674 927 1729 corpus
949 1653 1270 1724 assumpsit.
1295 1648 1389 1706 Ait
1409 1668 1559 1721 ergo:
1598 1652 1736 1715 Vide,
1762 1648 1818 1702 id
1840 1654 1922 1702 est
1947 1666 2077 1702 cave
2094 1637 2140 1697 Β
2159 1648 2304 1719 pulis
2325 1647 2442 1701 suis
2465 1666 2478 1699 :
2506 1647 2789 1716 Oportebat
2815 1647 3042 1714 impleri
3065 1648 3255 1697 omnia
3275 1648 3614 1712 quaeseripta
3630 1646 3759 1696 sunt

478 1766 546 1803 ne
575 1749 789 1816 feceris,
825 1746 959 1817 quia
985 1759 1275 1799 conservus
1302 1748 1435 1805 tuus
1464 1733 1748 1810 sum,quia
1776 1755 1951 1792 unum
1975 1737 2079 1791 Do-

474 1836 695 1893 minum
726 1835 995 1889 habemus
1027 1850 1129 1903 ego
1168 1837 1225 1885 et
1261 1837 1346 1897 tu,
1379 1833 1436 1883 et
1484 1820 1541 1882 in
1595 1827 1747 1882 nullo
1804 1844 1927 1881 sum
1976 1824 2079 1879 tibi

476 1927 764 1999 praelatus,
790 1920 900 1977 nisi
925 1922 1149 1977 tantum
1180 1920 1240 1973 in
1269 1917 1541 1985 doctrina,
1588 1918 1756 1988 quam
1788 1920 1844 1970 te
1873 1916 2078 1969 missus

478 2031 609 2075 sum
639 2015 857 2078 docere,
891 2028 995 2065 nec
1017 2011 1201 2064 solum
1229 2014 1362 2065 tuus
1389 2023 1515 2061 sum
1554 2004 1756 2073 socius,
1790 2005 1883 2059 sed
1910 1998 2080 2058 etiam

478 2103 738 2159 omnium
769 2092 1006 2157 fratrum
1030 2086 1537 2163 tuorum,fidelium
1555 2088 1764 2149 scilicet
1787 2086 2080 2164 hominum

479 2208 577 2247 me
607 2180 948 2260 coaequalem
980 2204 1102 2241 esse
1151 2179 1438 2257 proﬁteor,
1470 2176 1798 2238 habentium
1827 2182 2082 2236 testimo-

479 2281 642 2337 nium
658 2258 812 2342 Jesu,
837 2258 895 2330 id
915 2272 1002 2330 est
1027 2270 1196 2336 ﬁdem
1217 2269 1484 2328 Jesu.Ubi
1507 2278 1564 2326 et
1592 2268 1696 2325 hoc
1725 2268 2081 2333 intuendum,

483 2367 621 2440 quia
649 2382 777 2420 cum
807 2380 951 2436 saape
973 2356 1032 2417 in
1061 2358 1252 2416 Veteri
1281 2358 1642 2416 Testamento
1663 2358 1903 2430 legimus
1922 2375 2089 2429 ange-

482 2457 569 2512 los
588 2442 662 2509 ab
682 2444 1005 2511 hominibus
1026 2450 1307 2517 adoratas,
1339 2466 1697 2521 nequaquam
1720 2448 1959 2519 legimus
1990 2465 2084 2502 eos

482 2545 658 2600 fuisse
677 2532 1008 2619 prohibitos.
1027 2537 1333 2612 Postquam
1355 2546 1544 2599 autem
1564 2530 1836 2593 Dominus
1865 2554 2084 2592 assum-

484 2638 647 2706 ptum
679 2624 970 2686 hominem
989 2645 1159 2701 super
1180 2629 1349 2683 coelos
1368 2624 1586 2694 levavit,
1615 2626 1849 2697 angelus
1878 2622 1948 2679 ab
1977 2626 2082 2679 ho-

489 2713 644 2783 mine
668 2714 892 2781 adorari
938 2710 1150 2785 timuit,
1186 2734 1353 2789 quem
1401 2733 1572 2789 super
1612 2732 1671 2769 se
1717 2731 1955 2787 regnare
1992 2731 2088 2769 co-

488 2810 718 2883 gnovit:
753 2814 810 2863 et
856 2801 988 2880 quia
1034 2824 1107 2861 ne
1159 2823 1219 2861 se
1256 2798 1495 2861 adorare
1526 2802 1728 2858 debeat
1765 2803 1816 2858 ei
1843 2800 1997 2870 dicit,
2033 2806 2088 2857 et

2161 1739 2223 1790 in
2247 1740 2353 1803 lege
2374 1734 2550 1804 Moysi
2571 1732 2620 1787 et
2636 1735 2913 1802 prophetis
2941 1738 2989 1786 et
3024 1733 3261 1786 Psalmis
3283 1734 3345 1785 de
3368 1748 3455 1786 me
3477 1733 3665 1797 (Joan.
3698 1734 3756 1797 1};

2160 1842 2291 1879 nam
2310 1829 2365 1878 et
2388 1841 2453 1877 eo
2469 1820 3020 1893 baptizato,Spiritus
3041 1826 3267 1875 sanctus
3293 1819 3691 1874 testimonium
3712 1817 3760 1873 ei

2162 1912 2446 1986 perhibuit
2465 1912 2613 1983 quod
2636 1914 2783 1964 esset
2801 1904 2905 1964 Dei
2925 1907 3355 1980 Filius,quando
3380 1909 3439 1962 in
3461 1908 3651 1980 specie
3680 1925 3762 1961 co-

2162 2002 2366 2057 lumba;
2391 2017 2561 2071 super
2586 2017 2714 2054 eum
2735 1999 3041 2053 descendit.
3059 1994 3300 2070 Spiritus
3315 1999 3511 2069 itaque
3526 1996 3763 2069 prophe-

2164 2094 2255 2147 tiae
2279 2090 2501 2146 Christo
2527 2088 2914 2144 testimonium
2942 2087 3219 2161 perhibet,
3257 2086 3390 2160 quia
3420 2087 3615 2142 omnia
3644 2105 3761 2158 qua:

2167 2184 2257 2236 lex
2285 2187 2341 2235 et
2367 2168 2653 2252 prophetae
2678 2183 2931 2244 narrant,
2964 2177 3032 2231 de
3058 2176 3155 2231 illo
3177 2177 3329 2231 dicta
3354 2177 3642 2232 videntur.
3659 2174 3764 2229 Ha-

2169 2271 2305 2325 bent
2331 2272 2521 2323 autem
2545 2266 2649 2322 hoc
2678 2267 3062 2322 testimonium
3096 2267 3125 2321 J
3130 2284 3227 2320 esu
3235 2308 3252 2334 ,
3285 2271 3398 2319 non
3425 2262 3485 2318 hi
3514 2258 3612 2337 qui
3640 2280 3764 2318 ver-

2170 2361 2408 2414 botenus
2426 2374 2492 2412 ea
2522 2372 2645 2429 qua;
2665 2354 2734 2410 de
2762 2356 2859 2409 illo
2888 2355 3152 2409 dicuntur
3174 2350 3430 2420 credunt,
3465 2352 3603 2426 quia
3630 2352 3764 2406 fides

2169 2448 2216 2502 si
2237 2465 2351 2501 non
2370 2444 2575 2500 habeat
2605 2462 2796 2517 Opera,
2821 2436 3046 2498 mortua
3068 2444 3173 2509 est,
3193 2437 3289 2498 sed
3316 2440 3412 2515 qui
3438 2459 3507 2496 ea
3527 2440 3639 2495 ﬁde
3656 2440 3767 2517 pol-

2166 2540 2305 2602 lent,
2340 2553 2463 2607 quae
2492 2552 2592 2606 per
2621 2532 2979 2588 dilectionem
3008 2531 3359 2604 operatur,id
3379 2536 3465 2585 est
3481 2531 3580 2600 qui
3601 2529 3765 2587 fidem

2169 2642 2338 2698 quam
2376 2621 2874 2696 habent,operibus
2895 2620 3234 2676 omant.Sed
3262 2618 3360 2675 ubi
3389 2618 3575 2674 omnis
3604 2634 3758 2671 sum-

2169 2732 2265 2768 ma
2296 2713 2426 2768 ﬁdei
2456 2713 2524 2767 de
2549 2710 2772 2766 Christo
2802 2706 3095 2766 enuntiata
3131 2708 3505 2777 concluditur,
3534 2705 3616 2760 ibi
3643 2712 3767 2760 tan-

2170 2788 2299 2858 dem
2319 2797 2489 2873 hujus
2510 2796 2805 2873 prolixitas
2833 2799 2962 2877 libri
2990 2799 3177 2854 debito
3198 2800 3309 2852 ﬁne
3338 2797 3698 2852 terminet-ur.

1682 3114 2004 3191 LIBER
2083 3111 2629 3190 SEPTIMUS.

902 3380 1260 3450 SEQUITUR
1288 3386 1523 3442 CAPUT
1551 3380 1700 3439 XIX.

569 3476 638 3530 Et
665 3476 784 3529 vidi
806 3478 1000 3530 emtum
1028 3480 1303 3544 apertum,
1336 3479 1386 3528 et
1414 3490 1525 3529 ecce
1555 3489 1728 3542 equus
1756 3474 1936 3527 albus.
1966 3472 2098 3527 Coe-

498 3564 640 3628 lum,
672 3568 739 3618 ut
769 3564 1077 3635 saepissime
1095 3565 1217 3634 jam
1244 3563 1461 3618 dictum
1492 3566 1599 3627 est,
1631 3561 1876 3616 Ecclesia
1900 3562 2101 3615 electo-

498 3666 631 3707 rum
657 3654 1014 3724 intelligitur,
1046 3654 1116 3707 de
1146 3668 1259 3724 qua
1281 3653 1553 3723 scriptum
1583 3656 1697 3705 est:
1723 3652 1927 3706 Catum
1955 3650 2101 3704 mihi

500 3736 646 3795 sedes
699 3747 792 3795 est.
830 3743 901 3795 Et
936 3742 1203 3797 Salomon
1239 3741 1413 3795 dicit:
1444 3743 1653 3794 Anima
1681 3743 1829 3808 justi
1852 3742 1995 3793 sedes
2023 3744 2099 3792 est

500 3831 807 3897 sapientia.
841 3830 1050 3884 Paulus
1079 3834 1268 3883 autem
1318 3830 1618 3883 conﬁrmat
1642 3827 1930 3882 Christum
1976 3840 2100 3882 esse

501 3912 607 3971 Dei
630 3918 897 3972 virtutem
929 3921 985 3971 et
1012 3916 1114 3972 Dei
1135 3918 1491 3988 sapientiam.
1520 3917 1681 3980 Quod
1705 3916 1961 3970 videlicet
1988 3931 2101 3969 caa-

502 4006 623 4060 lum
652 4007 909 4061 clausum
937 4006 1063 4069 fuit,
1088 4007 1314 4077 quando
1333 4016 1447 4059 non
1477 4005 1951 4077 permittebantur
1974 4020 2105 4075 apo-

505 4096 639 4149 stoli
669 4100 726 4149 et
752 4094 939 4150 ceteri
969 4095 1162 4149 ﬁdeles
1191 4095 1365 4149 libere
1389 4095 1672 4165 loqui,nec
1703 4094 1950 4164 dumque
1968 4108 2107 4164 prea-

501 4183 743 4237 dicando
769 4188 1141 4253 pervenerant
1160 4184 1233 4236 ad
1253 4198 1448 4236 omnes
1466 4182 1955 4252 gentes.Clausum
1982 4185 2107 4235 erat

503 4272 614 4326 hoc
642 4272 867 4337 ccelum,
901 4272 1126 4342 quando
1162 4272 1365 4326 timore
1394 4276 1627 4341 cogente
1670 4271 1909 4342 apostoli
1936 4271 2105 4342 positi

506 4365 673 4414 erant
717 4361 777 4413 in
823 4361 1071 4414 conclavi
1101 4366 1330 4430 propter
1370 4366 1607 4426 metum,
1641 4365 1698 4414 et
1727 4361 1832 4415 sub
1878 4361 2102 4415 silentio

507 4465 569 4503 se
597 4449 882 4519 tegebant,
914 4450 1139 4519 quando
1166 4449 1319 4502 venit
1357 4450 1629 4504 Dominus
1655 4450 1846 4520 januis
1876 4450 2102 4518 clausis,

505 4544 566 4593 et
596 4539 754 4593 stetit
806 4539 866 4593 in
913 4538 1120 4601 medio,
1152 4542 1210 4592 et
1261 4536 1397 4591 dixit
1453 4537 1569 4592 eis:
1603 4541 1720 4592 Par
1774 4538 1938 4592 vobis.
1974 4537 2105 4592 Sed

504 4632 807 4699 postquam
836 4626 931 4681 ille
961 4626 1214 4680 ascendit
1270 4627 1341 4680 ad
1383 4626 1572 4691 caelos,
1605 4627 1828 4697 aperuit
1855 4627 1960 4680 hoc
1989 4642 2102 4680 coe-

2115 3386 2160 3447 C.
2181 3383 2452 3449 ascendit,
2468 3383 2692 3454 quando
2711 3382 2959 3437 Verbum
2969 3382 3073 3438 Dei
3091 3383 3401 3438 humanam
3424 3384 3532 3439 sibi
3548 3398 3773 3440 comem

2181 3479 2240 3527 et
2285 3473 2533 3527 animum
2585 3472 2938 3543 suscipiendo
2965 3473 3169 3529 univit.
3202 3473 3312 3527 Sed
3337 3488 3472 3527 cum
3514 3475 3668 3529 aliud
3703 3476 3773 3528 sit

2180 3562 2540 3632 equus,aliud
2559 3566 2838 3633 equester,
2863 3562 2998 3632 quia
3018 3578 3195 3633 equus
3216 3568 3304 3617 est
3320 3560 3584 3625 animale,
3614 3574 3776 3634 eque-

2179 3655 2298 3704 ster
2322 3656 2409 3704 est
2440 3651 2628 3716 homo,
2659 3666 2773 3704 non
2802 3650 2907 3704 hoc
2954 3651 3012 3703 in
3039 3651 3341 3705 Dominum
3370 3651 3541 3716 cadit,
3577 3651 3641 3705 in
3667 3662 3775 3721 quo

2179 3754 2292 3793 non
2320 3743 2457 3793 sunt
2490 3739 2614 3793 duae
2658 3752 2930 3809 personae,
2963 3739 3063 3793 sed
3091 3755 3224 3804 una,
3252 3739 3312 3793 in
3339 3739 3561 3794 duabus
3587 3745 3775 3793 tamen

2182 3827 2532 3882 substantiis.
2577 3828 2734 3882 Sicut
2773 3828 2923 3881 enim
2966 3829 3135 3882 homo
3177 3845 3243 3883 ex
3283 3829 3473 3882 anima
3509 3835 3569 3882 et
3614 3844 3777 3883 carne

2183 3922 2470 3986 constans,
2503 3930 2650 3970 unus
2674 3916 2845 3971 homo
2871 3916 3131 3984 habetur,
3166 3918 3247 3971 ita
3273 3918 3394 3989 ipse
3418 3935 3484 3972 ex
3510 3918 3701 3972 anima
3723 3923 3779 3971 et

2185 4021 2352 4059 carne
2381 4012 2644 4060 constans
2672 4012 2731 4060 et
2759 4005 3072 4071 divinitate,
3100 4023 3247 4061 unus
3284 4012 3371 4061 est
3411 4008 3689 4071 Christus,
3721 4008 3777 4061 in

2185 4111 2300 4149 una
2322 4096 2630 4166 eademque
2645 4108 2885 4166 persona
2906 4112 2973 4150 ex
2990 4095 3209 4150 duabus
3234 4103 3499 4152 constans
3527 4096 3785 4151 substan-

2186 4185 2301 4239 tiis.
2317 4184 2465 4239 Bene
2491 4190 2681 4239 autem
2707 4186 2827 4256 ipse
2851 4200 3048 4256 equus,
3065 4187 3156 4239 cui
3184 4180 3447 4240 divinitas
3467 4186 3641 4240 Verbi
3666 4186 3785 4241 sin-

2184 4272 2457 4343 gulariter
2474 4272 2755 4342 praesidet,
2783 4272 2943 4327 albus
2968 4288 3091 4327 esse
3106 4273 3603 4345 describitur,quia
3628 4275 3786 4329 vide-

2183 4361 2318 4415 licet
2345 4361 2405 4415 in
2433 4362 2661 4415 homine
2684 4361 2781 4415 illo
2811 4365 3120 4431 assumpto,
3151 4359 3359 4415 nullius
3396 4362 3613 4431 peccati
3641 4361 3786 4415 otiu-

2184 4451 2362 4504 scatio
2399 4450 2871 4505 invenitur.Unde
2899 4451 3172 4520 scriptum
3202 4455 3322 4504 est:
3364 4452 3473 4516 Qui
3497 4448 3787 4519 peccatum

2187 4554 2301 4593 non
2327 4542 2579 4607 fecit,nec
2590 4541 2748 4593 dolus
2777 4544 3033 4594 inventus
3052 4543 3211 4593 estin
3230 4555 3321 4593 ore
3333 4543 3451 4607 ejus
3467 4542 3528 4611 (Ι
3542 4542 3784 4607 Petram.

2186 4628 2340 4682 Caelo
2368 4628 2560 4699 itaque
2589 4634 2990 4700 aperto,equus
3014 4627 3175 4683 albus
3204 4628 3261 4682 et
3285 4644 3472 4682 sessor
3488 4629 3783 4699 aspicitur,

504 4717 645 4783 lum,
676 4716 811 4787 quia
852 4716 1072 4770 decima
1116 4716 1205 4770 die
1252 4715 1597 4769 ascensionis
1648 4730 1784 4781 suae,
1817 4714 1974 4768 misit
2024 4704 2320 4787 eiquuia
2337 4717 2582 4771 Ecclesia
2602 4717 3292 4787 praedicante,humanitas
3313 4717 3524 4771 Christi
3552 4719 3788 4788 ejusque

506 4806 782 4876 Spiritum
836 4810 1115 4870 sanctum,
1192 4818 1304 4875 quo
1386 4803 1742 4864 inﬂammati,
1818 4810 2109 4875 coeperunt
2187 4798 2449 4860 divinitas
2476 4805 2737 4875 gentibus
2762 4806 3176 4860 manifestatur.
3199 4807 3279 4861 De
3304 4807 3466 4876 cujus
3493 4807 3789 4861 divinitate

504 4894 661 4964 loqui
712 4892 879 4947 variis
944 4893 1152 4963 linguis
1207 4892 1493 4962 magnalia
1535 4892 1669 4946 Dei:
1703 4896 1761 4945 et
1806 4892 1903 4962 qui
1949 4892 2106 4963 prius
2188 4895 2372 4948 adhuc
2400 4894 3177 4964 subjungitur,etquisedebat
3205 4908 3370 4963 super
3392 4898 3788 4961 eummoraba-

505 4996 621 5036 non
663 4982 946 5037 audebant
978 4982 1267 5037 Christum
1307 4980 1561 5035 conﬁteri
1616 4980 1676 5034 in
1732 4995 1835 5034 sua
1890 4981 2104 5052 lingua,
2192 4988 2288 5036 tur
2316 4984 2490 5049 ﬁdelis
2519 4988 2567 5036 et
2594 4982 3155 5054 veram.Fidelis,quia
3180 4982 3453 5055 quidquid
3482 4982 3786 5055 promittit,

507 5073 707 5139 postea
771 5070 1071 5125 innumera
1127 5071 1277 5124 hunc
1302 5069 1630 5124 diversitate
1657 5069 1980 5139 linguarum
2010 5086 2112 5140 pu-
2191 5073 2312 5127 sine
2338 5072 2508 5127 dubio
2540 5071 2896 5143 adimplebit:
2927 5088 3117 5138 verax,
3152 5073 3287 5143 quia
3326 5074 3447 5143 ipse
3476 5078 3565 5127 est
3606 5075 3792 5128 Patris

507 5155 652 5210 blice
682 5158 1090 5226 praedicabant.
1123 5160 1233 5213 Per
1275 5171 1485 5228 equum
1542 5158 1753 5220 album,
1793 5175 1998 5229 corpus
2053 5164 2109 5214 et
2188 5162 2415 5227 veritas,
2433 5162 2529 5232 qui
2562 5178 2674 5216 non
2705 5162 2979 5215 mentitur
2996 5162 3381 5233 aliquando,“
3408 5178 3537 5217 cum
3556 5167 3792 5231 λωιτέιά

508 5245 759 5301 animam
816 5246 1027 5301 Christi
1083 5247 1402 5318 intelligere
1454 5246 1761 5301 debemus:
1796 5264 1897 5318 per
1924 5263 2109 5302 sesso-
2185 5254 2428 5321 judz‘cat,
2460 5254 2563 5305 hoc
2594 5256 2681 5304 est
2708 5251 3013 5321 unicuique
3044 5251 3352 5305 secundum
3379 5266 3555 5323 opera
3585 5268 3695 5306 sua
3712 5268 3795 5306 re-

506 5348 628 5391 rem
665 5340 855 5390 autem
895 5336 1046 5406 equi,
1081 5337 1432 5391 divinitatem
1460 5336 1649 5398 Verbi,
1677 5354 1802 5407 quea
1848 5338 2110 5409 praesidet
2193 5340 2411 5394 tribuit.
2439 5340 2634 5409 Neque
2665 5340 2813 5393 enim
2857 5340 3025 5394 aliter
3063 5339 3318 5410 judicare
3346 5345 3552 5412 potest,
3588 5342 3687 5413 qui
3738 5343 3794 5396 in

502 5426 621 5482 suae
642 5425 1004 5482 humanitati.
1026 5426 1189 5480 Hunc
1217 5432 1410 5482 autem
1434 5438 1645 5498 equum
1673 5432 1811 5483 tunc
1841 5428 2107 5483 divinitas
2191 5428 2451 5485 omnibus
2464 5430 2654 5499 justus
2667 5434 2774 5484 est.
2790 5429 2949 5484 Unde
2969 5429 3067 5501 qui
3088 5445 3219 5485 eum
3240 5430 3546 5485 attendunt
3563 5431 3791 5485 miseri-
