4006 6164
293 250 434 312 1173
1177 244 1561 311 EXPCSITIO
1590 248 2192 312 INAPOCALYPSIN.
2224 282 2291 296 --
2319 252 2457 310 LIB.
2490 254 2616 311 VII.
3433 244 3574 304 H74

285 380 519 436 eor-dem
540 383 599 436 et
618 381 843 437 ﬁdelem
870 380 1288 452 promissorem.
1314 379 1518 434 debent
1535 381 1945 441 consider-arei!
1961 389 2113 454 dere,
2138 388 2282 442 sicut
2302 391 2359 442 et
2383 389 2524 442 scire
2545 378 2773 445 dicitur.
2797 378 3016 461 aliquid
3042 378 3282 436 scientes
3303 380 3566 467 homines

290 470 430 540 quia
457 484 621 524 verax
645 476 701 525 et
714 472 903 541 justus
923 474 1027 533 est,
1043 469 1277 538 ideoque
1296 469 1513 522 nullum
1536 468 1889 539 impaeniten-
1968 478 2167 530 iacere.
2191 476 2349 530 Unde
2365 481 2451 529 est
2476 489 2487 523 :
2517 477 2808 528 Tentatvos
2826 473 3097 526 Dominus
3131 468 3267 524 Deus
3289 476 3478 532 vester,
3502 470 3567 524 ut

287 559 409 612 tem
446 559 785 630 impunitum
816 558 1102 627 relinquit.
1160 552 1379 610 nullum
1408 573 1518 610 non
1559 570 1887 612 conversum
1969 568 2106 618 sciat
2139 562 2212 625 iid
2234 569 2337 627 est,
2361 567 2425 617 ut
2453 563 2595 616 scire
2620 577 2716 615 vos
2760 560 2950 625 faciat)
2977 562 3027 613 st
3053 560 3293 627 diligitis
3323 572 3467 623 eum,
3491 575 3567 613 an

287 646 676 701 misericordia
705 648 900 708 salvat,
933 651 981 699 et
1007 648 1223 713 pugnat
1267 645 1324 698 in
1355 645 1473 699 suis
1500 646 1708 700 electis.
1742 647 1889 701 Vicit
1970 654 2101 709 non.
2132 642 2269 706 llum
2305 668 2439 722 ergo
2472 648 2917 720 interrogaSSent
2938 662 3067 703 eum
3094 646 3332 716 apostoli
3374 647 3444 700 de
3475 646 3567 701 die

288 734 441 789 enim
470 736 715 807 primum
745 752 849 806 per
875 750 937 789 se
959 735 1265 799 diabolum,
1299 735 1564 804 quoniam
1595 736 1665 788 ad
1694 736 1884 789 debel-
1962 739 2178 811 judicii,
2224 744 2280 795 et
2317 741 2399 794 eis
2444 756 2555 793 non
2588 740 2772 810 ipsam
2811 738 2962 791 diem‘
2994 736 3274 801 indicavit,
3310 751 3412 807 per
3460 736 3566 790 hoc

286 823 492 879 laudas
505 836 700 879 aereas
719 826 1028 895 potestates
1053 822 1221 887 venit,
1238 822 1440 876 deinde
1454 823 1625 877 vincit
1637 824 1885 894 quotidie
1968 830 2161 900 utique
2183 829 2394 883 nescire
2419 829 2599 899 ipsum
2619 824 2826 881 dicitur
2841 824 3010 887 diem,
3035 824 3166 895 quia
3191 836 3284 878 eos
3309 824 3563 878 nescien-

286 925 397 981 per
423 911 677 966 membra
705 922 827 966 Sila.
860 913 935 966 Ut
976 912 1129 965 enim
1182 911 1374 965 ﬁdeles
1424 911 1668 965 Victores
1721 913 1877 974 ﬁant,
1964 923 2051 973 tes
2073 916 2333 974 reddidit.
2353 919 2545 988 Neque
2568 914 2829 970 enimille
2850 912 3109 984 ignorare
3130 917 3313 983 potest
3332 913 3501 978 diem,
3529 918 3566 967 a

285 998 503 1054 Christi
527 1000 800 1070 juvantur
827 994 1054 1065 auxilio,
1088 999 1207 1053 sine
1237 1016 1346 1069 quo
1376 1000 1514 1053 nihil
1542 999 1723 1053 facere
1766 1016 1890 1071 ρος-ι
1970 1021 2079 1078 quo
2109 1007 2292 1061 omnis
2320 1007 2499 1060 factus
2530 1011 2615 1061 est
2640 996 2760 1059 dies
2790 1026 2801 1061 :
2836 1018 2939 1057 nec
2968 1002 3153 1073 potest
3182 1001 3409 1072 aliquod
3439 1004 3565 1055 esse

285 1092 449 1144 sunt.
481 1088 702 1142 Judlmt
727 1104 879 1158 ergo,
910 1093 975 1142 ut
1002 1104 1100 1141 rex
1122 1089 1453 1141 saeculorum
1478 1106 1491 1139 :
1515 1090 1887 1159 pugnat,quia
1968 1095 2363 1166 tempus,quod
2385 1110 2510 1149 eum
2535 1096 2725 1159 lateat,
2746 1109 2845 1163 per
2865 1102 3029 1163 quem
3052 1091 3201 1144 t‘aota
3219 1094 3353 1144 sunt
3372 1088 3565 1144 omnia

284 1174 349 1229 in
377 1175 497 1229 suis
529 1175 796 1229 membris
826 1186 1049 1243 semper
1069 1178 1264 1228 contra
1299 1176 1617 1229 daemonum
1651 1178 1736 1230 vel
1762 1190 1889 1247 pra-
1970 1186 2242 1254 tempora.
2272 1184 2491 1237 Nomen
2522 1184 2711 1253 itaque
2757 1181 2884 1235 Filii
2918 1181 3085 1233 Pater
3112 1179 3235 1245 sclt,
3264 1186 3299 1232 ει
3327 1192 3437 1249 quo
3476 1184 3564 1232 est

281 1279 484 1329 verum
506 1265 796 1319 homihum
830 1265 1195 1318 adversitates
1223 1264 1472 1318 dimicat.
1965 1272 2210 1341 genitus,
2235 1266 2335 1325 scit
2358 1268 2531 1324 etiam
2553 1270 2795 1345 Spiritus
2812 1274 3058 1332 sanctus,
3078 1266 3209 1338 quia
3231 1267 3301 1322 ab
3323 1270 3563 1337 utroque

363 1353 527 1408 Oculi
562 1358 749 1407 autem
779 1357 897 1422 ejus
935 1358 1000 1406 ut
1049 1355 1284 1422 ﬂamma
1327 1356 1492 1421 ignis.
1530 1354 1689 1409 Oculi
1718 1356 1885 1409 istius
1965 1360 2236 1430 procedit.
2273 1356 2383 1414 Sed
2410 1358 2663 1429 nunquid
2694 1358 2799 1411 hoc
2837 1368 3043 1410 nomen
3088 1356 3258 1409 etiam
3305 1350 3562 1410 homines

285 1441 500 1511 equitis
527 1441 675 1496 dona
712 1444 845 1496 sunt
873 1443 1116 1513 Spiritus
1163 1442 1361 1496 sancti.
1411 1443 1572 1497 Unde
1623 1444 1882 1514 superius
1962 1452 2071 1500 non
2091 1446 2316 1500 sciunt?
2332 1448 2479 1501 Nam
2506 1446 2564 1500 in
2582 1445 2946 1516 sequentibus
2967 1444 3116 1497 idem
3132 1442 3374 1497 Joannes
3393 1442 3562 1497 dicit:

280 1528 502 1582 dictum
532 1534 635 1591 est,
667 1531 815 1600 quod
844 1528 1054 1584 viderit
1081 1546 1290 1599 agnum
1318 1534 1591 1601 tanquam
1633 1532 1880 1585 occisum
1973 1536 2203 1589 Vocatur
2220 1548 2419 1589 nomen
2448 1538 2566 1604 ejus
2609 1535 2833 1588 Verbum
2854 1534 2968 1597 Dei,
2986 1537 3041 1586 et
3059 1528 3268 1586 iterum
3289 1547 3301 1584 :
3325 1531 3566 1586 Habebat

279 1617 547 1684 Joannes,
567 1618 869 1672 habentem
892 1634 1100 1673 cornua
1121 1624 1336 1688 septem
1358 1626 1411 1672 ct
1434 1620 1623 1673 Oculos
1639 1625 1875 1690 septem,
1960 1626 2025 1677 in
2044 1627 2359 1678 vestimento
2374 1627 2425 1677 ct
2450 1628 2509 1677 in
2538 1625 2743 1690 [emere
2755 1638 2853 1675 suo
2864 1622 3155 1688 scriptum,
3171 1621 3281 1674 Rea:
3296 1635 3490 1686 regum
3511 1623 3567 1673 ct

281 1704 382 1774 qui
404 1710 536 1758 sunt
561 1710 776 1776 septem
805 1705 1034 1776 spiritus
1058 1706 1177 1770 Dei,
1222 1706 1377 1758 miSsi
1397 1705 1457 1759 in
1483 1705 1675 1759 orbem
1696 1712 1879 1760 terra-
1897 1704 2237 1766 Bbomfnus
2254 1709 2767 1765 dominantiumﬁi
2799 1724 2933 1779 ergo
2955 1708 3153 1762 beatus
3181 1708 3429 1761 Joannes
3455 1718 3565 1760 no-

279 1806 434 1846 rum.
459 1793 567 1856 Qui
591 1794 737 1847 oculi
758 1794 899 1847 bene
920 1798 983 1848 ut
1000 1797 1231 1864 ﬂamma
1256 1796 1405 1860 ignis
1425 1794 1708 1859 dicuntur,
1745 1797 1880 1866 quia
1959 1814 2089 1853 men
2118 1801 2241 1870 ejus
2290 1799 2466 1863 scivit,
2512 1799 2647 1868 quid
2677 1803 2763 1853 est
2791 1797 2939 1868 quod
2979 1796 3115 1851 dicit
3144 1814 3161 1849 :
3192 1795 3369 1849 Nemo
3406 1793 3566 1848 novit

275 1879 541 1936 videlicet
558 1888 661 1934 nos
680 1881 751 1934 ad
774 1880 942 1934 ﬁdem
970 1880 1312 1942 illuminant.
1339 1886 1397 1934 et
1414 1882 1485 1935 ad
1506 1883 1606 1936 Dei
1623 1886 1877 1939 amorem
1959 1902 2164 1942 nomen
2177 1890 2299 1958 ejus
2314 1887 2588 1959 nisiipse.’
2609 1886 2878 1957 Nunquid
2899 1886 3049 1940 enim
3078 1885 3197 1955 ipse
3218 1883 3421 1954 aliquis
3439 1888 3556 1936 no’n

277 1971 339 2021 et
357 1966 597 2038 proximi
622 1969 949 2022 accendunt.
967 1969 1068 2022 Vel
1097 1985 1199 2039 per
1218 1969 1410 2023 oculos
1434 1970 1657 2025 Domini
1686 1988 1881 2041 possu—
1959 1982 2082 2029 erat
2100 1977 2193 2047 qui
2208 1978 2351 2031 scire
2364 1978 2548 2047 potuit
2573 1990 2779 2030 nomen
2793 1972 2935 2029 Dei?
2963 1974 3074 2029 Sed
3100 1969 3556 2027 subaudiendum

274 2062 411 2109 mus
447 2057 763 2127 intelligere
793 2057 981 2111 divina
1012 2058 1254 2128 eloquia,
1289 2072 1413 2129 quae
1460 2074 1564 2113 nos
1617 2060 1879 2116 similiter

274 2145 624 2211 illuminant,
651 2151 707 2199 et
720 2147 789 2199 ad
808 2146 909 2200 Dei
929 2162 1180 2201 amorem
1201 2147 1529 2201 accendunt.
1543 2148 1702 2203 Unde
1713 2149 1876 2204 Psal-

273 2234 452 2287 mista
479 2234 651 2288 dicit:
683 2237 931 2290 Lucerna
944 2237 1173 2302 pedibus
1202 2239 1339 2289 meis
1369 2239 1595 2290 verbum
1629 2241 1807 2303 tuum,
1826 2244 1876 2293 ei

276 2325 478 2377 lumen
499 2326 708 2375 semitis
720 2325 858 2375 meis
877 2326 977 2389 (Ps.
1002 2328 1231 2392 uxvni);
1272 2329 1330 2378 ct
1357 2325 1564 2378 iterum
1600 2343 1613 2377 :
1640 2328 1878 2396 Praecp-

275 2415 402 2463 tum
420 2412 649 2464 Domini
663 2413 933 2473 lucidum,
950 2414 1287 2466 illuminans
1298 2417 1477 2467 oculos
1499 2417 1610 2480 (Ps.
1630 2419 1875 2483 xuii).—

272 2499 344 2551 Εε
361 2514 425 2551 τη
442 2502 616 2566 capite
626 2503 743 2567 ejus
757 2501 1075 2555 diademata
1092 2500 1720 2565 multa.QuiaDon1inus
1734 2504 1876 2557 mul-

270 2586 350 2638 tis
380 2585 573 2638 electis
600 2585 958 2641 victoriarum
989 2604 1224 2641 coronas
1239 2589 1455 2651 tribuit,
1474 2590 1680 2643 ideirco
1705 2592 1764 2644 in
1785 2608 1876 2644 can

269 2674 396 2745 pits
409 2688 511 2727 suo
530 2676 707 2729 multa
723 2676 1042 2731 diademata
1060 2678 1267 2731 habere
1282 2678 1715 2749 dicitur,quibus
1735 2681 1876 2733 inul~

268 2762 457 2816 titudo
469 2768 790 2819 sanctorum
802 2768 1119 2822 serenatur.
1129 2766 1270 2829 Quia
1283 2766 1429 2819 enim
1442 2773 1610 2838 caput
1621 2784 1707 2821 om
1716 2768 1873 2823 nium

270 2850 580 2905 electorum
592 2857 761 2914 est,et
774 2854 1024 2907 membra
1038 2856 1161 2923 ejus
1174 2854 1353 2908 electi.
1389 2872 1421 2908 a
1436 2872 1546 2926 quo
1557 2856 1767 2926 accepit
1784 2873 1874 2910 ca-

1960 2068 2063 2130 est,
2086 2074 2253 2119 nemo
2272 2066 2572 2119 extraneas
2594 2064 2750 2118 novit
2767 2079 2973 2118 nomen
2988 2063 3132 2132 ejus,
3157 2060 3267 2115 nisi
3286 2060 3408 2130 ipse
3428 2074 3558 2115 cum

1958 2166 2188 2223 corpore
2217 2162 2337 2219 suo,
2359 2154 2568 2207 scilicet
2598 2154 2746 2223 quod
2772 2155 2858 2207 est
2883 2150 3127 2206 Ecclesia
3158 2167 3170 2200 :
3203 2162 3317 2204 non
3355 2146 3555 2211 Judéi,

1958 2242 2055 2310 qui
2085 2254 2213 2296 eum
2237 2243 2294 2296 in
2314 2242 2431 2296 suis
2461 2241 2762 2313 synagogis
2790 2240 3187 2312 blasphemant
3209 2257 3222 2291 :
3248 2250 3361 2292 non
3385 2238 3563 2290 haerea

1955 2330 2070 2395 tici,
2106 2332 2201 2401 qui
2231 2330 2375 2385 male
2406 2330 2477 2384 de
2502 2332 2598 2384 illo
2643 2330 2929 2384 sentiunt:
2981 2345 3093 2382 non
3122 2326 3346 2399 pagani.
3377 2324 3472 2396 qui
3498 2324 3559 2379 in

1957 2433 2087 2471 eum
2119 2419 2347 2472 credere
2366 2419 2603 2472 nolunt:
2634 2426 2746 2471 non
2765 2416 2962 2487 utique
2984 2415 3107 2470 falsi
3134 2412 3441 2470 Christiani
3461 2426 3562 2467 no-

1957 2518 2085 2559 men
2114 2508 2237 2577 ejus
2263 2508 2468 2571 sciunt,
2492 2506 2657 2561 sicuti
2679 2507 2775 2585 qui
2796 2505 2966 2559 ﬁdem
2981 2520 3149 2576 quam
3174 2503 3405 2570 habent,
3428 2514 3559 2570 ope-

1955 2594 2112 2648 ribus
2163 2594 2462 2649 destruunt
2492 2612 2505 2649 :
2539 2595 2635 2649 sed
2668 2595 2805 2665 ipse,
2852 2592 2958 2647 hoc
2995 2599 3080 2646 est
3127 2592 3385 2647 Christus
3422 2603 3565 2642 cum

1957 2684 2223 2749 Ecclesia,
2252 2701 2374 2755 quae
2396 2684 2453 2738 in
2481 2685 2602 2755 ipso
2630 2684 2771 2737 illud
2792 2684 2936 2737 scire
2954 2681 3179 2736 meruit.
3211 2680 3318 2733 scit
3345 2686 3565 2732 nomen‘

1956 2786 2141 2826 suum.
2169 2774 2320 2827 Talis
2370 2779 2454 2827 est
2497 2773 2614 2827 haec
2655 2770 2884 2837 locutio,
2917 2771 3101 2842 qualis
3141 2768 3258 2833 illa,
3294 2778 3405 2838 qua
3432 2766 3555 2836 ipse

1954 2860 2087 2914 alibi
2118 2860 2229 2915 ait:
2264 2863 2432 2916 Nemo
2457 2858 2702 2916 ascendit
2721 2865 2784 2915 in
2814 2862 3027 2923 malum,
3061 2862 3176 2913 nisi
3189 2860 3290 2927 qui
3330 2856 3553 2910 desceno

218 2942 234 2951 '
267 2946 376 3011 put
396 2946 459 2995 ut
477 2941 781 3011 sit,abipso
801 2946 858 2995 et
878 2938 1130 2997 membra
1145 2942 1760 3015 coronantur.8ingulis
1774 2962 1872 2999 au-
1901 3015 1923 3019 Α
1951 2952 2035 3003 dit
2059 2952 2123 3003 de
2140 2954 2282 3015 calo,
2317 2952 2495 3005 Filius
2525 2952 2771 3004 hominis
2792 2952 2891 3019 qui
2911 2954 2987 3003 est
3014 2951 3079 3002 in
3104 2948 3227 3002 calo
3256 2944 3545 3018 (100mm),

266 3033 387 3081 tem
409 3027 859 3100 victoribus,ipse
882 3046 1120 3084 coronas
1141 3031 1385 3085 victorias
1412 3033 1629 3093 tribuit,
1660 3034 1757 3087 sed
1786 3015 2005 3092 ta-Cid
2046 3042 2131 3093 est
2176 3038 2431 3093 Christus
2482 3055 2612 3093 cum
2654 3015 2888 3110 corpore
2937 3044 3059 3104 suo,
3114 3015 3264 3107 quod
3313 3038 3401 3088 est
3444 3030 3550 3087 Ec-

267 3132 403 3171 men
426 3121 519 3188 (ut
532 3135 653 3187 3am
686 3119 898 3173 dictum
919 3123 1025 3185 est}
1041 3120 1163 3190 ipse
1186 3120 1245 3173 in
1266 3121 1525 3175 omnibus
1545 3122 1866 3176 vincit.Ali-

263 3210 375 3260 ter:
385 3207 777 3278 CaputChristi
800 3209 949 3262 Deus
967 3212 1069 3273 est,
1072 3210 1234 3279 juxta
1245 3210 1693 3280 quodApostolus
1705 3210 1861 3277 dicit,

262 3294 517 3349 Verbum
538 3301 728 3350 autem
751 3302 808 3349 et
823 3297 991 3350 Pater
1017 3313 1145 3351 cum
1168 3298 1380 3368 Spiritu
1401 3302 1594 3352 sancto
1612 3314 1758 3353 unus
1778 3306 1865 3355 est

261 3383 437 3439 Deus.
471 3376 536 3438 In
574 3384 757 3454 capite
786 3401 921 3454 ergo
950 3386 1179 3451 Christi,
1211 3386 1270 3439 id
1310 3391 1396 3440 est
1425 3387 1483 3440 in
1518 3388 1633 3442 Deo
1670 3389 1858 3455 Patre,

261 3478 404 3526 sunt
416 3474 595 3526 multa
614 3473 1089 3544 diademata,quia
1110 3475 1298 3529 omnia
1318 3476 1389 3529 ad
1409 3477 1593 3546 ipsum
1614 3476 1865 3532 referun-

260 3567 380 3627 tur,
418 3577 485 3615 εκ
515 3576 625 3632 quo
663 3563 969 3616 secundum
998 3565 1330 3633 Apostolum
1359 3567 1548 3619 omnia
1578 3582 1699 3620 esse
1736 3582 1863 3636 pro-

259 3650 491 3705 bantur.
541 3651 714 3705 Filius
744 3652 896 3705 enim
928 3668 1040 3705 non
1065 3666 1099 3705 ει
1127 3654 1332 3723 seipse,
1367 3655 1466 3708 sed
1495 3671 1528 3708 a
1555 3656 1723 3709 Patre
1753 3658 1855 3721 cst,

262 3739 509 3810 Spiritus
538 3744 764 3793 sanctus
804 3755 838 3793 a
876 3741 1044 3794 Patre
1084 3746 1140 3795 et
1183 3741 1324 3795 Filio
1353 3743 1624 3812 procedit.
1671 3744 1718 3796 Α
1750 3758 1859 3814 quo

260 3847 398 3900 ergo
429 3830 638 3894 omnia,
658 3830 717 3885 in
746 3831 869 3901 ipso
890 3836 946 3885 et
974 3831 1291 3885 diademata
1312 3833 1727 3888 multa.0mnes
1752 3833 1861 3887 ita-

259 3936 374 3991 que
403 3919 565 3973 electl
596 3919 654 3973 in
684 3920 863 3991 capite
895 3920 1104 3974 Christi
1134 3920 1343 3974 habent
1380 3938 1634 3988 coronas,
1666 3923 1798 3993 quia
1826 3938 1861 3978 a

256 4009 429 4063 Patre
460 4012 587 4079 post
625 4008 911 4062 victoriam
943 4014 1303 4063 coronantur.
1326 4010 1433 4063 Sed
1472 4011 1529 4064 in
1579 4011 1683 4065 hoc
1710 4012 1857 4082 quod

255 4098 536 4168 sequitur,
562 4099 764 4151 habens
794 4112 993 4152 nomen
1022 4100 1314 4166 scriptum,
1348 4101 1493 4166 quod
1521 4114 1678 4152 nemo
1707 4104 1857 4153 novit

251 4190 373 4240 nisi
382 4189 510 4254 ipse,
526 4187 689 4241 valde
700 4188 962 4258 perplexa
974 4187 1153 4242 oritur
1163 4188 1417 4258 qumstio,
1426 4186 1858 4259 nunquldFillus

1947 3127 2118 3180 clesia
2130 3171 2142 3184 .

2016 3216 2085 3269 Et
2104 3218 2327 3270 vestitus
2344 3222 2464 3270 erat
2478 3221 2618 3274 veste
2639 3230 2863 3286 aspersa
2883 3219 3184 3284 sanguine.
3207 3211 3395 3267 Vestis
3414 3228 3550 3267 san-

1944 3302 2118 3375 guine
2144 3318 2417 3375 respersa,
2460 3321 2589 3359 caro
2611 3304 2946 3375 intelligitur
2971 3296 3384 3373 Redemptoris,
3416 3310 3551 3377 pas-

1946 3391 2119 3446 sionis
2137 3393 2411 3462 sanguine
2423 3395 2825 3448 cruentataDe
2852 3395 2956 3447 hac
2974 3397 3133 3447 veste
3152 3392 3328 3447 Isaias
3345 3406 3409 3445 ex
3426 3384 3551 3461 per-

1945 3497 2085 3534 sona
2131 3482 2460 3550 angelorum
2513 3480 2583 3535 ad
2630 3481 2814 3551 ipsum
2846 3482 3148 3535 Dominum
3192 3479 3548 3550 loquentium

1946 3569 2106 3621 dicit:
2139 3571 2319 3635 Quare
2340 3568 2580 3622 rubrum
2611 3574 2688 3621 est
2710 3571 3107 3622 indumentum
3133 3568 3548 3632 tuum,etvesti'-

1942 3660 2129 3709 menta
2145 3662 2241 3708 tua
2258 3660 2400 3708 sicut
2420 3658 2759 3709 micantium
2782 3659 2845 3709 in
2860 3659 3135 3709 torcular!
3151 3661 3175 3708 7
3194 3654 3408 3718 Quibus
3423 3653 3543 3724 ipse

1940 3740 2268 3814 respondit:
2297 3742 2790 3798 Torcularcalcavi
2807 3748 2975 3809 solus,
2993 3751 3043 3797 et
3056 3744 3119 3797 de
3146 3744 3399 3813 gentibus
3429 3748 3543 3795 non

1943 3837 2123 3886 e‘stcz‘r
2138 3843 2352 3887 mecum
2381 3835 2513 3901 (lia.
2544 3838 2722 3901 Lxm).
2753 3834 2877 3889 Sive
2904 3835 3078 3887 etiam
3109 3828 3281 3887 vestis
3315 3829 3541 3886 Domini

1941 3919 2214 3991 sanguine
2243 3927 2554 3988 cruentata,
2611 3920 2948 3993 intelligitur
2986 3918 3249 3986 Ecclesia,
3297 3932 3419 3992 qua;
3479 3919 3541 3972 in

1940 4010 2147 4063 sanctis
2194 4008 2535 4082 martyribus
2583 4013 2809 4081 proprio
2850 4012 3125 4082 sanguine
3157 4015 3242 4064 est
3286 4007 3533 4081 perﬁlsa.

1940 4100 2097 4170 Saepe
2109 4096 2325 4154 enimin
2350 4099 2653 4169 Scripturls
2667 4100 2835 4153 vestis
2864 4100 3089 4154 Domini
3108 4099 3351 4153 Ecclesia
3374 4094 3539 4151 intel-

1936 4187 2149 4257 ligitur.
2163 4182 2321 4243 Unde
2336 4187 2637 4243 Psalmlsta
2655 4202 2725 4242 ex
2748 4187 2900 4243 illius
2920 4198 3158 4259 persona
3171 4187 3307 4241 dicit
3331 4202 3345 4244 ε
3380 4187 3535 4241 Dim?-

251 4276 396 4330 scirc
416 4277 631 4347 aliquid
652 4281 860 4347 potest,
878 4278 1027 4347 quod
1050 4276 1263 4331 nesciat
1294 4276 1463 4331 Pater
1487 4283 1586 4331 aut
1608 4277 1851 4348 Spiritus
1868 4278 1918 4341 D
1934 4283 2127 4330 serunt
2146 4279 2255 4331 sibi"
2271 4280 2593 4331 vestimenta
2606 4292 2746 4342 mea,
2760 4282 2989 4346 etsuper
3006 4282 3203 4331 vestem
3233 4290 3413 4331 meam
3429 4277 3537 4328 mt-

246 4365 662 4419 sanctus?Non
683 4366 1073 4436 omnino,quia
1098 4382 1339 4436 quorum
1360 4364 1750 4436 inseparabilis
1769 4370 1855 4420 est
1934 4369 2125 4418 serunt
2154 4370 2352 4419 sortem
2380 4367 2532 4437 (Ps-al
2573 4369 2703 4428 xxx).
2758 4360 2944 4421 Vestis
2996 4367 3202 4439 quippe
3249 4362 3352 4420 Dei
3403 4369 3537 4418 sunt

249 4454 590 4519 substantia,
625 4455 1018 4525 inseparabilis
1057 4463 1144 4508 est
1199 4463 1255 4509 et
1308 4455 1563 4520 scientia,
1614 4453 1853 4525 ideoque
1934 4466 2129 4508 omnes
2156 4456 2339 4517 electi,
2377 4454 2537 4526 juxta
2572 4457 2722 4531 quod
2760 4456 2813 4511 ei
2840 4470 2875 4510 a
2901 4457 3069 4510 Patre
3099 4456 3339 4510 dicitur:
3396 4453 3536 4507 Vivo

228 4544 404 4614 .quod
436 4544 543 4598 scit
571 4543 764 4607 Filius,
785 4543 894 4597 scit
924 4544 1108 4607 Pater,
1131 4543 1234 4597 scit
1253 4549 1310 4598 et
1328 4543 1573 4615 Spiritus
1600 4548 1846 4610 sanctus,
1934 4560 2060 4613 ego,
2089 4543 2225 4598 dicit
2252 4542 2817 4616 Dominus,quoniam
2840 4546 2925 4598 his
2957 4546 3216 4599 omnibus
3245 4541 3523 4597 vestieris.

249 4640 425 4703 atque
454 4634 581 4687 ideo
611 4648 739 4688 cum
769 4633 944 4687 Filius
972 4634 1183 4705 aliquid
1224 4633 1369 4687 scire
1397 4633 1619 4699 dicitur,
1668 4633 1850 4687 omnis

247 4736 483 4789 prorsus
501 4720 750 4774 Trinitas
785 4721 929 4774 scire
957 4721 1224 4774 docetur:
1251 4726 1309 4774 et
1322 4720 1471 4790 quod
1490 4720 1643 4774 solus
1683 4720 1855 4774 Pater

250 4809 395 4861 scire
432 4815 711 4873 narratur,
738 4826 866 4863 cum
895 4825 997 4862 sua
1021 4809 1296 4879 sapientia
1318 4825 1441 4880 qua
1460 4808 1716 4864 Christus
1746 4812 1848 4875 est,

249 4903 305 4951 et
329 4914 434 4951 suo
456 4912 681 4968 suaeque
704 4896 994 4968 sapientiae
1024 4897 1237 4968 Spiritu
1266 4914 1431 4952 nosse
1460 4898 1762 4969 probatur:
1795 4902 1853 4951 et

247 4986 523 5057 quidquid
551 4987 793 5058 Spiritus
822 4988 1047 5041 sanctus
1076 4986 1403 5058 perhibetur
1426 4988 1592 5055 scire,
1623 4985 1849 5040 omnino

250 5092 379 5129 cum
408 5076 579 5129 Patre
621 5080 679 5129 et
704 5076 845 5129 Filio
872 5092 1109 5146 quorum
1139 5076 1381 5146 Spiritus
1411 5081 1513 5139 est,
1547 5075 1687 5129 scire
1727 5092 1849 5129 cre-

249 5165 422 5219 ditur.
458 5165 603 5218 Nam
633 5166 690 5217 et
727 5164 874 5234 quod
924 5164 984 5217 in
1014 5164 1317 5234 Evapgelio
1348 5165 1621 5218 Dominus
1673 5163 1845 5218 dicit:

252 5256 325 5308 De
352 5255 440 5307 die
477 5260 663 5307 autem
701 5257 803 5307 illa
830 5269 985 5307 nemo
1014 5258 1114 5306 scit
1142 5257 1253 5307 nisi
1291 5256 1473 5319 Pater,
1508 5268 1618 5307 non
1658 5257 1745 5306 est
1770 5252 1852 5307 ita

249 5340 863 5411 intelligendum,quod
878 5341 1089 5412 aliquid
1112 5342 1252 5394 sciat
1270 5342 1611 5412 Pater,quod
1640 5341 1856 5395 nesciat

251 5429 551 5499 Filius,qui
573 5429 768 5498 utique
796 5428 978 5481 Patris
999 5431 1085 5480 est
1104 5426 1400 5496 sapientia,
1432 5427 1529 5480 sed
1556 5427 1741 5496 potius
1770 5426 1850 5480 ita

253 5519 401 5589 quod
420 5517 641 5572 nescire
658 5516 833 5572 Filius
853 5517 1077 5584 dicitur,
1111 5514 1423 5569 nescientes
1442 5514 1698 5569 homines
1717 5513 1849 5569 red-

1931 4630 1999 4686 Et
2022 4638 2249 4687 vocatur
2285 4648 2486 4687 nomen
2526 4637 2641 4702 cjus
2680 4632 2910 4687 Verbum
2938 4633 3053 4697 Det,
3087 4632 3219 4702 quia
3256 4629 3405 4682 idem
3436 4627 3532 4698 qui

1932 4722 2101 4776 homo
2131 4721 2394 4793 apparuit
2424 4720 2482 4775 in
2514 4726 2765 4790 tempore
2797 4732 3085 4793 passurus,
3140 4719 3199 4771 in
3257 4715 3529 4789 principio

1935 4815 2057 4863 erat
2080 4809 2229 4864 Deus
2258 4815 2314 4864 et
2341 4810 2490 4881 apud
2520 4810 2718 4863 Deum.
2742 4807 2980 4861 Verbum
3007 4806 3105 4861 Dei
3123 4811 3371 4871 vocatur,
3398 4805 3531 4876 quia

1936 4912 2036 4968 per
2061 4898 2245 4969 ipsum
2274 4897 2465 4952 omnia
2494 4896 2643 4951 Deus
2671 4896 2840 4950 Pater
2867 4892 3020 4960 fecit,
3030 4895 3193 4968 juxta
3211 4893 3379 4947 illud:
3410 4894 3527 4973 Ipse

1931 4987 2073 5037 dixit
2096 4990 2145 5037 et
2174 4987 2321 5051 facta
2341 4990 2490 5037 sunt.
2511 4982 2569 5038 Si
2592 4983 2738 5038 enim
2755 4983 2913 5046 dixit,
2932 4982 3125 5052 utique
3153 4994 3254 5052 per
3276 4976 3529 5037 Verbum

1930 5072 2086 5139 dixit,
2123 5084 2224 5143 per
2250 5070 2399 5143 quod
2437 5071 2626 5126 omnia
2658 5071 2806 5126 fecit.
2836 5071 2997 5126 Unde
3025 5071 3173 5124 idem
3202 5068 3450 5127 Joannes
3469 5071 3530 5127 in

1932 5163 2232 5233 Evangelio
2262 5177 2364 5216 suo
2394 5161 2475 5215 ait
2502 5179 2512 5214 :
2542 5162 2742 5215 Omnia
2767 5174 2868 5228 per
2904 5163 3089 5229 ipsum
3118 5161 3267 5228 fbcta
3296 5167 3446 5225 Sunt,
3477 5168 3532 5215 et

1936 5254 2055 5303 sine
2084 5254 2198 5319 ipso
2226 5251 2437 5316 factum
2465 5254 2541 5302 cst
2572 5249 2717 5302 nihil
2745 5250 2924 5313 (Joan.
2956 5249 3018 5313 ι).
3043 5248 3188 5303 Nam
3218 5255 3275 5303 et
3302 5262 3403 5321 per
3425 5250 3530 5303 hoc

1936 5337 2181 5392 Verbum
2206 5336 2352 5391 Deus
2366 5336 2531 5391 Pater
2546 5353 2604 5390 se
2616 5336 2865 5391 nuntiari
2888 5337 3063 5392 voluit
3082 5338 3400 5394 mundo.De
3417 5350 3527 5407 quo

1930 5427 2199 5495 scriptum
2218 5433 2304 5480 est
2328 5427 2660 5480 :Etvcrbum
2683 5440 2811 5480 caro
2839 5429 3053 5495 factum
3068 5434 3162 5491 est,
3179 5432 3227 5480 et
3259 5427 3531 5478 habitavit

1929 5519 1994 5569 in
2033 5516 2189 5570 nobis
2217 5514 2419 5586 (Ibid).
2438 5514 2748 5570 Cumenim
2766 5515 2872 5571 hoc
2900 5522 3050 5571 esset
3067 5514 3315 5569 Verbum
3342 5506 3531 5568 invisi-
