4048 6172
450 188 588 245 1175

867 191 1247 248 HAYMONIS
1286 193 1777 249 HALBERSTAT.
1821 194 2047 250 EPISC.

2143 194 2246 249 pp.
2287 192 2471 247 PARS
2509 192 2555 248 ι.
2598 218 2661 233 -
2684 191 3076 270 βοΜΜΕΝΤ.
3117 189 3302 249 BIBL.

3580 184 3711 244 1176

444 311 557 366 bile
580 312 641 367 in
678 330 784 369 sua
809 319 1034 380 natura,
1065 315 1275 370 factum
1305 321 1391 370 est
1415 315 1633 371 visibile
1661 334 1763 388 per
1783 328 2036 389 aesump-
2051 319 2104 378 Α
2120 317 2289 371 mista
2308 317 2380 371 ad
2397 317 2583 387 ipsum
2602 316 2769 371 dicit:
2810 320 2972 386 Virga
2992 324 3139 372 recta
3159 323 3236 372 est
3248 319 3411 383 virga
3422 315 3587 383 regni
3608 315 3712 365 tui.

446 400 660 456 tionem
685 404 873 458 carnis
898 404 957 458 in
987 409 1198 459 nostra.

2124 407 2195 461 Et
2218 406 2377 476 quasi
2397 406 2721 476 exponendo
2760 407 2893 476 quid
2925 412 3071 460 esset
3114 407 3232 460 haec
3277 404 3455 475 virga,
3490 400 3711 455 subdit:

518 491 586 546 Et
612 495 882 546 exercitus
910 496 1009 561 qui
1031 499 1162 545 sunt
1192 497 1251 547 in
1285 498 1429 559 cazlo,
1451 497 1819 562 sequebantur
1834 512 1959 549 eum
1980 499 2042 549 in
2124 498 2382 550 Ditexisti
2399 498 2689 562 justitiam
2719 501 2766 548 et
2796 496 2964 548 odisti
2991 498 3369 563 iniquitatem.
3397 521 3464 534 —
3514 491 3582 544 Et
3612 492 3714 556 ipse

448 583 600 649 equis
624 582 782 633 albis.
814 580 1102 634 Exercitus
1134 581 1225 633 hic
1275 583 1576 636 multitudo
1621 583 1958 653 intelligitur
1983 583 2044 635 ﬁ-

449 667 681 721 delium.
724 669 938 723 Caelum
976 678 1215 740 quoque
1246 671 1493 724 Ecclesia
1522 676 1625 733 est,
1671 671 1817 724 sicut
1853 670 2042 740 saepis-

2126 587 2297 638 calcat
2322 585 2569 636 torcular
2581 584 2703 635 cini
2714 583 2928 649 furoris
2940 586 3036 636 irae
3048 584 3146 635 Dei
3158 576 3719 650 omnipotentis.Quia

2126 677 2356 743 propter
2383 677 2610 742 peccata
2638 671 2865 724 humani
2892 672 3116 741 generis
3145 670 3348 741 quibus
3405 664 3718 739 promeruit

449 756 591 810 sime
645 756 855 810 dictum
909 763 1011 812 est.
1044 758 1133 812 Sic
1163 775 1295 828 ergo
1346 760 1610 813 dicuntur
1638 759 1913 813 exercitus
1943 758 2039 828 qui
2120 761 2265 814 iram
2290 760 2409 823 Dei,
2437 765 2691 814 mortuus
2713 766 2799 813 est
2818 760 3098 815 Christus.
3124 762 3301 814 Nemo
3313 758 3466 813 enim
3491 757 3718 813 viveret.

448 846 834 900 suntincoelos
852 846 1011 916 sequi
1035 847 1341 906 Christum.
1365 865 1490 901 cum
1514 848 1621 918 ipsi
1638 849 1912 901 exercitus
1930 848 2043 901 sint
2124 849 2229 903 nisi
2268 849 2386 919 ipse
2427 854 2757 902 moreretur.
2824 848 2945 902 Nisi
2983 849 3456 919 enim,peccasset
3505 845 3722 915 primus

448 934 672 994 coelum,
702 934 846 988 sicut
869 934 1133 989 dicuntur
1159 936 1219 989 in
1247 936 1446 990 castris
1469 936 1614 989 inire
1642 936 1899 989 homines
1929 953 2044 990 cer—
2123 939 2312 999 homo,
2336 938 2674 990 immortalis
2696 936 3010 990 mansisset.
3043 937 3150 990 Sed
3174 936 3306 1006 quia
3325 934 3428 988 Dei
3450 938 3726 1003 praecepta

448 1027 662 1085 tamen,
695 1039 820 1077 cum
848 1023 967 1092 ipsa
984 1030 1169 1077 castra
1193 1024 1308 1078 sint
1332 1024 1434 1094 ipsi
1460 1024 1552 1094 qui
1576 1025 2045 1094 prmparanturad

446 1110 685 1168 bellum.
715 1112 886 1165 Recte
911 1118 1102 1166 autem
1149 1114 1425 1169 exercitus
1470 1118 1873 1182 nuncupantur
1900 1114 2046 1166 mul-

448 1198 722 1256 titudines
740 1200 1225 1270 sanctorum,quia
1244 1202 1301 1254 in
1332 1202 1437 1254 hoc
1456 1202 1657 1255 szeculo
1670 1201 1958 1261 dimicant,
1992 1206 2050 1255 et

449 1304 675 1359 semper
695 1288 753 1342 in
782 1289 1089 1342 certamine
1118 1290 1432 1343 consistunt
1458 1296 1654 1343 contra
1679 1290 2050 1353 hostes,vide-

454 1374 591 1428 licet
617 1375 895 1444 malignos
924 1375 1176 1444 spiritus,
1208 1377 1295 1429 vel
1324 1393 1614 1446 perversos
1640 1377 1912 1441 homines,
1937 1377 2051 1430 sive

452 1471 623 1525 etiam
653 1476 847 1547 contra
883 1472 1019 1525 vitia
1059 1473 1263 1527 carnis.
1297 1474 1437 1543 Equi
1488 1480 1677 1527 autem
1706 1473 1817 1527 albi
1849 1474 2052 1544 quibus

451 1560 703 1614 insident
730 1576 966 1631 corpora
993 1560 1217 1615 illorum
1250 1562 1460 1615 munda
1484 1562 1554 1615 ab
1593 1563 1744 1616 omni
1784 1550 2037 1633 peccato’.

2130 1025 2682 1096 contempsit,statim
2708 1025 2849 1077 iram
2868 1025 2969 1078 Dei
2984 1025 3301 1081 incurrit.et
3334 1028 3595 1076 mortuus
3621 1027 3721 1074 est.

2131 1116 2309 1179 Quam
2335 1120 2575 1168 mortem
2606 1130 2705 1183 pro
2731 1113 2892 1166 nobis
2939 1112 3381 1166 misericorditer
3410 1110 3591 1163 Filius
3628 1107 3724 1161 Dei

2132 1204 2460 1274 suscipiens,
2497 1204 2556 1255 in
2585 1219 2696 1272 qua
2720 1202 2966 1255 calcatus
2995 1206 3099 1261 est,
3128 1200 3380 1263 calcavit,
3407 1198 3544 1269 quia
3586 1197 3727 1249 hanc

2132 1308 2166 1346 a
2195 1292 2433 1346 mortuis
2463 1307 2782 1360 resurgens,
2812 1289 3029 1354 potenti
3058 1289 3262 1342 virtute
3307 1287 3606 1357 depressit.
3630 1283 3728 1336 Vel

2133 1398 2234 1452 per
2247 1381 2495 1435 torcular
2510 1395 2810 1451 possumus
2824 1378 3139 1447 intelligere
3151 1376 3576 1430 tribulationem
3594 1389 3729 1443 prse-

2133 1471 2311 1524 sentis
2340 1470 2491 1525 vitae.
2550 1469 2743 1523 Calcat
2782 1466 3053 1521 Dominus
3080 1465 3347 1525 torcular,
3382 1465 3489 1518 hoc
3518 1468 3607 1516 est
3635 1462 3729 1531 qui

2132 1566 2265 1612 sunt
2300 1559 2358 1612 in
2388 1558 2674 1622 torculari,
2707 1557 2765 1610 id
2794 1561 2881 1610 est
2907 1572 3102 1609 omnes
3151 1555 3375 1615 electos,
3424 1568 3567 1622 quos
3599 1567 3731 1621 pur-

451 1649 645 1719 Equus
670 1648 877 1720 quippe
907 1655 993 1702 est
1019 1650 1321 1720 unicuique
1349 1656 1553 1703 sanctae
1596 1651 1800 1704 anima;
1847 1668 2049 1721 corpus
2067 1667 2114 1726 B
2133 1655 2232 1718 gat
2252 1666 2351 1718 per
2378 1649 2551 1718 hujus
2581 1647 2702 1705 vitae
2729 1645 3018 1714 angustias
3060 1644 3203 1697 Hinc
3220 1642 3523 1713 Apostolus
3548 1640 3685 1693 dicit
3716 1656 3728 1689 :

453 1753 639 1800 suum,
667 1737 815 1808 quod
846 1738 1102 1791 videlicet
1127 1739 1234 1792 scit
1256 1744 1314 1792 et
1339 1738 1409 1792 ab
1452 1739 1660 1792 illicitis
1690 1739 2045 1793 continenti-ae
2128 1745 2231 1797 Per
2262 1740 2468 1791 multas
2500 1737 2885 1789 tribulationes
2900 1738 3107 1802 oportet
3126 1748 3223 1785 nos
3251 1735 3468 1784 intrare
3499 1744 3735 1797 regnum

454 1843 516 1881 se
542 1826 702 1880 freno
731 1826 1090 1896 restringere,
1116 1832 1173 1881 et
1191 1844 1387 1882 rursus
1407 1828 2047 1898 charitatisimpulsu,in
2130 1831 2244 1884 Dei.
2278 1829 2344 1881 Et
2367 1826 2632 1880 Salomon
2658 1841 2668 1875 :
2694 1825 2959 1890 Ftagetlat
2978 1823 3119 1875 Deus
3133 1836 3352 1873 omnem
3362 1820 3551 1883 ﬁlium
3572 1832 3735 1883 quem

454 1914 916 1970 exercitationem
975 1915 1106 1969 boni
1147 1916 1333 1986 operis
1387 1916 1659 1969 relaxare.
1722 1917 2049 1986 Sequuntur

454 2003 903 2074 Christum,quia
922 2003 1221 2058 imitantur
1239 2005 1361 2074 ejus
1382 2004 1714 2058 munditiam
1747 2010 1803 2057 et
1821 2006 2049 2058 castita-

453 2097 591 2156 tem,
618 2092 1026 2145 mortiﬂcantes
1055 2110 1115 2147 se
1140 2110 1267 2147 cum
1298 2093 1444 2146 vitiis
1476 2099 1534 2147 et
1563 2093 2044 2162 concupiscentiis,

448 2182 610 2249 juxta
630 2180 771 2234 illud
800 2181 1053 2250 Apostoli
1078 2200 1089 2233 :
1116 2183 1437 2247 Mortiﬁcate
1458 2184 1706 2235 membra
1731 2187 1910 2235 vestra
1932 2198 2051 2250 quae

454 2273 588 2321 sunt
612 2283 776 2335 super
799 2272 1029 2332 terram,
1057 2273 1162 2320 etc.
1204 2269 1334 2330 (Col.
1378 2282 1482 2329 III).
1524 2268 1795 2338 Superius
1837 2269 2049 2323 dictum

456 2362 544 2411 est
570 2356 639 2409 de
669 2354 1153 2426 virginibus,quod
1168 2361 1394 2409 centum
1412 2357 1788 2426 quadraginta
1809 2363 2052 2426 quatuor

456 2443 637 2498 millia
673 2449 987 2514 sequuntur
1007 2443 1165 2496 illum
1186 2444 1679 2514 quocunqueierit.
1703 2443 1862 2497 Unde
1882 2443 2059 2497 scien-

456 2532 755 2603 dum,quia
781 2538 1096 2603 sequuntur
1115 2548 1243 2586 eum
1274 2537 1329 2586 et
1355 2532 1472 2596 alii,
1505 2532 1610 2585 hoc
1638 2537 1725 2585 est
1752 2539 2054 2602 martyres,

456 2621 820 2683 confessores,
854 2620 1139 2691 conjugati
1168 2620 1340 2674 etiam
1364 2620 1512 2681 boni,
1534 2620 1858 2691 specialiter
1884 2621 2058 2690 virgi-

456 2726 576 2765 nes.
605 2710 711 2775 Qui
738 2709 949 2779 gradus
971 2710 1195 2779 quando
1230 2709 1610 2772 excellentior,
1635 2714 1793 2762 tanto
1833 2715 1919 2762 est
1942 2710 2057 2762 uti-

457 2815 568 2870 que
596 2815 833 2854 numero
860 2798 1065 2852 minor.
1100 2800 1281 2851 Vestiti
1321 2800 1539 2867 byssina
1581 2800 1704 2851 albo
1732 2804 1779 2851 et
1825 2800 2054 2851 mundo.

458 2888 579 2943 Hoc
607 2893 693 2941 est
720 2888 1041 2942 innocentia
1071 2886 1366 2948 castitatis,
1418 2892 1475 2939 et
1505 2886 1795 2940 munditiae
1834 2886 2046 2942 ornati.

456 2976 582 3030 Jam
605 2977 755 3030 enim
785 2992 955 3047 supra
984 2976 1198 3029 dictum
1228 2980 1330 3038 est,
1368 2975 1503 3045 quid
1534 2975 1609 3028 sit
1658 2973 1970 3045 byssinum,
1998 2936 2116 3028 idC

458 3070 546 3119 est
569 3066 997 3134 justiﬁcationes
1026 3071 1368 3118 sanctorum.

533 3154 600 3207 Et
619 3155 683 3206 de
714 3169 806 3207 ore
832 3156 1009 3221 ipsius
1036 3154 1277 3221 procedit
1300 3153 1524 3218 gladius
1544 3169 1608 3205 ea;
1636 3157 1874 3220 utraque
1902 3158 2058 3220 parte

460 3245 677 3298 acutus.
727 3240 963 3294 Gladius
1011 3256 1172 3294 sacra
1201 3241 1493 3310 Scriptura
1522 3240 1874 3310 intelligitur,
1899 3242 2062 3310 juxta

459 3326 604 3380 illud
624 3326 878 3397 Apostoli
894 3350 912 3385 :
934 3329 1000 3381 Et
1018 3330 1270 3395 gladium
1301 3331 1553 3395 spiritus,
1574 3331 1718 3396 quod
1733 3335 1809 3381 est
1835 3331 2061 3383 verbum

462 3416 564 3470 Dei
614 3413 834 3484 {Ep/ws.
866 3422 959 3482 v1).
1010 3415 1091 3469 De
1134 3416 1243 3470 isto
1279 3416 1466 3486 gladio
1506 3416 1628 3485 ipse
1672 3415 1946 3471 Dominus
2004 3406 2093 3471 in.

467 3501 768 3572 Evangelio
802 3502 908 3556 ait:
926 3504 1049 3556 Non
1079 3507 1205 3557 veni
1234 3520 1421 3571 pacem
1443 3506 1681 3565 mittere,
1702 3506 1792 3557 sed
1807 3507 2062 3571 gladium

464 3591 686 3658 (Matth.
720 3590 797 3660 κ).
856 3591 1014 3645 Sicut
1067 3592 1216 3645 enim
1241 3592 1429 3662 gladio
1467 3592 1697 3663 ancipiti
1743 3594 2066 3647 inciduntur

467 3695 688 3747 carnes,
710 3686 768 3733 et
784 3680 1038 3734 membra
1054 3696 1089 3734 a
1109 3680 1377 3734 membris
1397 3687 1752 3751 separantur,
1778 3681 1859 3735 sic
1878 3682 2066 3751 gladio

466 3768 624 3822 verbi
655 3768 752 3822 Dei
779 3769 1108 3823 dividuntur
1135 3768 1267 3823 boni
1292 3786 1327 3822 a
1358 3770 1751 3834 malis,ﬂdeles
1782 3770 1851 3823 ab
1873 3770 2069 3823 inﬁde-

418 3858 425 3865 “
468 3855 638 3911 libus.
664 3857 767 3910 Hic
787 3857 959 3911 etiam
981 3858 1204 3927 gladius
1234 3858 1292 3911 in
1323 3863 1563 3928 utroque
1586 3858 1950 3912 Testamento
1974 3858 2069 3935 in-

469 3944 764 4015 telligitur,
820 3946 954 4015 quia
990 3945 1250 3999 videlicet
1286 3946 1416 3999 hinc
1468 3951 1697 4016 peccata
1745 3947 1952 4017 operis,
2008 3952 2066 4000 et

468 4033 624 4086 illinc
653 4040 981 4087 resecantur
1007 4040 1237 4104 peccata
1283 4034 1656 4103 cogitationis.
1692 4035 1772 4089 De
1824 4052 1920 4089 ore
1969 4035 2070 4089 Dei

470 4123 746 4193 procedit,
758 4122 921 4192 juxta
937 4124 1085 4192 quod
1106 4122 1225 4193 ipse
1240 4121 1516 4177 Dominus
1544 4123 1680 4177 dicit
1701 4141 1712 4176 :
1736 4126 1861 4178 Non
1877 4127 1940 4177 in
1960 4128 2070 4179 solo

464 4225 614 4278 pane
636 4214 771 4265 vivit
786 4212 963 4275 homo,
988 4213 1080 4264 sed
1100 4213 1162 4264 in
1185 4215 1342 4264 omni
1365 4215 1524 4267 verba
1553 4214 1698 4280 quod
1724 4215 1971 4279 procedit
2002 4216 2070 4266 ab

2134 1919 2348 1984 recipit.
2388 1914 2544 1968 Sicut
2572 1913 2725 1965 enim
2755 1910 2814 1964 in
2851 1909 3120 1963 torculari
3149 1924 3268 1962 uvae
3300 1906 3644 1968 tunduntur,
3676 1908 3738 1956 ut

2132 2006 2262 2058 vino
2316 2001 2706 2074 promptuaria
2749 2000 3095 2069 repleantur,
3137 1997 3220 2050 sic
3261 1995 3538 2050 nimirum
3576 1992 3738 2046 electi

2132 2107 2525 2165 pressuraruni
2548 2088 2946 2143 afﬂictionibus
2977 2091 3364 2145 conteruntur,
3398 2089 3465 2137 ut
3490 2084 3553 2136 in
3581 2080 3738 2135 coele-

2135 2183 2313 2238 stibus
2368 2178 2703 2233 habitaculis
2755 2175 3150 2237 recondantur.
3187 2175 3252 2227 Et
3290 2173 3426 2244 quia
3456 2171 3739 2242 patienter

2137 2271 2298 2326 electi
2319 2270 2461 2322 iram
2485 2267 2587 2321 Dei
2608 2266 3039 2335 sustinent,quaa
3061 2261 3449 2333 peccatoribus
3478 2259 3737 2323 debetur,

2137 2359 2346 2413 idcirco
2370 2357 2511 2411 bene
2536 2358 2656 2426 jam
2686 2355 2877 2408 vinum
2927 2352 3131 2406 furoris
3178 2351 3274 2406 iraa
3304 2350 3406 2404 Dei
3443 2358 3732 2402 vocantur.

2142 2447 2431 2503 Sustinent
2458 2444 2610 2498 enim
2640 2443 2783 2496 iram
2833 2441 2933 2494 Dei
2979 2444 3211 2511 propter
3252 2444 3502 2509 peccata,
3537 2436 3737 2506 quibus

2139 2536 2323 2607 primo
2344 2533 2579 2596 homini,
2599 2536 2661 2585 ut
2682 2531 2893 2585 dictum
2911 2534 3018 2596 est,
3035 2528 3210 2582 iratus
3232 2533 3318 2581 est
3340 2525 3514 2590 Deus,
3549 2532 3610 2577 et
3631 2523 3743 2578 efﬁ-

2141 2626 2368 2679 ciuntur
2388 2623 2579 2675 vinum
2610 2620 2757 2690 quod
2787 2620 2845 2672 in
2884 2616 3180 2671 dominicis
3235 2614 3522 2686 apothecis
3552 2629 3742 2667 recon-

2140 2710 2549 2767 ditur.Vinacia
2570 2715 2781 2770 autem,
2813 2707 2869 2760 id
2895 2712 2982 2760 est
3008 2721 3203 2759 omnes
3226 2703 3472 2773 reprobi,
3514 2718 3645 2755 cum
3674 2701 3746 2754 si-

2142 2802 2351 2855 militer
2377 2803 2728 2870 premantur,
2751 2796 2900 2849 foras
2930 2794 3319 2864 projiciuntur,
3342 2797 3399 2844 et
3412 2790 3484 2844 ab
3514 2791 3745 2843 illorum

2142 2891 2409 2944 societate
2435 2891 2787 2957 separantur.
2808 2883 2916 2937 Sed
2944 2883 3106 2936 electi
3134 2880 3351 2934 tamdiu
3382 2880 3577 2933 vinum
3600 2878 3746 2932 furo-

2140 2979 2221 3033 ris
2246 2982 2697 3047 sunt,quousque
2727 2974 2783 3026 in
2806 2971 3075 3026 torculari
3102 2971 3218 3023 vice
3248 2986 3369 3023 uvae
3396 2968 3738 3027 tunduntur,

2142 3070 2201 3120 et
2225 3082 2260 3119 a
2286 3064 2515 3118 vinaciis
2545 3061 2976 3133 separantur.At
2996 3058 3089 3112 ubi
3120 3058 3509 3129 promptuaria
3535 3062 3746 3109 {eterna

2143 3152 2496 3218 intraverint,
2519 3153 2639 3222 jam
2661 3150 2943 3204 desistunt
2973 3164 3098 3201 esse
3138 3147 3332 3199 vinum
3364 3145 3595 3213 furoris,
3617 3144 3746 3214 quia

2145 3241 2352 3296 desinit
2376 3239 2608 3294 calcatio
2637 3238 2953 3292 torcular-is.

2216 3331 2283 3383 Et
2307 3331 2465 3383 habet
2492 3332 2555 3381 in
2587 3330 2905 3381 vestimento
2932 3331 2980 3382 et
3004 3329 3065 3378 in
3094 3326 3299 3392 femore
3324 3339 3422 3376 suo
3440 3325 3745 3389 scriptum:

2145 3420 2253 3472 Rea:
2272 3434 2464 3484 regum
2484 3420 2533 3469 et
2563 3418 2828 3469 Dominus
2857 3415 3291 3467 dominantium.
3322 3412 3433 3465 Per
3451 3410 3749 3464 vestimen-

2146 3511 2268 3559 tum
2290 3505 2532 3568 Domini,
2565 3504 2711 3557 sicut
2729 3519 2901 3573 supra
2919 3502 3390 3571 diximus,corpus
3418 3500 3560 3553 illud
3580 3498 3746 3553 intel-

2149 3594 2363 3664 ligitur,
2401 3594 2547 3664 quod
2579 3592 2826 3646 Verbum
2858 3592 2958 3645 Dei
3001 3591 3178 3661 patris
3222 3590 3415 3643 anima
3461 3589 3746 3642 mediante

2151 3683 2396 3754 suscepit
2420 3684 2478 3735 in
2498 3688 2659 3735 utero
2676 3680 2924 3751 virginis.
2951 3681 3059 3733 Per
3072 3679 3257 3733 femur
3270 3693 3400 3732 vero
3415 3676 3748 3748 propagatio

2151 3772 2336 3828 carnis
2375 3771 2729 3842 exprimitur,
2761 3770 2910 3824 unde
2938 3769 3224 3822 Abraham
3256 3767 3488 3821 mittens
3519 3782 3743 3820 servum

2154 3878 2317 3915 suum
2348 3866 2412 3914 ut
2430 3860 2709 3930 acciperet
2733 3874 2967 3911 uxorem
2992 3856 3105 3910 tilio
3135 3872 3235 3909 suo
3266 3855 3337 3909 de
3373 3856 3543 3909 domo
3574 3853 3751 3925 patris

2153 3951 2294 4020 ejus,
2327 3949 2466 4002 dixit
2497 3948 2548 4002 ei
2583 3966 2594 4000 :
2624 3950 2767 4001 Pone
2797 3963 3030 3999 manum
3054 3950 3210 3999 tuam
3239 3946 3338 3998 sub
3363 3946 3573 4011 fenwre
3616 3959 3749 4000 meo,

2152 4045 2201 4093 et
2220 4042 2365 4106 jura
2389 4038 2536 4090 mihi
2544 4052 2647 4104 per
2660 4038 2965 4090 Dominum
2986 4036 3104 4087 cali
3121 4038 3171 4086 et
3194 4039 3350 4087 terra
3368 4033 3748 4101 (Gen.xxx1v).

2153 4126 2414 4180 Praevidit
2441 4124 2591 4178 enim
2626 4124 2927 4178 Dominum
2955 4122 3079 4176 caeli
3107 4138 3174 4176 ex
3204 4138 3306 4176 suo
3333 4121 3549 4175 femore
3576 4120 3759 4174 nasci-

2152 4220 2363 4279 turum,
2389 4230 2489 4284 per
2517 4229 2683 4283 quem
2709 4211 2989 4282 adjuravit
3014 4227 3234 4264 servum
3261 4230 3273 4277 ;
3327 4209 3499 4263 Jacob
3532 4225 3757 4280 quoque

472 4313 564 4350 ore
583 4300 682 4352 Dei
709 4300 930 4368 (Matth.
965 4298 1056 4367 Iv).
1082 4301 1196 4353 Isto
1229 4306 1416 4353 autem
1439 4278 1628 4371 glad—io
1656 4278 1846 4356 ﬁdeles
1874 4304 2068 4357 vulne—
2088 4278 2134 4334 Β
2153 4303 2296 4356 dixit
2325 4319 2336 4353 :
2371 4278 2494 4356 Zi’on
2529 4278 2821 4368 auferetur
2861 4307 3138 4368 sceptrum
3175 4301 3239 4352 de
3274 4299 3442 4362 Iuda,
3476 4304 3526 4350 et
3550 4278 3672 4350 dua:
3696 4299 3757 4350 de

469 4391 674 4439 rantur
695 4387 768 4440 ad
806 4387 1046 4440 salutem
1085 4405 1265 4451 suam,
1294 4388 1548 4443 infideles
1586 4407 1715 4445 vero
1741 4396 1798 4444 et
1818 4400 2070 4445 contem-

468 4481 663 4546 ptores
677 4476 746 4529 ad
760 4476 1203 4530 damnationem.
1229 4478 1372 4530 Hinc
1393 4485 1450 4531 et
1472 4478 1901 4549 Apostolus,qui
1925 4496 2069 4533 unus

470 4570 595 4618 erat
616 4580 681 4618 ex
702 4564 789 4617 his
819 4564 915 4635 qui
940 4564 1195 4634 gladium
1219 4565 1371 4619 verbi
1402 4567 1501 4620 Dei
1533 4568 1853 4636 portabant,
1883 4568 2018 4621 dicit
2051 4586 2062 4620 :

468 4652 615 4709 Aliis
642 4669 836 4706 sumus
867 4654 999 4706 odor
1032 4657 1155 4707 vitae
1173 4656 1236 4707 in
1267 4657 1460 4719 vitam,
1485 4658 1618 4707 aliis
1640 4658 1773 4709 odor
1793 4659 1983 4709 mortis
2005 4660 2068 4710 in

468 4747 703 4796 mortem
732 4743 817 4812 (II
844 4742 966 4795 Cor.
987 4746 1075 4807 Il).
1108 4742 1268 4796 Unde
1296 4745 1548 4813 sequitur
1577 4759 1591 4796 :
1626 4750 1687 4797 ut
1710 4747 1775 4798 in
1806 4748 1919 4813 ipso
1942 4761 2069 4813 per-

469 4834 645 4884 cutiat
669 4836 871 4898 gentes.
893 4830 1103 4883 Gentes
1125 4831 1182 4883 in
1198 4832 1301 4884 hoc
1320 4833 1439 4885 loco
1462 4848 1573 4885 non
1594 4839 1658 4886 ut
1685 4850 1856 4903 supra
1887 4834 2065 4888 malas

466 4923 665 4985 gentes
685 4918 1026 4987 signiﬁcant,
1053 4919 1150 4972 sed
1183 4918 1374 4985 bonas,
1409 4928 1639 4991 propter
1677 4922 1781 4974 hoc
1810 4922 1956 4991 quod
1984 4939 2066 4975 se-

469 5004 681 5073 quitur.
714 5008 779 5059 Et
810 5011 920 5073 ipse
952 5013 1097 5074 reget
1124 5024 1212 5061 eas
1238 5011 1301 5061 in
1316 5012 1475 5076 virga
1503 5014 1707 5076 ferrea.
1734 5010 1813 5063 De
1831 5010 1915 5063 his
1931 5026 2067 5079 gen-

465 5092 620 5147 tibus
646 5094 697 5147 ei
723 5100 779 5148 et
804 5113 903 5165 per
921 5097 1276 5150 Psalmistam
1299 5113 1335 5149 a
1362 5098 1528 5151 Patre
1558 5098 1767 5151 dicitur
1791 5115 1802 5149 :
1844 5100 2063 5151 Postula

467 5198 504 5236 a
528 5199 609 5235 me
628 5186 676 5236 et
702 5184 839 5236 dabo
866 5185 968 5236 tibi
993 5190 1174 5251 gentes
1196 5186 1569 5239 hereditatem
1603 5192 1760 5239 tuam
1787 5187 1958 5255 (Psal.
1982 5192 2063 5254 η).

465 5270 640 5342 Virga
669 5277 857 5325 autem
889 5272 1069 5325 ferrea
1091 5280 1339 5343 potestas
1385 5274 1719 5345 intelligitur
1747 5273 2066 5328 inﬂexibilis

467 5365 526 5415 et
546 5360 774 5416 invicta.
822 5358 892 5414 In
919 5360 1076 5430 virga
1112 5361 1295 5417 ferrea
1332 5370 1491 5433 reget
1514 5369 1731 5434 gentes,
1758 5364 1864 5417 hoc
1891 5369 1977 5417 est
2004 5363 2064 5416 in

463 5452 625 5519 regni
647 5450 996 5519 fortitudine,
1023 5451 1108 5505 vel
1130 5450 1420 5506 inﬂexibili
1443 5452 1687 5522 justitia.
1719 5452 1865 5507 Hinc
1892 5451 2056 5506 Psal-

2151 4393 2355 4457 fe-more
2383 4395 2520 4457 ejus,
2553 4392 2720 4444 donec
2756 4392 2939 4442 reniat
2966 4392 3067 4456 qui
3114 4388 3416 4441 mittendus
3459 4391 3536 4439 est
3586 4387 3749 4448 (Gen.

2153 4486 2329 4547 XLIx).
2358 4480 2422 4532 In
2452 4496 2552 4532 suo
2574 4479 2765 4549 itaque
2786 4478 3143 4544 vestimento,
3172 4477 3278 4529 hoc
3304 4482 3389 4529 est
3417 4476 3477 4528 in
3504 4475 3757 4529 humano
3792 4542 3799 4547 _

2152 4585 2405 4639 corpore,
2437 4573 2493 4621 et
2520 4567 2578 4620 in
2608 4568 2839 4632 femore,
2872 4566 2923 4619 id
2957 4572 3043 4619 est
3072 4566 3131 4619 in
3162 4565 3374 4618 carnali
3397 4566 3762 4634 propagatio-

2152 4674 2241 4722 ne,
2275 4656 2444 4710 habet
2463 4659 2733 4726 scriptum
2768 4655 2916 4725 quod
2942 4654 3017 4707 sit
3040 4671 3134 4707 rex
3156 4655 3370 4723 Regum
3402 4660 3459 4705 et
3480 4654 3759 4707 Dominus

2151 4745 2579 4801 dominantium.
2623 4744 2782 4797 Unde
2811 4744 3106 4797 Matthaeus
3147 4742 3573 4811 generationem
3602 4742 3759 4796 illius

2147 4850 2249 4902 per
2278 4850 2437 4902 reges
2455 4831 2741 4894 describit,
2762 4832 2817 4885 id
2841 4838 2925 4885 est
2946 4847 3041 4901 per
3060 4831 3233 4885 David
3256 4838 3311 4883 et
3328 4831 3451 4899 ejus
3474 4836 3751 4900 posteros.

2150 4922 2324 4991 Cujus
2352 4922 2503 4974 dicta
2533 4937 2659 4974 cum
2692 4921 2946 4989 legimus,
2975 4926 3032 4974 et
3059 4919 3330 4972 veraciter
3350 4935 3480 4972 eum
3498 4919 3756 4990 exstirpe

2148 5011 2325 5065 David
2371 5009 2743 5071 descendisse,
2780 5025 2970 5078 regem
3024 5024 3221 5061 verum
3253 5006 3667 5076 cognoscimus,
3701 5013 3756 5061 et

2146 5099 2448 5162 credimus,
2470 5098 2529 5151 in
2551 5099 2773 5152 Domini
2797 5098 3005 5150 femore
3025 5095 3578 5165 credendolegimus,
3600 5095 3753 5165 quod

2148 5188 2267 5257 ipse
2299 5188 2374 5241 sit
2406 5203 2502 5240 rex
2532 5202 2747 5256 regum.
2781 5186 3018 5239 Maxime
3063 5185 3213 5238 enim
3242 5184 3644 5254 promissiones
3683 5185 3751 5237 de

2151 5276 2275 5345 ejus
2324 5275 2711 5328 incarnatione
2743 5274 2813 5326 ad
2861 5273 3031 5327 David
3068 5274 3225 5326 facta:
3266 5277 3420 5334 sunt,
3462 5290 3493 5324 e
3545 5271 3752 5341 quibus

2146 5378 2262 5416 una
2286 5370 2372 5417 est
2402 5374 2413 5408 ε
2447 5362 2588 5416 Cum
2617 5362 2913 5416 dormieris
2942 5379 3067 5416 cum
3096 5360 3351 5432 patribus
3390 5361 3525 5425 tuis,
3567 5362 3749 5413 susci-

2145 5450 2280 5507 tabo
2307 5451 2377 5507 de
2415 5451 2629 5506 semine
2674 5457 2793 5517 tuo,
2840 5451 2989 5522 quod
3040 5450 3360 5521 egredietur
3412 5449 3485 5503 de
3536 5447 3747 5502 lumbis
