  <div class='ocr_page' id='page_1' title='image "/cluster/home/n/w/nwhite01/storage/ocr_20150623/117/hvd.32044054759816/594.png"; bbox 0 0 4048 6172; ppageno 0'>
   <div class='ocr_carea' id='block_1_1' title="bbox 316 280 456 339">
    <p class='ocr_par' dir='ltr' id='par_1_1' title="bbox 316 280 456 339">
     <span class='ocr_line' id='line_1_1' title="bbox 316 280 456 339; baseline -0.021 -1"><span class='ocrx_word' id='word_1_1' title='bbox 316 280 456 339; x_wconf 80' lang='grc'>1177</span> 
     </span>
    </p>
   </div>
   <div class='ocr_carea' id='block_1_2' title="bbox 1213 270 2685 341">
    <p class='ocr_par' dir='ltr' id='par_1_2' title="bbox 1213 270 2685 341">
     <span class='ocr_line' id='line_1_2' title="bbox 1213 270 2685 341; baseline -0.013 1"><span class='ocrx_word' id='word_1_2' title='bbox 1213 282 1592 341; x_wconf 77' lang='lat' dir='ltr'>EXPOSITIO</span> <span class='ocrx_word' id='word_1_3' title='bbox 1629 283 1709 340; x_wconf 87' lang='lat' dir='ltr'>IN</span> <span class='ocrx_word' id='word_1_4' title='bbox 1737 277 2260 339; x_wconf 76' lang='lat' dir='ltr'>APOCALYPSIN.</span> <span class='ocrx_word' id='word_1_5' title='bbox 2292 304 2363 317; x_wconf 96' lang='lat'><strong>—</strong></span> <span class='ocrx_word' id='word_1_6' title='bbox 2391 274 2531 328; x_wconf 91' lang='lat' dir='ltr'>LIB.</span> <span class='ocrx_word' id='word_1_7' title='bbox 2555 270 2685 325; x_wconf 77' lang='lat' dir='ltr'>VII.</span> 
     </span>
    </p>
   </div>
   <div class='ocr_carea' id='block_1_3' title="bbox 3448 256 3587 318">
    <p class='ocr_par' dir='ltr' id='par_1_3' title="bbox 3448 256 3587 318">
     <span class='ocr_line' id='line_1_3' title="bbox 3448 256 3587 318; baseline -0.014 0"><span class='ocrx_word' id='word_1_8' title='bbox 3448 256 3587 318; x_wconf 82' lang='grc'>1178</span> 
     </span>
    </p>
   </div>
   <div class='ocr_carea' id='block_1_4' title="bbox 315 389 3588 481">
    <p class='ocr_par' dir='ltr' id='par_1_4' title="bbox 315 389 3588 481">
     <span class='ocr_line' id='line_1_4' title="bbox 315 389 3588 481; baseline -0.007 -17"><span class='ocrx_word' id='word_1_9' title='bbox 315 409 518 475; x_wconf 82' lang='lat' dir='ltr'>tuis,et</span> <span class='ocrx_word' id='word_1_10' title='bbox 533 406 852 465; x_wconf 88' lang='lat' dir='ltr'>stabilietur</span> <span class='ocrx_word' id='word_1_11' title='bbox 869 425 1105 479; x_wconf 82' lang='lat' dir='ltr'>regnum</span> <span class='ocrx_word' id='word_1_12' title='bbox 1120 413 1169 481; x_wconf 88' lang='lat' dir='ltr'>ej</span> <span class='ocrx_word' id='word_1_13' title='bbox 1178 428 1243 465; x_wconf 90' lang='lat' dir='ltr'>us</span> <span class='ocrx_word' id='word_1_14' title='bbox 1263 413 1322 465; x_wconf 90' lang='lat' dir='ltr'>in</span> <span class='ocrx_word' id='word_1_15' title='bbox 1343 410 1767 481; x_wconf 87' lang='lat' dir='ltr'>sempiternum.</span> <span class='ocrx_word' id='word_1_16' title='bbox 1789 410 1913 478; x_wconf 85' lang='lat' dir='ltr'>Ipse</span> <span class='ocrx_word' id='word_1_17' title='bbox 1926 407 1976 466; x_wconf 91' lang='lat' dir='ltr'>A</span> <span class='ocrx_word' id='word_1_18' title='bbox 1993 403 2258 475; x_wconf 83' lang='lat' dir='ltr'>apparuit</span> <span class='ocrx_word' id='word_1_19' title='bbox 2274 397 2616 459; x_wconf 88' lang='lat' dir='ltr'>hominibus,</span> <span class='ocrx_word' id='word_1_20' title='bbox 2641 394 2803 466; x_wconf 89' lang='lat' dir='ltr'>quasi</span> <span class='ocrx_word' id='word_1_21' title='bbox 2818 391 2959 447; x_wconf 88' lang='lat' dir='ltr'>nihil</span> <span class='ocrx_word' id='word_1_22' title='bbox 2972 394 3122 481; x_wconf 86' lang='lat' dir='ltr'>esset</span> <span class='ocrx_word' id='word_1_23' title='bbox 3140 413 3153 448; x_wconf 88' lang='lat'><strong>:</strong></span> <span class='ocrx_word' id='word_1_24' title='bbox 3177 389 3273 443; x_wconf 91' lang='lat' dir='ltr'>sed</span> <span class='ocrx_word' id='word_1_25' title='bbox 3289 392 3588 481; x_wconf 85' lang='lat' dir='ltr'>postquam</span> 
     </span>
    </p>
   </div>
   <div class='ocr_carea' id='block_1_5' title="bbox 319 498 1919 569">
    <p class='ocr_par' dir='ltr' id='par_1_5' title="bbox 319 498 1919 569">
     <span class='ocr_line' id='line_1_5' title="bbox 319 498 1919 569; baseline -0.003 -15"><span class='ocrx_word' id='word_1_26' title='bbox 319 500 430 554; x_wconf 86' lang='lat' dir='ltr'>erit</span> <span class='ocrx_word' id='word_1_27' title='bbox 454 498 590 553; x_wconf 89' lang='lat' dir='ltr'>mihi</span> <span class='ocrx_word' id='word_1_28' title='bbox 639 499 700 552; x_wconf 90' lang='lat' dir='ltr'>in</span> <span class='ocrx_word' id='word_1_29' title='bbox 754 498 955 566; x_wconf 84' lang='lat' dir='ltr'>ﬁlium,</span> <span class='ocrx_word' id='word_1_30' title='bbox 986 503 1044 552; x_wconf 92' lang='lat' dir='ltr'><strong>et</strong></span> <span class='ocrx_word' id='word_1_31' title='bbox 1098 516 1201 569; x_wconf 86' lang='lat' dir='ltr'>ego</span> <span class='ocrx_word' id='word_1_32' title='bbox 1259 516 1353 553; x_wconf 90' lang='lat' dir='ltr'>ero</span> <span class='ocrx_word' id='word_1_33' title='bbox 1381 499 1464 552; x_wconf 89' lang='lat' dir='ltr'>illi</span> <span class='ocrx_word' id='word_1_34' title='bbox 1504 499 1560 551; x_wconf 93' lang='lat' dir='ltr'>in</span> <span class='ocrx_word' id='word_1_35' title='bbox 1593 503 1811 568; x_wconf 83' lang='lat' dir='ltr'>patrem</span> <span class='ocrx_word' id='word_1_36' title='bbox 1836 499 1919 565; x_wconf 84' lang='lat' dir='ltr'>(II</span> 
     </span>
    </p>
   </div>
   <div class='ocr_carea' id='block_1_6' title="bbox 318 586 1916 658">
    <p class='ocr_par' dir='ltr' id='par_1_6' title="bbox 318 586 1916 658">
     <span class='ocr_line' id='line_1_6' title="bbox 318 586 1916 658; baseline -0.003 -15"><span class='ocrx_word' id='word_1_37' title='bbox 318 590 442 656; x_wconf 85' lang='lat' dir='ltr'>Reg.</span> <span class='ocrx_word' id='word_1_38' title='bbox 468 592 585 653; x_wconf 84' lang='lat' dir='ltr'>vn).</span> <span class='ocrx_word' id='word_1_39' title='bbox 610 588 793 657; x_wconf 81' lang='lat' dir='ltr'>Reges</span> <span class='ocrx_word' id='word_1_40' title='bbox 831 587 924 641; x_wconf 92' lang='lat' dir='ltr'>isti</span> <span class='ocrx_word' id='word_1_41' title='bbox 967 605 1204 658; x_wconf 86' lang='lat' dir='ltr'>quorum</span> <span class='ocrx_word' id='word_1_42' title='bbox 1237 606 1332 642; x_wconf 80' lang='lat' dir='ltr'>rex</span> <span class='ocrx_word' id='word_1_43' title='bbox 1360 586 1616 642; x_wconf 82' lang='lat' dir='ltr'>Christus</span> <span class='ocrx_word' id='word_1_44' title='bbox 1653 591 1754 646; x_wconf 84' lang='lat' dir='ltr'>est,</span> <span class='ocrx_word' id='word_1_45' title='bbox 1795 602 1916 639; x_wconf 89' lang='lat' dir='ltr'>om-</span> 
     </span>
    </p>
   </div>
   <div class='ocr_carea' id='block_1_7' title="bbox 318 674 1918 746">
    <p class='ocr_par' dir='ltr' id='par_1_7' title="bbox 318 674 1918 746">
     <span class='ocr_line' id='line_1_7' title="bbox 318 674 1918 746; baseline -0.002 -16"><span class='ocrx_word' id='word_1_46' title='bbox 318 692 421 730; x_wconf 88' lang='lat' dir='ltr'>nes</span> <span class='ocrx_word' id='word_1_47' title='bbox 443 676 623 730; x_wconf 85' lang='lat' dir='ltr'>sancti</span> <span class='ocrx_word' id='word_1_48' title='bbox 648 682 801 740; x_wconf 87' lang='lat' dir='ltr'>sunt,</span> <span class='ocrx_word' id='word_1_49' title='bbox 836 677 930 746; x_wconf 89' lang='lat' dir='ltr'>qui</span> <span class='ocrx_word' id='word_1_50' title='bbox 957 693 1017 730; x_wconf 91' lang='lat' dir='ltr'><strong>se</strong></span> <span class='ocrx_word' id='word_1_51' title='bbox 1043 683 1100 730; x_wconf 82' lang='lat' dir='ltr'>et</span> <span class='ocrx_word' id='word_1_52' title='bbox 1130 677 1269 730; x_wconf 92' lang='lat' dir='ltr'>alios</span> <span class='ocrx_word' id='word_1_53' title='bbox 1288 676 1429 729; x_wconf 86' lang='lat' dir='ltr'>bene</span> <span class='ocrx_word' id='word_1_54' title='bbox 1465 680 1687 745; x_wconf 90' lang='lat' dir='ltr'>regunt.</span> <span class='ocrx_word' id='word_1_55' title='bbox 1707 674 1918 738; x_wconf 88' lang='lat' dir='ltr'>Quibus</span> 
     </span>
    </p>
   </div>
   <div class='ocr_carea' id='block_1_8' title="bbox 321 764 1918 832">
    <p class='ocr_par' dir='ltr' id='par_1_8' title="bbox 321 764 1918 832">
     <span class='ocr_line' id='line_1_8' title="bbox 321 764 1918 832; baseline -0.002 -15"><span class='ocrx_word' id='word_1_56' title='bbox 321 765 523 819; x_wconf 87' lang='lat' dir='ltr'>Petrus</span> <span class='ocrx_word' id='word_1_57' title='bbox 552 764 689 817; x_wconf 87' lang='lat' dir='ltr'>dicit</span> <span class='ocrx_word' id='word_1_58' title='bbox 721 782 733 817; x_wconf 88' lang='lat'>:</span> <span class='ocrx_word' id='word_1_59' title='bbox 779 766 871 817; x_wconf 81' lang='lat' dir='ltr'>i’os</span> <span class='ocrx_word' id='word_1_60' title='bbox 894 768 1020 817; x_wconf 88' lang='lat' dir='ltr'>estis</span> <span class='ocrx_word' id='word_1_61' title='bbox 1048 781 1218 832; x_wconf 86' lang='lat' dir='ltr'>genus</span> <span class='ocrx_word' id='word_1_62' title='bbox 1243 767 1490 824; x_wconf 81' lang='lat' dir='ltr'>electum,</span> <span class='ocrx_word' id='word_1_63' title='bbox 1518 767 1698 831; x_wconf 84' lang='lat' dir='ltr'>regale</span> <span class='ocrx_word' id='word_1_64' title='bbox 1734 777 1918 816; x_wconf 78' lang='lat' dir='ltr'>sacer-</span> 
     </span>
    </p>
   </div>
   <div class='ocr_carea' id='block_1_9' title="bbox 318 852 1915 923">
    <p class='ocr_par' dir='ltr' id='par_1_9' title="bbox 318 852 1915 923">
     <span class='ocr_line' id='line_1_9' title="bbox 318 852 1915 923; baseline -0.001 -18"><span class='ocrx_word' id='word_1_65' title='bbox 318 854 533 905; x_wconf 85' lang='lat' dir='ltr'>dotium</span> <span class='ocrx_word' id='word_1_66' title='bbox 564 853 622 921; x_wconf 83' lang='grc' dir='ltr'>(Ι</span> <span class='ocrx_word' id='word_1_67' title='bbox 642 854 785 905; x_wconf 82' lang='lat' dir='ltr'>Petr.</span> <span class='ocrx_word' id='word_1_68' title='bbox 818 860 901 919; x_wconf 80' lang='grc' dir='ltr'>ιι).</span> <span class='ocrx_word' id='word_1_69' title='bbox 938 852 1049 923; x_wconf 89' lang='lat' dir='ltr'><strong>Ipsi</strong></span> <span class='ocrx_word' id='word_1_70' title='bbox 1102 858 1235 906; x_wconf 89' lang='lat' dir='ltr'>sunt</span> <span class='ocrx_word' id='word_1_71' title='bbox 1290 853 1457 906; x_wconf 86' lang='lat' dir='ltr'>etiam</span> <span class='ocrx_word' id='word_1_72' title='bbox 1516 852 1915 917; x_wconf 80' lang='lat' dir='ltr'>dominatores,</span> 
     </span>
    </p>
   </div>
   <div class='ocr_carea' id='block_1_10' title="bbox 322 939 1920 1011">
    <p class='ocr_par' dir='ltr' id='par_1_10' title="bbox 322 939 1920 1011">
     <span class='ocr_line' id='line_1_10' title="bbox 322 939 1920 1011; baseline -0.001 -18"><span class='ocrx_word' id='word_1_73' title='bbox 322 941 419 1011; x_wconf 88' lang='lat' dir='ltr'>qui</span> <span class='ocrx_word' id='word_1_74' title='bbox 449 940 888 993; x_wconf 80' lang='lat' dir='ltr'>dominationem</span> <span class='ocrx_word' id='word_1_75' title='bbox 914 947 1174 994; x_wconf 83' lang='lat' dir='ltr'><strong>exercent</strong></span> <span class='ocrx_word' id='word_1_76' title='bbox 1201 957 1372 1010; x_wconf 84' lang='lat' dir='ltr'><strong>super</strong></span> <span class='ocrx_word' id='word_1_77' title='bbox 1394 939 1663 1004; x_wconf 90' lang='lat' dir='ltr'>subditos,</span> <span class='ocrx_word' id='word_1_78' title='bbox 1690 945 1920 1008; x_wconf 85' lang='lat' dir='ltr'>accepta</span> 
     </span>
    </p>
   </div>
   <div class='ocr_carea' id='block_1_11' title="bbox 236 1026 1922 1099">
    <p class='ocr_par' dir='ltr' id='par_1_11' title="bbox 236 1026 1922 1099">
     <span class='ocr_line' id='line_1_11' title="bbox 236 1026 1922 1099; baseline -0.001 -17"><span class='ocrx_word' id='word_1_79' title='bbox 236 1095 240 1098; x_wconf 18' lang='grc'><em>⁴</em></span> <span class='ocrx_word' id='word_1_80' title='bbox 320 1033 598 1099; x_wconf 80' lang='lat' dir='ltr'><strong>potestate</strong></span> <span class='ocrx_word' id='word_1_81' title='bbox 628 1028 686 1081; x_wconf 90' lang='lat' dir='ltr'>in</span> <span class='ocrx_word' id='word_1_82' title='bbox 713 1028 880 1081; x_wconf 89' lang='lat' dir='ltr'>Petro</span> <span class='ocrx_word' id='word_1_83' title='bbox 911 1030 1184 1099; x_wconf 87' lang='lat' dir='ltr'><strong>apostolo,</strong></span> <span class='ocrx_word' id='word_1_84' title='bbox 1217 1028 1307 1082; x_wconf 92' lang='lat' dir='ltr'>cui</span> <span class='ocrx_word' id='word_1_85' title='bbox 1338 1028 1610 1082; x_wconf 89' lang='lat' dir='ltr'><strong>Dominus</strong></span> <span class='ocrx_word' id='word_1_86' title='bbox 1656 1026 1765 1080; x_wconf 86' lang='lat' dir='ltr'>ait:</span> <span class='ocrx_word' id='word_1_87' title='bbox 1801 1028 1922 1080; x_wconf 90' lang='lat' dir='ltr'>Tibi</span> 
     </span>
    </p>
   </div>
   <div class='ocr_carea' id='block_1_12' title="bbox 321 1116 1921 1186">
    <p class='ocr_par' dir='ltr' id='par_1_12' title="bbox 321 1116 1921 1186">
     <span class='ocr_line' id='line_1_12' title="bbox 321 1116 1921 1186; baseline -0.001 -17"><span class='ocrx_word' id='word_1_88' title='bbox 321 1118 459 1169; x_wconf 84' lang='lat' dir='ltr'>dabo</span> <span class='ocrx_word' id='word_1_89' title='bbox 480 1119 652 1170; x_wconf 83' lang='lat' dir='ltr'>claves</span> <span class='ocrx_word' id='word_1_90' title='bbox 676 1120 835 1183; x_wconf 77' lang='lat' dir='ltr'>regni</span> <span class='ocrx_word' id='word_1_91' title='bbox 853 1120 1110 1171; x_wconf 67' lang='lat' dir='ltr'>calorum</span> <span class='ocrx_word' id='word_1_92' title='bbox 1143 1116 1609 1184; x_wconf 72' lang='lat' dir='ltr'>/Matth.xv1).Vel</span> <span class='ocrx_word' id='word_1_93' title='bbox 1629 1116 1797 1169; x_wconf 88' lang='lat' dir='ltr'>etiam</span> <span class='ocrx_word' id='word_1_94' title='bbox 1820 1132 1921 1186; x_wconf 89' lang='lat' dir='ltr'>per</span> 
     </span>
    </p>
   </div>
   <div class='ocr_carea' id='block_1_13' title="bbox 322 1202 1923 1274">
    <p class='ocr_par' dir='ltr' id='par_1_13' title="bbox 322 1202 1923 1274">
     <span class='ocr_line' id='line_1_13' title="bbox 322 1202 1923 1274; baseline -0.001 -17"><span class='ocrx_word' id='word_1_95' title='bbox 322 1202 548 1258; x_wconf 90' lang='lat' dir='ltr'>Domini</span> <span class='ocrx_word' id='word_1_96' title='bbox 596 1205 995 1258; x_wconf 79' lang='lat' dir='ltr'>vestimentum</span> <span class='ocrx_word' id='word_1_97' title='bbox 1049 1204 1300 1259; x_wconf 88' lang='lat' dir='ltr'>Ecclesia</span> <span class='ocrx_word' id='word_1_98' title='bbox 1349 1204 1701 1274; x_wconf 81' lang='lat' dir='ltr'>intelligitur,</span> <span class='ocrx_word' id='word_1_99' title='bbox 1754 1220 1923 1274; x_wconf 86' lang='lat' dir='ltr'>quam</span> 
     </span>
    </p>
   </div>
   <div class='ocr_carea' id='block_1_14' title="bbox 324 1293 1924 1364">
    <p class='ocr_par' dir='ltr' id='par_1_14' title="bbox 324 1293 1924 1364">
     <span class='ocr_line' id='line_1_14' title="bbox 324 1293 1924 1364; baseline -0.001 -17"><span class='ocrx_word' id='word_1_100' title='bbox 324 1293 581 1347; x_wconf 84' lang='lat' dir='ltr'><strong>Christus</strong></span> <span class='ocrx_word' id='word_1_101' title='bbox 611 1293 764 1346; x_wconf 87' lang='lat' dir='ltr'>fonte</span> <span class='ocrx_word' id='word_1_102' title='bbox 793 1293 1148 1364; x_wconf 85' lang='lat' dir='ltr'>baptismatis</span> <span class='ocrx_word' id='word_1_103' title='bbox 1167 1293 1364 1358; x_wconf 88' lang='lat' dir='ltr'>abluit,</span> <span class='ocrx_word' id='word_1_104' title='bbox 1403 1305 1459 1347; x_wconf 90' lang='lat' dir='ltr'>et</span> <span class='ocrx_word' id='word_1_105' title='bbox 1486 1310 1599 1347; x_wconf 92' lang='lat' dir='ltr'>non</span> <span class='ocrx_word' id='word_1_106' title='bbox 1622 1293 1924 1346; x_wconf 81' lang='lat' dir='ltr'>habentem</span> 
     </span>
    </p>
   </div>
   <div class='ocr_carea' id='block_1_15' title="bbox 324 1382 1925 1452">
    <p class='ocr_par' dir='ltr' id='par_1_15' title="bbox 324 1382 1925 1452">
     <span class='ocr_line' id='line_1_15' title="bbox 324 1382 1925 1452; baseline 0 -17"><span class='ocrx_word' id='word_1_107' title='bbox 324 1382 604 1435; x_wconf 87' lang='lat' dir='ltr'>maculam</span> <span class='ocrx_word' id='word_1_108' title='bbox 623 1386 722 1435; x_wconf 91' lang='lat' dir='ltr'>aut</span> <span class='ocrx_word' id='word_1_109' title='bbox 740 1398 937 1450; x_wconf 83' lang='lat' dir='ltr'>rugam</span> <span class='ocrx_word' id='word_1_110' title='bbox 955 1382 1059 1435; x_wconf 89' lang='lat' dir='ltr'><strong>sibi</strong></span> <span class='ocrx_word' id='word_1_111' title='bbox 1075 1382 1448 1452; x_wconf 88' lang='lat' dir='ltr'>desponsavit.</span> <span class='ocrx_word' id='word_1_112' title='bbox 1486 1383 1595 1435; x_wconf 93' lang='lat' dir='ltr'>Per</span> <span class='ocrx_word' id='word_1_113' title='bbox 1610 1382 1796 1435; x_wconf 88' lang='lat' dir='ltr'>femur</span> <span class='ocrx_word' id='word_1_114' title='bbox 1824 1397 1925 1435; x_wconf 91' lang='lat' dir='ltr'>au-</span> 
     </span>
    </p>
   </div>
   <div class='ocr_carea' id='block_1_16' title="bbox 325 1469 1924 1541">
    <p class='ocr_par' dir='ltr' id='par_1_16' title="bbox 325 1469 1924 1541">
     <span class='ocr_line' id='line_1_16' title="bbox 325 1469 1924 1541; baseline -0.001 -17"><span class='ocrx_word' id='word_1_115' title='bbox 325 1478 441 1524; x_wconf 87' lang='lat' dir='ltr'>tem</span> <span class='ocrx_word' id='word_1_116' title='bbox 459 1486 653 1523; x_wconf 86' lang='lat' dir='ltr'>omnes</span> <span class='ocrx_word' id='word_1_117' title='bbox 673 1470 1067 1539; x_wconf 90' lang='lat' dir='ltr'>intelliguntur</span> <span class='ocrx_word' id='word_1_118' title='bbox 1086 1469 1411 1533; x_wconf 88' lang='lat' dir='ltr'>Christiani,</span> <span class='ocrx_word' id='word_1_119' title='bbox 1446 1471 1540 1541; x_wconf 89' lang='lat' dir='ltr'>qui</span> <span class='ocrx_word' id='word_1_120' title='bbox 1559 1471 1849 1523; x_wconf 81' lang='lat' dir='ltr'>credentes</span> <span class='ocrx_word' id='word_1_121' title='bbox 1868 1470 1924 1523; x_wconf 90' lang='lat' dir='ltr'>in</span> 
     </span>
    </p>
   </div>
   <div class='ocr_carea' id='block_1_17' title="bbox 328 1558 1922 1629">
    <p class='ocr_par' dir='ltr' id='par_1_17' title="bbox 328 1558 1922 1629">
     <span class='ocr_line' id='line_1_17' title="bbox 328 1558 1922 1629; baseline -0.002 -16"><span class='ocrx_word' id='word_1_122' title='bbox 328 1558 635 1619; x_wconf 86' lang='lat' dir='ltr'>Christum,</span> <span class='ocrx_word' id='word_1_123' title='bbox 658 1558 789 1612; x_wconf 82' lang='lat' dir='ltr'>facti</span> <span class='ocrx_word' id='word_1_124' title='bbox 817 1564 950 1611; x_wconf 90' lang='lat' dir='ltr'>sunt</span> <span class='ocrx_word' id='word_1_125' title='bbox 980 1559 1082 1612; x_wconf 87' lang='lat' dir='ltr'>ﬁlii</span> <span class='ocrx_word' id='word_1_126' title='bbox 1110 1559 1230 1625; x_wconf 91' lang='lat' dir='ltr'>Dei,</span> <span class='ocrx_word' id='word_1_127' title='bbox 1258 1560 1419 1629; x_wconf 81' lang='lat' dir='ltr'>juxta</span> <span class='ocrx_word' id='word_1_128' title='bbox 1455 1560 1595 1613; x_wconf 85' lang='lat' dir='ltr'>illud</span> <span class='ocrx_word' id='word_1_129' title='bbox 1639 1558 1879 1612; x_wconf 86' lang='lat' dir='ltr'>Joannis</span> <span class='ocrx_word' id='word_1_130' title='bbox 1910 1576 1922 1610; x_wconf 92' lang='lat'>:</span> 
     </span>
    </p>
   </div>
   <div class='ocr_carea' id='block_1_18' title="bbox 329 1649 1927 1716">
    <p class='ocr_par' dir='ltr' id='par_1_18' title="bbox 329 1649 1927 1716">
     <span class='ocr_line' id='line_1_18' title="bbox 329 1649 1927 1716; baseline 0 -16"><span class='ocrx_word' id='word_1_131' title='bbox 329 1649 598 1715; x_wconf 80' lang='lat' dir='ltr'>Quotquot</span> <span class='ocrx_word' id='word_1_132' title='bbox 617 1653 801 1700; x_wconf 86' lang='lat' dir='ltr'>autem</span> <span class='ocrx_word' id='word_1_133' title='bbox 824 1649 1178 1700; x_wconf 81' lang='lat' dir='ltr'>crediderunt</span> <span class='ocrx_word' id='word_1_134' title='bbox 1200 1651 1261 1700; x_wconf 86' lang='lat' dir='ltr'>in</span> <span class='ocrx_word' id='word_1_135' title='bbox 1282 1649 1581 1708; x_wconf 82' lang='lat' dir='ltr'>eum,dedit</span> <span class='ocrx_word' id='word_1_136' title='bbox 1600 1651 1675 1700; x_wconf 87' lang='lat' dir='ltr'>eis</span> <span class='ocrx_word' id='word_1_137' title='bbox 1692 1653 1927 1716; x_wconf 83' lang='lat' dir='ltr'>potesta-</span> 
     </span>
    </p>
   </div>
   <div class='ocr_carea' id='block_1_19' title="bbox 330 1717 1991 1805">
    <p class='ocr_par' dir='ltr' id='par_1_19' title="bbox 330 1717 1991 1805">
     <span class='ocr_line' id='line_1_19' title="bbox 330 1717 1991 1805; baseline 0 -16"><span class='ocrx_word' id='word_1_138' title='bbox 330 1740 437 1789; x_wconf 85' lang='lat' dir='ltr'>tem</span> <span class='ocrx_word' id='word_1_139' title='bbox 462 1738 609 1801; x_wconf 81' lang='lat' dir='ltr'>ﬁlios</span> <span class='ocrx_word' id='word_1_140' title='bbox 633 1737 732 1789; x_wconf 83' lang='lat' dir='ltr'>Dei</span> <span class='ocrx_word' id='word_1_141' title='bbox 755 1739 878 1802; x_wconf 78' lang='lat' dir='ltr'>ﬁeri</span> <span class='ocrx_word' id='word_1_142' title='bbox 900 1738 1083 1805; x_wconf 84' lang='lat' dir='ltr'>(Joan.</span> <span class='ocrx_word' id='word_1_143' title='bbox 1106 1739 1175 1802; x_wconf 84' lang='lat'>1).</span> <span class='ocrx_word' id='word_1_144' title='bbox 1203 1736 1265 1789; x_wconf 87' lang='lat' dir='ltr'>In</span> <span class='ocrx_word' id='word_1_145' title='bbox 1296 1752 1398 1789; x_wconf 94' lang='lat' dir='ltr'>suo</span> <span class='ocrx_word' id='word_1_146' title='bbox 1430 1752 1563 1804; x_wconf 89' lang='lat' dir='ltr'>ergo</span> <span class='ocrx_word' id='word_1_147' title='bbox 1596 1735 1926 1789; x_wconf 90' lang='lat' dir='ltr'>vestimento</span> <span class='ocrx_word' id='word_1_148' title='bbox 1944 1717 1991 1776; x_wconf 82' lang='lat' dir='ltr'><strong>B</strong></span> 
     </span>
    </p>
   </div>
   <div class='ocr_carea' id='block_1_20' title="bbox 332 1823 1928 1885">
    <p class='ocr_par' dir='ltr' id='par_1_20' title="bbox 332 1823 1928 1885">
     <span class='ocr_line' id='line_1_20' title="bbox 332 1823 1928 1885; baseline 0 -8"><span class='ocrx_word' id='word_1_149' title='bbox 332 1829 389 1877; x_wconf 89' lang='lat' dir='ltr'>et</span> <span class='ocrx_word' id='word_1_150' title='bbox 414 1823 470 1877; x_wconf 92' lang='lat' dir='ltr'>in</span> <span class='ocrx_word' id='word_1_151' title='bbox 490 1840 592 1877; x_wconf 92' lang='lat' dir='ltr'>suo</span> <span class='ocrx_word' id='word_1_152' title='bbox 612 1824 845 1885; x_wconf 78' lang='lat' dir='ltr'>femore.</span> <span class='ocrx_word' id='word_1_153' title='bbox 870 1824 974 1877; x_wconf 91' lang='lat' dir='ltr'>hoc</span> <span class='ocrx_word' id='word_1_154' title='bbox 1004 1829 1090 1877; x_wconf 92' lang='lat' dir='ltr'><strong>est</strong></span> <span class='ocrx_word' id='word_1_155' title='bbox 1108 1824 1167 1877; x_wconf 92' lang='lat' dir='ltr'>in</span> <span class='ocrx_word' id='word_1_156' title='bbox 1197 1823 1458 1877; x_wconf 88' lang='lat' dir='ltr'>cordibus</span> <span class='ocrx_word' id='word_1_157' title='bbox 1478 1825 1782 1878; x_wconf 85' lang='lat' dir='ltr'>electorum</span> <span class='ocrx_word' id='word_1_158' title='bbox 1795 1840 1928 1878; x_wconf 85' lang='lat' dir='ltr'><strong>suo-</strong></span> 
     </span>
    </p>
   </div>
   <div class='ocr_carea' id='block_1_21' title="bbox 332 1912 1931 1984">
    <p class='ocr_par' dir='ltr' id='par_1_21' title="bbox 332 1912 1931 1984">
     <span class='ocr_line' id='line_1_21' title="bbox 332 1912 1931 1984; baseline 0.001 -19"><span class='ocrx_word' id='word_1_159' title='bbox 332 1927 483 1977; x_wconf 87' lang='lat' dir='ltr'>rum,</span> <span class='ocrx_word' id='word_1_160' title='bbox 505 1912 676 1967; x_wconf 85' lang='lat' dir='ltr'>habet</span> <span class='ocrx_word' id='word_1_161' title='bbox 706 1913 999 1983; x_wconf 88' lang='lat' dir='ltr'>scriptum,</span> <span class='ocrx_word' id='word_1_162' title='bbox 1035 1913 1183 1984; x_wconf 92' lang='lat' dir='ltr'>quod</span> <span class='ocrx_word' id='word_1_163' title='bbox 1219 1913 1292 1966; x_wconf 88' lang='lat' dir='ltr'>sit</span> <span class='ocrx_word' id='word_1_164' title='bbox 1320 1914 1428 1967; x_wconf 68' lang='lat' dir='ltr'>Rea:</span> <span class='ocrx_word' id='word_1_165' title='bbox 1456 1929 1648 1979; x_wconf 78' lang='lat' dir='ltr'>regum</span> <span class='ocrx_word' id='word_1_166' title='bbox 1671 1918 1718 1966; x_wconf 88' lang='lat' dir='ltr'>et</span> <span class='ocrx_word' id='word_1_167' title='bbox 1750 1915 1931 1967; x_wconf 88' lang='lat' dir='ltr'>Domi-</span> 
     </span>
    </p>
   </div>
   <div class='ocr_carea' id='block_1_22' title="bbox 334 2002 907 2055">
    <p class='ocr_par' dir='ltr' id='par_1_22' title="bbox 334 2002 907 2055">
     <span class='ocr_line' id='line_1_22' title="bbox 334 2002 907 2055; baseline 0 -2"><span class='ocrx_word' id='word_1_168' title='bbox 334 2016 441 2053; x_wconf 85' lang='lat' dir='ltr'>nus</span> <span class='ocrx_word' id='word_1_169' title='bbox 470 2002 907 2055; x_wconf 85' lang='lat' dir='ltr'>dominantium.</span> 
     </span>
    </p>
   </div>
   <div class='ocr_carea' id='block_1_23' title="bbox 405 2089 1928 2159">
    <p class='ocr_par' dir='ltr' id='par_1_23' title="bbox 405 2089 1928 2159">
     <span class='ocr_line' id='line_1_23' title="bbox 405 2089 1928 2159; baseline 0.001 -18"><span class='ocrx_word' id='word_1_170' title='bbox 405 2089 471 2154; x_wconf 82' lang='lat' dir='ltr'>Et</span> <span class='ocrx_word' id='word_1_171' title='bbox 500 2091 617 2142; x_wconf 74' lang='lat' dir='ltr'>ridi</span> <span class='ocrx_word' id='word_1_172' title='bbox 636 2090 812 2144; x_wconf 90' lang='lat' dir='ltr'>alium</span> <span class='ocrx_word' id='word_1_173' title='bbox 858 2094 1122 2158; x_wconf 84' lang='lat' dir='ltr'>angelum</span> <span class='ocrx_word' id='word_1_174' title='bbox 1146 2095 1383 2144; x_wconf 82' lang='lat' dir='ltr'>stantem</span> <span class='ocrx_word' id='word_1_175' title='bbox 1410 2094 1474 2144; x_wconf 87' lang='lat' dir='ltr'>in</span> <span class='ocrx_word' id='word_1_176' title='bbox 1501 2093 1625 2143; x_wconf 84' lang='lat' dir='ltr'>sole.</span> <span class='ocrx_word' id='word_1_177' title='bbox 1661 2090 1928 2159; x_wconf 79' lang='lat' dir='ltr'>Angelus,</span> 
     </span>
    </p>
   </div>
   <div class='ocr_carea' id='block_1_24' title="bbox 331 2177 1930 2248">
    <p class='ocr_par' dir='ltr' id='par_1_24' title="bbox 331 2177 1930 2248">
     <span class='ocr_line' id='line_1_24' title="bbox 331 2177 1930 2248; baseline 0.001 -18"><span class='ocrx_word' id='word_1_178' title='bbox 331 2183 400 2231; x_wconf 87' lang='lat' dir='ltr'>ut</span> <span class='ocrx_word' id='word_1_179' title='bbox 426 2193 570 2245; x_wconf 68' lang='lat' dir='ltr'>saepe</span> <span class='ocrx_word' id='word_1_180' title='bbox 596 2177 807 2231; x_wconf 90' lang='lat' dir='ltr'>dictum</span> <span class='ocrx_word' id='word_1_181' title='bbox 868 2184 972 2240; x_wconf 88' lang='lat' dir='ltr'>est,</span> <span class='ocrx_word' id='word_1_182' title='bbox 1006 2179 1263 2232; x_wconf 90' lang='lat' dir='ltr'>Christus</span> <span class='ocrx_word' id='word_1_183' title='bbox 1318 2178 1672 2248; x_wconf 84' lang='lat' dir='ltr'>intelligitur.</span> <span class='ocrx_word' id='word_1_184' title='bbox 1712 2178 1781 2231; x_wconf 85' lang='lat' dir='ltr'>de</span> <span class='ocrx_word' id='word_1_185' title='bbox 1821 2193 1930 2248; x_wconf 92' lang='lat' dir='ltr'>quo</span> 
     </span>
    </p>
   </div>
   <div class='ocr_carea' id='block_1_25' title="bbox 332 2264 1933 2337">
    <p class='ocr_par' dir='ltr' id='par_1_25' title="bbox 332 2264 1933 2337">
     <span class='ocr_line' id='line_1_25' title="bbox 332 2264 1933 2337; baseline 0.001 -19"><span class='ocrx_word' id='word_1_186' title='bbox 332 2264 616 2335; x_wconf 84' lang='lat' dir='ltr'><strong>Propheta</strong></span> <span class='ocrx_word' id='word_1_187' title='bbox 638 2266 793 2331; x_wconf 88' lang='lat' dir='ltr'>dicit,</span> <span class='ocrx_word' id='word_1_188' title='bbox 826 2266 1045 2320; x_wconf 89' lang='lat' dir='ltr'>vocabit</span> <span class='ocrx_word' id='word_1_189' title='bbox 1072 2283 1277 2321; x_wconf 91' lang='lat' dir='ltr'>nomen</span> <span class='ocrx_word' id='word_1_190' title='bbox 1308 2268 1430 2336; x_wconf 88' lang='lat' dir='ltr'><strong>ejus</strong></span> <span class='ocrx_word' id='word_1_191' title='bbox 1488 2267 1681 2337; x_wconf 88' lang='lat' dir='ltr'>magni</span> <span class='ocrx_word' id='word_1_192' title='bbox 1710 2265 1933 2321; x_wconf 89' lang='lat' dir='ltr'>consilii</span> 
     </span>
    </p>
   </div>
   <div class='ocr_carea' id='block_1_26' title="bbox 335 2354 1933 2427">
    <p class='ocr_par' dir='ltr' id='par_1_26' title="bbox 335 2354 1933 2427">
     <span class='ocr_line' id='line_1_26' title="bbox 335 2354 1933 2427; baseline 0.001 -20"><span class='ocrx_word' id='word_1_193' title='bbox 335 2354 588 2423; x_wconf 82' lang='lat' dir='ltr'>angelus.</span> <span class='ocrx_word' id='word_1_194' title='bbox 623 2355 783 2408; x_wconf 87' lang='lat' dir='ltr'>Alius</span> <span class='ocrx_word' id='word_1_195' title='bbox 818 2361 1007 2409; x_wconf 90' lang='lat' dir='ltr'>autem</span> <span class='ocrx_word' id='word_1_196' title='bbox 1037 2356 1246 2410; x_wconf 90' lang='lat' dir='ltr'>dicitur</span> <span class='ocrx_word' id='word_1_197' title='bbox 1275 2360 1504 2427; x_wconf 91' lang='lat' dir='ltr'>pr0pter</span> <span class='ocrx_word' id='word_1_198' title='bbox 1532 2356 1720 2421; x_wconf 87' lang='lat' dir='ltr'>aliam,</span> <span class='ocrx_word' id='word_1_199' title='bbox 1764 2372 1933 2425; x_wconf 89' lang='lat' dir='ltr'>quam</span> 
     </span>
    </p>
   </div>
   <div class='ocr_carea' id='block_1_27' title="bbox 337 2443 1935 2514">
    <p class='ocr_par' dir='ltr' id='par_1_27' title="bbox 337 2443 1935 2514">
     <span class='ocr_line' id='line_1_27' title="bbox 337 2443 1935 2514; baseline 0.002 -19"><span class='ocrx_word' id='word_1_200' title='bbox 337 2443 584 2496; x_wconf 88' lang='lat' dir='ltr'>ostendit</span> <span class='ocrx_word' id='word_1_201' title='bbox 611 2443 902 2507; x_wconf 87' lang='lat' dir='ltr'>visionem,</span> <span class='ocrx_word' id='word_1_202' title='bbox 935 2461 1001 2498; x_wconf 89' lang='lat' dir='ltr'>eo</span> <span class='ocrx_word' id='word_1_203' title='bbox 1032 2445 1196 2497; x_wconf 90' lang='lat' dir='ltr'>modo</span> <span class='ocrx_word' id='word_1_204' title='bbox 1228 2461 1338 2514; x_wconf 92' lang='lat' dir='ltr'>quo</span> <span class='ocrx_word' id='word_1_205' title='bbox 1358 2449 1415 2497; x_wconf 93' lang='lat' dir='ltr'><strong>et</strong></span> <span class='ocrx_word' id='word_1_206' title='bbox 1441 2445 1699 2514; x_wconf 88' lang='lat' dir='ltr'><strong>superius</strong></span> <span class='ocrx_word' id='word_1_207' title='bbox 1723 2444 1935 2498; x_wconf 91' lang='lat' dir='ltr'>dictum</span> 
     </span>
    </p>
   </div>
   <div class='ocr_carea' id='block_1_28' title="bbox 336 2531 1940 2601">
    <p class='ocr_par' dir='ltr' id='par_1_28' title="bbox 336 2531 1940 2601">
     <span class='ocr_line' id='line_1_28' title="bbox 336 2531 1940 2601; baseline 0.001 -17"><span class='ocrx_word' id='word_1_208' title='bbox 336 2531 583 2601; x_wconf 75' lang='lat' dir='ltr'>est,quia</span> <span class='ocrx_word' id='word_1_209' title='bbox 602 2531 776 2585; x_wconf 86' lang='lat' dir='ltr'>alium</span> <span class='ocrx_word' id='word_1_210' title='bbox 799 2548 921 2585; x_wconf 85' lang='lat' dir='ltr'><strong>esse</strong></span> <span class='ocrx_word' id='word_1_211' title='bbox 941 2531 1176 2585; x_wconf 88' lang='lat' dir='ltr'>dicimus</span> <span class='ocrx_word' id='word_1_212' title='bbox 1194 2532 1500 2597; x_wconf 87' lang='lat' dir='ltr'>hominem,</span> <span class='ocrx_word' id='word_1_213' title='bbox 1520 2532 1763 2600; x_wconf 88' lang='lat' dir='ltr'>priorem</span> <span class='ocrx_word' id='word_1_214' title='bbox 1782 2532 1940 2586; x_wconf 89' lang='lat' dir='ltr'>locu-</span> 
     </span>
    </p>
   </div>
   <div class='ocr_carea' id='block_1_29' title="bbox 338 2619 1940 2690">
    <p class='ocr_par' dir='ltr' id='par_1_29' title="bbox 338 2619 1940 2690">
     <span class='ocr_line' id='line_1_29' title="bbox 338 2619 1940 2690; baseline 0.002 -18"><span class='ocrx_word' id='word_1_215' title='bbox 338 2619 550 2672; x_wconf 87' lang='lat' dir='ltr'>tionem</span> <span class='ocrx_word' id='word_1_216' title='bbox 572 2620 640 2672; x_wconf 89' lang='lat' dir='ltr'>ad</span> <span class='ocrx_word' id='word_1_217' title='bbox 665 2636 765 2673; x_wconf 91' lang='lat' dir='ltr'>nos</span> <span class='ocrx_word' id='word_1_218' title='bbox 783 2620 983 2674; x_wconf 85' lang='lat' dir='ltr'>factam</span> <span class='ocrx_word' id='word_1_219' title='bbox 1009 2621 1547 2690; x_wconf 85' lang='lat' dir='ltr'>permutantem.Sol</span> <span class='ocrx_word' id='word_1_220' title='bbox 1566 2621 1623 2673; x_wconf 90' lang='lat' dir='ltr'>in</span> <span class='ocrx_word' id='word_1_221' title='bbox 1642 2638 1801 2674; x_wconf 88' lang='lat' dir='ltr'>sacro</span> <span class='ocrx_word' id='word_1_222' title='bbox 1823 2621 1940 2675; x_wconf 91' lang='lat' dir='ltr'>elo-</span> 
     </span>
    </p>
   </div>
   <div class='ocr_carea' id='block_1_30' title="bbox 338 2707 1938 2780">
    <p class='ocr_par' dir='ltr' id='par_1_30' title="bbox 338 2707 1938 2780">
     <span class='ocr_line' id='line_1_30' title="bbox 338 2707 1938 2780; baseline 0.002 -19"><span class='ocrx_word' id='word_1_223' title='bbox 338 2708 738 2778; x_wconf 82' lang='lat' dir='ltr'>quio-diversas</span> <span class='ocrx_word' id='word_1_224' title='bbox 769 2707 940 2762; x_wconf 87' lang='lat' dir='ltr'><strong>habet</strong></span> <span class='ocrx_word' id='word_1_225' title='bbox 963 2710 1416 2778; x_wconf 83' lang='lat' dir='ltr'>signiﬁcationes.</span> <span class='ocrx_word' id='word_1_226' title='bbox 1442 2709 1757 2780; x_wconf 87' lang='lat' dir='ltr'>Aliquando</span> <span class='ocrx_word' id='word_1_227' title='bbox 1789 2711 1938 2764; x_wconf 91' lang='lat' dir='ltr'>enim</span> 
     </span>
    </p>
   </div>
   <div class='ocr_carea' id='block_1_31' title="bbox 339 2798 1939 2869">
    <p class='ocr_par' dir='ltr' id='par_1_31' title="bbox 339 2798 1939 2869">
     <span class='ocr_line' id='line_1_31' title="bbox 339 2798 1939 2869; baseline 0.003 -19"><span class='ocrx_word' id='word_1_228' title='bbox 339 2798 811 2868; x_wconf 77' lang='lat' dir='ltr'>significatipsum</span> <span class='ocrx_word' id='word_1_229' title='bbox 826 2798 1308 2863; x_wconf 87' lang='lat' dir='ltr'>Dominum,unde</span> <span class='ocrx_word' id='word_1_230' title='bbox 1328 2799 1600 2869; x_wconf 88' lang='lat' dir='ltr'>scriptum</span> <span class='ocrx_word' id='word_1_231' title='bbox 1628 2804 1714 2854; x_wconf 87' lang='lat' dir='ltr'>est</span> <span class='ocrx_word' id='word_1_232' title='bbox 1736 2813 1747 2847; x_wconf 76' lang='grc' dir='ltr'>ε</span> <span class='ocrx_word' id='word_1_233' title='bbox 1792 2800 1939 2854; x_wconf 80' lang='lat' dir='ltr'>Vobis</span> 
     </span>
    </p>
   </div>
   <div class='ocr_carea' id='block_1_32' title="bbox 341 2888 1937 2957">
    <p class='ocr_par' dir='ltr' id='par_1_32' title="bbox 341 2888 1937 2957">
     <span class='ocr_line' id='line_1_32' title="bbox 341 2888 1937 2957; baseline 0.003 -16"><span class='ocrx_word' id='word_1_234' title='bbox 341 2888 662 2941; x_wconf 74' lang='lat' dir='ltr'>timentibus</span> <span class='ocrx_word' id='word_1_235' title='bbox 680 2903 878 2940; x_wconf 85' lang='lat' dir='ltr'>nomen</span> <span class='ocrx_word' id='word_1_236' title='bbox 895 2904 1077 2940; x_wconf 88' lang='lat' dir='ltr'>meum</span> <span class='ocrx_word' id='word_1_237' title='bbox 1102 2890 1315 2940; x_wconf 79' lang='lat' dir='ltr'>orietur</span> <span class='ocrx_word' id='word_1_238' title='bbox 1335 2890 1414 2940; x_wconf 87' lang='lat' dir='ltr'>sol</span> <span class='ocrx_word' id='word_1_239' title='bbox 1418 2891 1660 2955; x_wconf 73' lang='lat' dir='ltr'>justitiae</span> <span class='ocrx_word' id='word_1_240' title='bbox 1678 2889 1816 2950; x_wconf 81' lang='lat' dir='ltr'>(Mal</span> <span class='ocrx_word' id='word_1_241' title='bbox 1825 2892 1911 2957; x_wconf 82' lang='lat' dir='ltr'>.iv)</span> <span class='ocrx_word' id='word_1_242' title='bbox 1924 2931 1937 2945; x_wconf 93' lang='lat'>.</span> 
     </span>
    </p>
   </div>
   <div class='ocr_carea' id='block_1_33' title="bbox 338 2975 1941 3046">
    <p class='ocr_par' dir='ltr' id='par_1_33' title="bbox 338 2975 1941 3046">
     <span class='ocr_line' id='line_1_33' title="bbox 338 2975 1941 3046; baseline 0.001 -17"><span class='ocrx_word' id='word_1_243' title='bbox 338 2975 656 3045; x_wconf 88' lang='lat' dir='ltr'>Aliquando</span> <span class='ocrx_word' id='word_1_244' title='bbox 671 2976 1094 3029; x_wconf 88' lang='lat' dir='ltr'>tribulationem</span> <span class='ocrx_word' id='word_1_245' title='bbox 1110 2976 1653 3046; x_wconf 84' lang='lat' dir='ltr'>persecutionum.ut</span> <span class='ocrx_word' id='word_1_246' title='bbox 1670 2978 1941 3031; x_wconf 90' lang='lat' dir='ltr'>Dominus</span> 
     </span>
    </p>
   </div>
   <div class='ocr_carea' id='block_1_34' title="bbox 1998 478 3592 549">
    <p class='ocr_par' dir='ltr' id='par_1_34' title="bbox 1998 478 3592 549">
     <span class='ocr_line' id='line_1_34' title="bbox 1998 478 3592 549; baseline -0.012 -2"><span class='ocrx_word' id='word_1_247' title='bbox 1998 492 2242 547; x_wconf 81' lang='lat' dir='ltr'><strong>surrexit</strong></span> <span class='ocrx_word' id='word_1_248' title='bbox 2266 506 2300 542; x_wconf 88' lang='lat' dir='ltr'>a</span> <span class='ocrx_word' id='word_1_249' title='bbox 2328 487 2587 549; x_wconf 89' lang='lat' dir='ltr'>mortuis,</span> <span class='ocrx_word' id='word_1_250' title='bbox 2624 484 2802 537; x_wconf 84' lang='lat' dir='ltr'>factus</span> <span class='ocrx_word' id='word_1_251' title='bbox 2846 486 2931 535; x_wconf 91' lang='lat' dir='ltr'>est</span> <span class='ocrx_word' id='word_1_252' title='bbox 2959 479 3128 533; x_wconf 88' lang='lat' dir='ltr'>arbor</span> <span class='ocrx_word' id='word_1_253' title='bbox 3153 493 3379 546; x_wconf 84' lang='lat' dir='ltr'>magna,</span> <span class='ocrx_word' id='word_1_254' title='bbox 3411 478 3491 529; x_wconf 88' lang='lat' dir='ltr'>ita</span> <span class='ocrx_word' id='word_1_255' title='bbox 3526 481 3592 529; x_wconf 89' lang='lat' dir='ltr'>ut</span> 
     </span>
    </p>
   </div>
   <div class='ocr_carea' id='block_1_35' title="bbox 1998 566 3592 647">
    <p class='ocr_par' dir='ltr' id='par_1_35' title="bbox 1998 566 3592 647">
     <span class='ocr_line' id='line_1_35' title="bbox 1998 566 3592 647; baseline -0.011 -13"><span class='ocrx_word' id='word_1_256' title='bbox 1998 581 2058 634; x_wconf 91' lang='lat' dir='ltr'>in</span> <span class='ocrx_word' id='word_1_257' title='bbox 2089 580 2262 633; x_wconf 90' lang='lat' dir='ltr'>ramis</span> <span class='ocrx_word' id='word_1_258' title='bbox 2288 580 2426 647; x_wconf 87' lang='lat' dir='ltr'>ejus,</span> <span class='ocrx_word' id='word_1_259' title='bbox 2450 576 2554 629; x_wconf 92' lang='lat' dir='ltr'>hoc</span> <span class='ocrx_word' id='word_1_260' title='bbox 2569 580 2656 628; x_wconf 91' lang='lat' dir='ltr'>est</span> <span class='ocrx_word' id='word_1_261' title='bbox 2686 574 2742 626; x_wconf 93' lang='lat' dir='ltr'>in</span> <span class='ocrx_word' id='word_1_262' title='bbox 2764 570 3031 625; x_wconf 89' lang='lat' dir='ltr'>doctrinis</span> <span class='ocrx_word' id='word_1_263' title='bbox 3070 566 3434 635; x_wconf 87' lang='lat' dir='ltr'>Evangelicis,</span> <span class='ocrx_word' id='word_1_264' title='bbox 3467 580 3592 617; x_wconf 86' lang='lat' dir='ltr'>aves</span> 
     </span>
    </p>
   </div>
   <div class='ocr_carea' id='block_1_36' title="bbox 2001 653 3593 728">
    <p class='ocr_par' dir='ltr' id='par_1_36' title="bbox 2001 653 3593 728">
     <span class='ocr_line' id='line_1_36' title="bbox 2001 653 3593 728; baseline -0.013 -4"><span class='ocrx_word' id='word_1_265' title='bbox 2001 670 2125 724; x_wconf 71' lang='lat' dir='ltr'>coeli</span> <span class='ocrx_word' id='word_1_266' title='bbox 2148 667 2420 727; x_wconf 85' lang='lat' dir='ltr'>habitent,</span> <span class='ocrx_word' id='word_1_267' title='bbox 2440 665 2495 717; x_wconf 90' lang='lat' dir='ltr'>id</span> <span class='ocrx_word' id='word_1_268' title='bbox 2517 669 2601 717; x_wconf 88' lang='lat' dir='ltr'>est</span> <span class='ocrx_word' id='word_1_269' title='bbox 2630 661 2809 715; x_wconf 88' lang='lat' dir='ltr'>sancti</span> <span class='ocrx_word' id='word_1_270' title='bbox 2837 659 3208 728; x_wconf 83' lang='lat' dir='ltr'>requiescant.</span> <span class='ocrx_word' id='word_1_271' title='bbox 3253 655 3360 718; x_wconf 89' lang='lat' dir='ltr'>Qui</span> <span class='ocrx_word' id='word_1_272' title='bbox 3388 653 3593 707; x_wconf 87' lang='lat' dir='ltr'>idcirco</span> 
     </span>
    </p>
   </div>
   <div class='ocr_carea' id='block_1_37' title="bbox 2001 742 3597 825">
    <p class='ocr_par' dir='ltr' id='par_1_37' title="bbox 2001 742 3597 825">
     <span class='ocr_line' id='line_1_37' title="bbox 2001 742 3597 825; baseline -0.013 -12"><span class='ocrx_word' id='word_1_273' title='bbox 2001 775 2129 813; x_wconf 87' lang='lat' dir='ltr'>aves</span> <span class='ocrx_word' id='word_1_274' title='bbox 2159 756 2281 812; x_wconf 78' lang='lat' dir='ltr'>coeli</span> <span class='ocrx_word' id='word_1_275' title='bbox 2311 754 2685 825; x_wconf 82' lang='lat' dir='ltr'>appellantur,</span> <span class='ocrx_word' id='word_1_276' title='bbox 2719 749 2983 820; x_wconf 89' lang='lat' dir='ltr'>quoniam</span> <span class='ocrx_word' id='word_1_277' title='bbox 3014 752 3203 799; x_wconf 86' lang='lat' dir='ltr'>mente</span> <span class='ocrx_word' id='word_1_278' title='bbox 3219 742 3468 797; x_wconf 69' lang='lat' dir='ltr'>cmlestia</span> <span class='ocrx_word' id='word_1_279' title='bbox 3496 758 3597 811; x_wconf 86' lang='lat' dir='ltr'>pe-</span> 
     </span>
    </p>
   </div>
   <div class='ocr_carea' id='block_1_38' title="bbox 2001 835 3597 913">
    <p class='ocr_par' dir='ltr' id='par_1_38' title="bbox 2001 835 3597 913">
     <span class='ocr_line' id='line_1_38' title="bbox 2001 835 3597 913; baseline -0.013 -11"><span class='ocrx_word' id='word_1_280' title='bbox 2001 853 2147 902; x_wconf 90' lang='lat' dir='ltr'>tunt.</span> <span class='ocrx_word' id='word_1_281' title='bbox 2178 852 2243 899; x_wconf 89' lang='lat' dir='ltr'>ut</span> <span class='ocrx_word' id='word_1_282' title='bbox 2273 860 2398 899; x_wconf 91' lang='lat' dir='ltr'>cum</span> <span class='ocrx_word' id='word_1_283' title='bbox 2425 841 2693 913; x_wconf 88' lang='lat' dir='ltr'>Apostolo</span> <span class='ocrx_word' id='word_1_284' title='bbox 2720 840 2906 892; x_wconf 90' lang='lat' dir='ltr'>dicere</span> <span class='ocrx_word' id='word_1_285' title='bbox 2936 835 3187 907; x_wconf 84' lang='lat' dir='ltr'>possint:</span> <span class='ocrx_word' id='word_1_286' title='bbox 3222 835 3427 887; x_wconf 84' lang='lat' dir='ltr'>Nostra</span> <span class='ocrx_word' id='word_1_287' title='bbox 3466 845 3597 883; x_wconf 88' lang='lat' dir='ltr'>con-</span> 
     </span>
    </p>
   </div>
   <div class='ocr_carea' id='block_1_39' title="bbox 2000 917 3600 1001">
    <p class='ocr_par' dir='ltr' id='par_1_39' title="bbox 2000 917 3600 1001">
     <span class='ocr_line' id='line_1_39' title="bbox 2000 917 3600 1001; baseline -0.013 -11"><span class='ocrx_word' id='word_1_288' title='bbox 2000 938 2236 990; x_wconf 74' lang='lat' dir='ltr'>versatio</span> <span class='ocrx_word' id='word_1_289' title='bbox 2250 937 2309 987; x_wconf 87' lang='lat' dir='ltr'>in</span> <span class='ocrx_word' id='word_1_290' title='bbox 2324 935 2464 986; x_wconf 74' lang='lat' dir='ltr'>ca&#39;lis</span> <span class='ocrx_word' id='word_1_291' title='bbox 2486 936 2560 983; x_wconf 84' lang='lat' dir='ltr'>est</span> <span class='ocrx_word' id='word_1_292' title='bbox 2584 930 2809 1001; x_wconf 71' lang='lat' dir='ltr'>(Phitip.</span> <span class='ocrx_word' id='word_1_293' title='bbox 2834 924 2941 995; x_wconf 81' lang='grc' dir='ltr'>ῐιι).</span> <span class='ocrx_word' id='word_1_294' title='bbox 2974 926 3117 977; x_wconf 87' lang='lat' dir='ltr'>Aves</span> <span class='ocrx_word' id='word_1_295' title='bbox 3146 922 3335 991; x_wconf 88' lang='lat' dir='ltr'>itaque</span> <span class='ocrx_word' id='word_1_296' title='bbox 3352 917 3600 990; x_wconf 90' lang='lat' dir='ltr'>appellat</span> 
     </span>
    </p>
   </div>
   <div class='ocr_carea' id='block_1_40' title="bbox 2001 1011 3601 1087">
    <p class='ocr_par' dir='ltr' id='par_1_40' title="bbox 2001 1011 3601 1087">
     <span class='ocr_line' id='line_1_40' title="bbox 2001 1011 3601 1087; baseline -0.013 -7"><span class='ocrx_word' id='word_1_297' title='bbox 2001 1030 2225 1080; x_wconf 88' lang='lat' dir='ltr'>sanctos</span> <span class='ocrx_word' id='word_1_298' title='bbox 2256 1023 2313 1076; x_wconf 91' lang='lat' dir='ltr'>in</span> <span class='ocrx_word' id='word_1_299' title='bbox 2341 1020 2553 1075; x_wconf 81' lang='lat' dir='ltr'>caelesti</span> <span class='ocrx_word' id='word_1_300' title='bbox 2582 1019 2697 1072; x_wconf 89' lang='lat' dir='ltr'>vita</span> <span class='ocrx_word' id='word_1_301' title='bbox 2726 1017 3013 1087; x_wconf 83' lang='lat' dir='ltr'>degentes.</span> <span class='ocrx_word' id='word_1_302' title='bbox 3042 1014 3176 1077; x_wconf 67' lang='lat' dir='ltr'>Quae</span> <span class='ocrx_word' id='word_1_303' title='bbox 3204 1011 3347 1065; x_wconf 90' lang='lat' dir='ltr'>bene</span> <span class='ocrx_word' id='word_1_304' title='bbox 3368 1024 3469 1083; x_wconf 80' lang='lat' dir='ltr'>per</span> <span class='ocrx_word' id='word_1_305' title='bbox 3487 1023 3601 1060; x_wconf 80' lang='lat' dir='ltr'>me-</span> 
     </span>
    </p>
   </div>
   <div class='ocr_carea' id='block_1_41' title="bbox 2000 1095 3599 1174">
    <p class='ocr_par' dir='ltr' id='par_1_41' title="bbox 2000 1095 3599 1174">
     <span class='ocr_line' id='line_1_41' title="bbox 2000 1095 3599 1174; baseline -0.013 -6"><span class='ocrx_word' id='word_1_306' title='bbox 2000 1115 2156 1168; x_wconf 87' lang='lat' dir='ltr'>dium</span> <span class='ocrx_word' id='word_1_307' title='bbox 2187 1112 2386 1164; x_wconf 68' lang='lat' dir='ltr'>cwlum</span> <span class='ocrx_word' id='word_1_308' title='bbox 2422 1110 2608 1163; x_wconf 87' lang='lat' dir='ltr'>volare</span> <span class='ocrx_word' id='word_1_309' title='bbox 2635 1107 2918 1169; x_wconf 88' lang='lat' dir='ltr'>dicuntur,</span> <span class='ocrx_word' id='word_1_310' title='bbox 2939 1103 3205 1174; x_wconf 89' lang='lat' dir='ltr'>quoniam</span> <span class='ocrx_word' id='word_1_311' title='bbox 3234 1115 3347 1153; x_wconf 89' lang='lat' dir='ltr'>non</span> <span class='ocrx_word' id='word_1_312' title='bbox 3360 1095 3599 1152; x_wconf 81' lang='lat' dir='ltr'>terrenis</span> 
     </span>
    </p>
   </div>
   <div class='ocr_carea' id='block_1_42' title="bbox 2005 1186 3603 1259">
    <p class='ocr_par' dir='ltr' id='par_1_42' title="bbox 2005 1186 3603 1259">
     <span class='ocr_line' id='line_1_42' title="bbox 2005 1186 3603 1259; baseline -0.011 -4"><span class='ocrx_word' id='word_1_313' title='bbox 2005 1202 2173 1255; x_wconf 91' lang='lat' dir='ltr'>rebus</span> <span class='ocrx_word' id='word_1_314' title='bbox 2197 1200 2492 1259; x_wconf 74' lang='lat' dir='ltr'>inhaerent,</span> <span class='ocrx_word' id='word_1_315' title='bbox 2525 1196 2620 1250; x_wconf 85' lang='lat' dir='ltr'>sed</span> <span class='ocrx_word' id='word_1_316' title='bbox 2647 1200 2857 1259; x_wconf 89' lang='lat' dir='ltr'>mente,</span> <span class='ocrx_word' id='word_1_317' title='bbox 2887 1200 2951 1247; x_wconf 95' lang='lat' dir='ltr'><strong>ut</strong></span> <span class='ocrx_word' id='word_1_318' title='bbox 2978 1192 3186 1245; x_wconf 91' lang='lat' dir='ltr'>dictum</span> <span class='ocrx_word' id='word_1_319' title='bbox 3217 1194 3320 1252; x_wconf 89' lang='lat' dir='ltr'>est,</span> <span class='ocrx_word' id='word_1_320' title='bbox 3354 1186 3603 1241; x_wconf 72' lang='lat' dir='ltr'>coelestia</span> 
     </span>
    </p>
   </div>
   <div class='ocr_carea' id='block_1_43' title="bbox 2005 1274 3604 1361">
    <p class='ocr_par' dir='ltr' id='par_1_43' title="bbox 2005 1274 3604 1361">
     <span class='ocr_line' id='line_1_43' title="bbox 2005 1274 3604 1361; baseline -0.013 -17"><span class='ocrx_word' id='word_1_321' title='bbox 2005 1294 2224 1361; x_wconf 81' lang='lat' dir='ltr'>petunt,</span> <span class='ocrx_word' id='word_1_322' title='bbox 2252 1293 2309 1340; x_wconf 92' lang='lat' dir='ltr'>et</span> <span class='ocrx_word' id='word_1_323' title='bbox 2363 1285 2573 1354; x_wconf 91' lang='lat' dir='ltr'>ubique</span> <span class='ocrx_word' id='word_1_324' title='bbox 2603 1280 2955 1354; x_wconf 62' lang='lat' dir='ltr'>praedicando</span> <span class='ocrx_word' id='word_1_325' title='bbox 2985 1280 3326 1333; x_wconf 90' lang='lat' dir='ltr'>discurrunt.</span> <span class='ocrx_word' id='word_1_326' title='bbox 3374 1274 3493 1327; x_wconf 89' lang='lat' dir='ltr'>Hoc</span> <span class='ocrx_word' id='word_1_327' title='bbox 3518 1276 3604 1325; x_wconf 92' lang='lat' dir='ltr'>est</span> 
     </span>
    </p>
   </div>
   <div class='ocr_carea' id='block_1_44' title="bbox 2006 1361 3605 1448">
    <p class='ocr_par' dir='ltr' id='par_1_44' title="bbox 2006 1361 3605 1448">
     <span class='ocr_line' id='line_1_44' title="bbox 2006 1361 3605 1448; baseline -0.012 -17"><span class='ocrx_word' id='word_1_328' title='bbox 2006 1378 2154 1448; x_wconf 89' lang='lat' dir='ltr'>quod</span> <span class='ocrx_word' id='word_1_329' title='bbox 2177 1376 2313 1429; x_wconf 90' lang='lat' dir='ltr'>dicit</span> <span class='ocrx_word' id='word_1_330' title='bbox 2326 1390 2423 1443; x_wconf 84' lang='lat' dir='ltr'>per</span> <span class='ocrx_word' id='word_1_331' title='bbox 2442 1374 2590 1425; x_wconf 82' lang='lat' dir='ltr'>medi</span> <span class='ocrx_word' id='word_1_332' title='bbox 2594 1388 2689 1425; x_wconf 87' lang='lat' dir='ltr'>um</span> <span class='ocrx_word' id='word_1_333' title='bbox 2706 1372 2919 1432; x_wconf 70' lang='lat' dir='ltr'>calum,</span> <span class='ocrx_word' id='word_1_334' title='bbox 2940 1368 2995 1420; x_wconf 93' lang='lat' dir='ltr'>id</span> <span class='ocrx_word' id='word_1_335' title='bbox 3017 1372 3103 1420; x_wconf 91' lang='lat' dir='ltr'><strong>est</strong></span> <span class='ocrx_word' id='word_1_336' title='bbox 3118 1382 3218 1437; x_wconf 91' lang='lat' dir='ltr'>per</span> <span class='ocrx_word' id='word_1_337' title='bbox 3232 1363 3475 1418; x_wconf 88' lang='lat' dir='ltr'>mediam</span> <span class='ocrx_word' id='word_1_338' title='bbox 3508 1361 3605 1414; x_wconf 56' lang='lat' dir='ltr'>Ec-</span> 
     </span>
    </p>
   </div>
   <div class='ocr_carea' id='block_1_45' title="bbox 2008 1451 3603 1532">
    <p class='ocr_par' dir='ltr' id='par_1_45' title="bbox 2008 1451 3603 1532">
     <span class='ocr_line' id='line_1_45' title="bbox 2008 1451 3603 1532; baseline -0.013 -12"><span class='ocrx_word' id='word_1_339' title='bbox 2008 1466 2253 1520; x_wconf 87' lang='lat' dir='ltr'>clesiam.</span> <span class='ocrx_word' id='word_1_340' title='bbox 2282 1464 2362 1517; x_wconf 91' lang='lat' dir='ltr'>De</span> <span class='ocrx_word' id='word_1_341' title='bbox 2406 1461 2608 1532; x_wconf 88' lang='lat' dir='ltr'>quibus</span> <span class='ocrx_word' id='word_1_342' title='bbox 2631 1458 2808 1513; x_wconf 88' lang='lat' dir='ltr'>Isaias</span> <span class='ocrx_word' id='word_1_343' title='bbox 2828 1456 2992 1511; x_wconf 87' lang='lat' dir='ltr'>dicit:</span> <span class='ocrx_word' id='word_1_344' title='bbox 3013 1457 3119 1522; x_wconf 82' lang='lat' dir='ltr'>Qui</span> <span class='ocrx_word' id='word_1_345' title='bbox 3145 1458 3275 1506; x_wconf 88' lang='lat' dir='ltr'>sunt</span> <span class='ocrx_word' id='word_1_346' title='bbox 3296 1453 3392 1505; x_wconf 89' lang='lat' dir='ltr'>isti</span> <span class='ocrx_word' id='word_1_347' title='bbox 3420 1451 3519 1517; x_wconf 87' lang='lat' dir='ltr'>qui</span> <span class='ocrx_word' id='word_1_348' title='bbox 3542 1453 3603 1501; x_wconf 88' lang='lat' dir='ltr'>ut</span> 
     </span>
    </p>
   </div>
   <div class='ocr_carea' id='block_1_46' title="bbox 2009 1541 3608 1617">
    <p class='ocr_par' dir='ltr' id='par_1_46' title="bbox 2009 1541 3608 1617">
     <span class='ocr_line' id='line_1_46' title="bbox 2009 1541 3608 1617; baseline -0.014 -7"><span class='ocrx_word' id='word_1_349' title='bbox 2009 1558 2177 1610; x_wconf 85' lang='lat' dir='ltr'>nubes</span> <span class='ocrx_word' id='word_1_350' title='bbox 2206 1556 2411 1613; x_wconf 76' lang='lat' dir='ltr'>rotant,</span> <span class='ocrx_word' id='word_1_351' title='bbox 2444 1556 2495 1603; x_wconf 87' lang='lat' dir='ltr'>et</span> <span class='ocrx_word' id='word_1_352' title='bbox 2518 1552 2680 1617; x_wconf 87' lang='lat' dir='ltr'>quasi</span> <span class='ocrx_word' id='word_1_353' title='bbox 2708 1547 2967 1601; x_wconf 67' lang='lat' dir='ltr'>columbae</span> <span class='ocrx_word' id='word_1_354' title='bbox 2993 1546 3067 1598; x_wconf 88' lang='lat' dir='ltr'>ad</span> <span class='ocrx_word' id='word_1_355' title='bbox 3113 1544 3380 1610; x_wconf 81' lang='lat' dir='ltr'>fenestras</span> <span class='ocrx_word' id='word_1_356' title='bbox 3428 1552 3558 1591; x_wconf 88' lang='lat' dir='ltr'>suas</span> <span class='ocrx_word' id='word_1_357' title='bbox 3585 1541 3608 1588; x_wconf 86' lang='lat'><strong><em>?</em></strong></span> 
     </span>
    </p>
   </div>
   <div class='ocr_carea' id='block_1_47' title="bbox 2013 1629 3609 1715">
    <p class='ocr_par' dir='ltr' id='par_1_47' title="bbox 2013 1629 3609 1715">
     <span class='ocr_line' id='line_1_47' title="bbox 2013 1629 3609 1715; baseline -0.013 -17"><span class='ocrx_word' id='word_1_358' title='bbox 2013 1647 2146 1715; x_wconf 87' lang='lat' dir='ltr'>(lsa.</span> <span class='ocrx_word' id='word_1_359' title='bbox 2171 1648 2278 1707; x_wconf 72' lang='grc' dir='ltr'>ωε).</span> <span class='ocrx_word' id='word_1_360' title='bbox 2305 1641 2527 1694; x_wconf 88' lang='lat' dir='ltr'>Clamat</span> <span class='ocrx_word' id='word_1_361' title='bbox 2545 1644 2736 1691; x_wconf 88' lang='lat' dir='ltr'>autem</span> <span class='ocrx_word' id='word_1_362' title='bbox 2777 1635 3012 1704; x_wconf 88' lang='lat' dir='ltr'>angelus</span> <span class='ocrx_word' id='word_1_363' title='bbox 3038 1631 3253 1693; x_wconf 85' lang='lat' dir='ltr'>avibus,</span> <span class='ocrx_word' id='word_1_364' title='bbox 3284 1629 3339 1682; x_wconf 91' lang='lat' dir='ltr'>id</span> <span class='ocrx_word' id='word_1_365' title='bbox 3371 1632 3475 1686; x_wconf 85' lang='lat' dir='ltr'>est,</span> <span class='ocrx_word' id='word_1_366' title='bbox 3507 1639 3609 1695; x_wconf 90' lang='lat' dir='ltr'>per</span> 
     </span>
    </p>
   </div>
   <div class='ocr_carea' id='block_1_48' title="bbox 2010 1716 3610 1798">
    <p class='ocr_par' dir='ltr' id='par_1_48' title="bbox 2010 1716 3610 1798">
     <span class='ocr_line' id='line_1_48' title="bbox 2010 1716 3610 1798; baseline -0.013 -12"><span class='ocrx_word' id='word_1_367' title='bbox 2010 1734 2292 1786; x_wconf 89' lang='lat' dir='ltr'>internam</span> <span class='ocrx_word' id='word_1_368' title='bbox 2322 1727 2750 1798; x_wconf 88' lang='lat' dir='ltr'>inspirationem</span> <span class='ocrx_word' id='word_1_369' title='bbox 2767 1725 3019 1793; x_wconf 82' lang='lat' dir='ltr'>loquitur</span> <span class='ocrx_word' id='word_1_370' title='bbox 3044 1721 3143 1785; x_wconf 90' lang='lat' dir='ltr'>eis,</span> <span class='ocrx_word' id='word_1_371' title='bbox 3167 1719 3360 1772; x_wconf 90' lang='lat' dir='ltr'>dicens</span> <span class='ocrx_word' id='word_1_372' title='bbox 3386 1734 3397 1768; x_wconf 93' lang='lat'>:</span> <span class='ocrx_word' id='word_1_373' title='bbox 3433 1716 3610 1767; x_wconf 80' lang='lat' dir='ltr'>Venite</span> 
     </span>
    </p>
   </div>
   <div class='ocr_carea' id='block_1_49' title="bbox 2012 1807 3613 1886">
    <p class='ocr_par' dir='ltr' id='par_1_49' title="bbox 2012 1807 3613 1886">
     <span class='ocr_line' id='line_1_49' title="bbox 2012 1807 3613 1886; baseline -0.013 -12"><span class='ocrx_word' id='word_1_374' title='bbox 2012 1824 2061 1874; x_wconf 88' lang='lat' dir='ltr'>et</span> <span class='ocrx_word' id='word_1_375' title='bbox 2088 1820 2508 1886; x_wconf 84' lang='lat' dir='ltr'>congregamini</span> <span class='ocrx_word' id='word_1_376' title='bbox 2534 1818 2607 1868; x_wconf 86' lang='lat' dir='ltr'>ad</span> <span class='ocrx_word' id='word_1_377' title='bbox 2626 1829 2833 1869; x_wconf 68' lang='lat' dir='ltr'>caenam</span> <span class='ocrx_word' id='word_1_378' title='bbox 2864 1826 3127 1879; x_wconf 88' lang='lat' dir='ltr'>magnam</span> <span class='ocrx_word' id='word_1_379' title='bbox 3154 1810 3251 1861; x_wconf 86' lang='lat' dir='ltr'>Dei</span> <span class='ocrx_word' id='word_1_380' title='bbox 3277 1807 3613 1871; x_wconf 85' lang='lat' dir='ltr'>omnipoten-</span> 
     </span>
    </p>
   </div>
   <div class='ocr_carea' id='block_1_50' title="bbox 2016 1889 3613 1977">
    <p class='ocr_par' dir='ltr' id='par_1_50' title="bbox 2016 1889 3613 1977">
     <span class='ocr_line' id='line_1_50' title="bbox 2016 1889 3613 1977; baseline -0.013 -16"><span class='ocrx_word' id='word_1_381' title='bbox 2016 1911 2105 1961; x_wconf 88' lang='lat' dir='ltr'>tis.</span> <span class='ocrx_word' id='word_1_382' title='bbox 2133 1907 2276 1971; x_wconf 89' lang='lat' dir='ltr'>Quid</span> <span class='ocrx_word' id='word_1_383' title='bbox 2319 1923 2419 1977; x_wconf 91' lang='lat' dir='ltr'>per</span> <span class='ocrx_word' id='word_1_384' title='bbox 2458 1920 2694 1968; x_wconf 69' lang='lat' dir='ltr'>cmnam,</span> <span class='ocrx_word' id='word_1_385' title='bbox 2746 1901 2857 1955; x_wconf 91' lang='lat' dir='ltr'>nisi</span> <span class='ocrx_word' id='word_1_386' title='bbox 2915 1898 3229 1954; x_wconf 77' lang='lat' dir='ltr'>convivium</span> <span class='ocrx_word' id='word_1_387' title='bbox 3277 1889 3613 1959; x_wconf 84' lang='lat' dir='ltr'>intelligitur</span> 
     </span>
    </p>
   </div>
   <div class='ocr_carea' id='block_1_51' title="bbox 2014 1979 3612 2060">
    <p class='ocr_par' dir='ltr' id='par_1_51' title="bbox 2014 1979 3612 2060">
     <span class='ocr_line' id='line_1_51' title="bbox 2014 1979 3612 2060; baseline -0.014 -9"><span class='ocrx_word' id='word_1_388' title='bbox 2014 2001 2235 2051; x_wconf 82' lang='lat' dir='ltr'>aeternae</span> <span class='ocrx_word' id='word_1_389' title='bbox 2255 1993 2573 2049; x_wconf 84' lang='lat' dir='ltr'>refectionis</span> <span class='ocrx_word' id='word_1_390' title='bbox 2585 1993 2788 2045; x_wconf 77' lang='lat' dir='ltr'>&#39;IVocat</span> <span class='ocrx_word' id='word_1_391' title='bbox 2806 2006 2938 2060; x_wconf 89' lang='lat' dir='ltr'>ergo</span> <span class='ocrx_word' id='word_1_392' title='bbox 2959 2004 3089 2041; x_wconf 88' lang='lat' dir='ltr'>aves</span> <span class='ocrx_word' id='word_1_393' title='bbox 3117 1985 3189 2038; x_wconf 88' lang='lat' dir='ltr'>ad</span> <span class='ocrx_word' id='word_1_394' title='bbox 3208 1979 3508 2044; x_wconf 74' lang='lat' dir='ltr'>coenam,id</span> <span class='ocrx_word' id='word_1_395' title='bbox 3527 1981 3612 2031; x_wconf 88' lang='lat' dir='ltr'>est</span> 
     </span>
    </p>
   </div>
   <div class='ocr_carea' id='block_1_52' title="bbox 2014 2066 3613 2152">
    <p class='ocr_par' dir='ltr' id='par_1_52' title="bbox 2014 2066 3613 2152">
     <span class='ocr_line' id='line_1_52' title="bbox 2014 2066 3613 2152; baseline -0.014 -12"><span class='ocrx_word' id='word_1_396' title='bbox 2014 2102 2209 2140; x_wconf 89' lang='lat' dir='ltr'>omnes</span> <span class='ocrx_word' id='word_1_397' title='bbox 2241 2088 2462 2138; x_wconf 88' lang='lat' dir='ltr'>sanctos</span> <span class='ocrx_word' id='word_1_398' title='bbox 2487 2082 2556 2135; x_wconf 89' lang='lat' dir='ltr'>ad</span> <span class='ocrx_word' id='word_1_399' title='bbox 2588 2081 2783 2152; x_wconf 91' lang='lat' dir='ltr'>epulas</span> <span class='ocrx_word' id='word_1_400' title='bbox 2803 2078 2964 2148; x_wconf 87' lang='lat' dir='ltr'>regni</span> <span class='ocrx_word' id='word_1_401' title='bbox 2988 2073 3229 2137; x_wconf 88' lang='lat' dir='ltr'>venturi,</span> <span class='ocrx_word' id='word_1_402' title='bbox 3254 2071 3445 2125; x_wconf 92' lang='lat' dir='ltr'>dicens</span> <span class='ocrx_word' id='word_1_403' title='bbox 3469 2085 3481 2119; x_wconf 94' lang='lat'>:</span> <span class='ocrx_word' id='word_1_404' title='bbox 3506 2066 3613 2119; x_wconf 86' lang='lat' dir='ltr'>Ve-</span> 
     </span>
    </p>
   </div>
   <div class='ocr_carea' id='block_1_53' title="bbox 2014 2155 3616 2228">
    <p class='ocr_par' dir='ltr' id='par_1_53' title="bbox 2014 2155 3616 2228">
     <span class='ocr_line' id='line_1_53' title="bbox 2014 2155 3616 2228; baseline -0.014 1"><span class='ocrx_word' id='word_1_405' title='bbox 2014 2176 2132 2228; x_wconf 85' lang='lat' dir='ltr'>nite</span> <span class='ocrx_word' id='word_1_406' title='bbox 2159 2172 2435 2228; x_wconf 89' lang='lat' dir='ltr'>credendo</span> <span class='ocrx_word' id='word_1_407' title='bbox 2467 2177 2523 2225; x_wconf 91' lang='lat' dir='ltr'>et</span> <span class='ocrx_word' id='word_1_408' title='bbox 2550 2170 2697 2224; x_wconf 91' lang='lat' dir='ltr'>bona</span> <span class='ocrx_word' id='word_1_409' title='bbox 2749 2166 3024 2222; x_wconf 76' lang='lat' dir='ltr'>faciendo.</span> <span class='ocrx_word' id='word_1_410' title='bbox 3079 2158 3506 2228; x_wconf 80' lang='lat' dir='ltr'>Congregamini</span> <span class='ocrx_word' id='word_1_411' title='bbox 3541 2155 3616 2208; x_wconf 85' lang='lat' dir='ltr'>ad</span> 
     </span>
    </p>
   </div>
   <div class='ocr_carea' id='block_1_54' title="bbox 2014 2252 3615 2328">
    <p class='ocr_par' dir='ltr' id='par_1_54' title="bbox 2014 2252 3615 2328">
     <span class='ocr_line' id='line_1_54' title="bbox 2014 2252 3615 2328; baseline -0.014 -10"><span class='ocrx_word' id='word_1_412' title='bbox 2014 2279 2223 2318; x_wconf 69' lang='lat' dir='ltr'>canam</span> <span class='ocrx_word' id='word_1_413' title='bbox 2259 2264 2349 2315; x_wconf 89' lang='lat' dir='ltr'>Dei</span> <span class='ocrx_word' id='word_1_414' title='bbox 2379 2260 2786 2328; x_wconf 83' lang='lat' dir='ltr'>omnipotentis,</span> <span class='ocrx_word' id='word_1_415' title='bbox 2818 2255 2877 2309; x_wconf 92' lang='lat' dir='ltr'>id</span> <span class='ocrx_word' id='word_1_416' title='bbox 2922 2258 3008 2308; x_wconf 91' lang='lat' dir='ltr'>est</span> <span class='ocrx_word' id='word_1_417' title='bbox 3053 2252 3125 2306; x_wconf 86' lang='lat' dir='ltr'>ad</span> <span class='ocrx_word' id='word_1_418' title='bbox 3153 2260 3452 2304; x_wconf 87' lang='lat' dir='ltr'>commune</span> <span class='ocrx_word' id='word_1_419' title='bbox 3481 2258 3615 2297; x_wconf 88' lang='lat' dir='ltr'>con-</span> 
     </span>
    </p>
   </div>
   <div class='ocr_carea' id='block_1_55' title="bbox 2014 2345 2840 2405">
    <p class='ocr_par' dir='ltr' id='par_1_55' title="bbox 2014 2345 2840 2405">
     <span class='ocr_line' id='line_1_55' title="bbox 2014 2345 2840 2405; baseline -0.007 -1"><span class='ocrx_word' id='word_1_420' title='bbox 2014 2352 2222 2405; x_wconf 86' lang='lat' dir='ltr'>vivium</span> <span class='ocrx_word' id='word_1_421' title='bbox 2251 2356 2474 2404; x_wconf 61' lang='lat' dir='ltr'>internae</span> <span class='ocrx_word' id='word_1_422' title='bbox 2504 2345 2840 2402; x_wconf 89' lang='lat' dir='ltr'>refectionis.</span> 
     </span>
    </p>
   </div>
   <div class='ocr_carea' id='block_1_56' title="bbox 2092 2428 3618 2502">
    <p class='ocr_par' dir='ltr' id='par_1_56' title="bbox 2092 2428 3618 2502">
     <span class='ocr_line' id='line_1_56' title="bbox 2092 2428 3618 2502; baseline -0.011 -9"><span class='ocrx_word' id='word_1_423' title='bbox 2092 2441 2156 2493; x_wconf 86' lang='lat' dir='ltr'>Ut</span> <span class='ocrx_word' id='word_1_424' title='bbox 2184 2440 2528 2492; x_wconf 86' lang='lat' dir='ltr'>manducetis</span> <span class='ocrx_word' id='word_1_425' title='bbox 2553 2452 2744 2491; x_wconf 87' lang='lat' dir='ltr'>carnes</span> <span class='ocrx_word' id='word_1_426' title='bbox 2762 2449 2952 2502; x_wconf 83' lang='lat' dir='ltr'>regum</span> <span class='ocrx_word' id='word_1_427' title='bbox 2971 2437 3017 2485; x_wconf 89' lang='lat' dir='ltr'>et</span> <span class='ocrx_word' id='word_1_428' title='bbox 3039 2445 3232 2484; x_wconf 84' lang='lat' dir='ltr'>carnes</span> <span class='ocrx_word' id='word_1_429' title='bbox 3260 2428 3618 2482; x_wconf 81' lang='lat' dir='ltr'>tribunorum</span> 
     </span>
    </p>
   </div>
   <div class='ocr_carea' id='block_1_57' title="bbox 2021 2512 3620 2593">
    <p class='ocr_par' dir='ltr' id='par_1_57' title="bbox 2021 2512 3620 2593">
     <span class='ocr_line' id='line_1_57' title="bbox 2021 2512 3620 2593; baseline -0.012 -12"><span class='ocrx_word' id='word_1_430' title='bbox 2021 2532 2071 2582; x_wconf 85' lang='lat' dir='ltr'>et</span> <span class='ocrx_word' id='word_1_431' title='bbox 2090 2542 2282 2581; x_wconf 86' lang='lat' dir='ltr'>carnes</span> <span class='ocrx_word' id='word_1_432' title='bbox 2298 2528 2552 2593; x_wconf 81' lang='lat' dir='ltr'>fortium,</span> <span class='ocrx_word' id='word_1_433' title='bbox 2569 2529 2617 2576; x_wconf 83' lang='lat' dir='ltr'>et</span> <span class='ocrx_word' id='word_1_434' title='bbox 2637 2538 2832 2577; x_wconf 82' lang='lat' dir='ltr'>carnes</span> <span class='ocrx_word' id='word_1_435' title='bbox 2853 2534 3140 2589; x_wconf 80' lang='lat' dir='ltr'>equorum,</span> <span class='ocrx_word' id='word_1_436' title='bbox 3158 2521 3207 2568; x_wconf 88' lang='lat' dir='ltr'>et</span> <span class='ocrx_word' id='word_1_437' title='bbox 3220 2515 3527 2568; x_wconf 83' lang='lat' dir='ltr'>sedentium</span> <span class='ocrx_word' id='word_1_438' title='bbox 3555 2512 3620 2562; x_wconf 88' lang='lat' dir='ltr'>in</span> 
     </span>
    </p>
   </div>
   <div class='ocr_carea' id='block_1_58' title="bbox 2022 2600 3620 2682">
    <p class='ocr_par' dir='ltr' id='par_1_58' title="bbox 2022 2600 3620 2682">
     <span class='ocr_line' id='line_1_58' title="bbox 2022 2600 3620 2682; baseline -0.012 -14"><span class='ocrx_word' id='word_1_439' title='bbox 2022 2617 2172 2682; x_wconf 83' lang='lat' dir='ltr'>ipsis.</span> <span class='ocrx_word' id='word_1_440' title='bbox 2191 2614 2336 2667; x_wconf 86' lang='lat' dir='ltr'>Hinc</span> <span class='ocrx_word' id='word_1_441' title='bbox 2358 2618 2442 2666; x_wconf 91' lang='lat' dir='ltr'><strong>est</strong></span> <span class='ocrx_word' id='word_1_442' title='bbox 2473 2612 2622 2682; x_wconf 91' lang='lat' dir='ltr'>quod</span> <span class='ocrx_word' id='word_1_443' title='bbox 2650 2611 2817 2663; x_wconf 89' lang='lat' dir='ltr'>Petro</span> <span class='ocrx_word' id='word_1_444' title='bbox 2837 2607 2974 2661; x_wconf 82' lang='lat' dir='ltr'>dixit</span> <span class='ocrx_word' id='word_1_445' title='bbox 3003 2624 3013 2658; x_wconf 93' lang='lat'>:</span> <span class='ocrx_word' id='word_1_446' title='bbox 3055 2605 3239 2659; x_wconf 85' lang='lat' dir='ltr'>Occide</span> <span class='ocrx_word' id='word_1_447' title='bbox 3262 2607 3309 2655; x_wconf 89' lang='lat' dir='ltr'>et</span> <span class='ocrx_word' id='word_1_448' title='bbox 3341 2600 3620 2653; x_wconf 88' lang='lat' dir='ltr'>manduca</span> 
     </span>
    </p>
   </div>
   <div class='ocr_carea' id='block_1_59' title="bbox 2026 2690 3657 2774">
    <p class='ocr_par' dir='ltr' id='par_1_59' title="bbox 2026 2690 3657 2774">
     <span class='ocr_line' id='line_1_59' title="bbox 2026 2690 3657 2774; baseline -0.014 -14"><span class='ocrx_word' id='word_1_449' title='bbox 2026 2708 2157 2774; x_wconf 82' lang='lat' dir='ltr'>(Act.</span> <span class='ocrx_word' id='word_1_450' title='bbox 2181 2708 2256 2771; x_wconf 83' lang='lat' dir='ltr'>x).</span> <span class='ocrx_word' id='word_1_451' title='bbox 2276 2704 2332 2757; x_wconf 92' lang='lat' dir='ltr'>id</span> <span class='ocrx_word' id='word_1_452' title='bbox 2357 2710 2459 2767; x_wconf 91' lang='lat' dir='ltr'>est,</span> <span class='ocrx_word' id='word_1_453' title='bbox 2480 2701 2668 2756; x_wconf 90' lang='lat' dir='ltr'>occide</span> <span class='ocrx_word' id='word_1_454' title='bbox 2690 2702 2747 2753; x_wconf 92' lang='lat' dir='ltr'>in</span> <span class='ocrx_word' id='word_1_455' title='bbox 2765 2695 3087 2752; x_wconf 90' lang='lat' dir='ltr'>hominibus</span> <span class='ocrx_word' id='word_1_456' title='bbox 3123 2690 3532 2747; x_wconf 86' lang='lat' dir='ltr'>inﬁdelitatem,</span> <span class='ocrx_word' id='word_1_457' title='bbox 3565 2690 3623 2739; x_wconf 91' lang='lat' dir='ltr'>et</span> <span class='ocrx_word' id='word_1_458' title='bbox 3640 2726 3657 2737; x_wconf 89' lang='lat'>.</span> 
     </span>
    </p>
   </div>
   <div class='ocr_carea' id='block_1_60' title="bbox 2020 2778 3717 2864">
    <p class='ocr_par' dir='ltr' id='par_1_60' title="bbox 2020 2778 3717 2864">
     <span class='ocr_line' id='line_1_60' title="bbox 2020 2778 3717 2864; baseline -0.013 -16"><span class='ocrx_word' id='word_1_459' title='bbox 2020 2795 2082 2848; x_wconf 92' lang='lat' dir='ltr'>in</span> <span class='ocrx_word' id='word_1_460' title='bbox 2111 2810 2314 2864; x_wconf 89' lang='lat' dir='ltr'>corpus</span> <span class='ocrx_word' id='word_1_461' title='bbox 2338 2798 2518 2853; x_wconf 85' lang='lat' dir='ltr'>tuum,</span> <span class='ocrx_word' id='word_1_462' title='bbox 2556 2789 2704 2860; x_wconf 94' lang='lat' dir='ltr'>quod</span> <span class='ocrx_word' id='word_1_463' title='bbox 2734 2793 2819 2841; x_wconf 89' lang='lat' dir='ltr'><strong>est</strong></span> <span class='ocrx_word' id='word_1_464' title='bbox 2848 2784 3094 2840; x_wconf 83' lang='lat' dir='ltr'>Ecclesia</span> <span class='ocrx_word' id='word_1_465' title='bbox 3117 2780 3339 2850; x_wconf 88' lang='lat' dir='ltr'>trajice.</span> <span class='ocrx_word' id='word_1_466' title='bbox 3378 2778 3487 2831; x_wconf 90' lang='lat' dir='ltr'>Per</span> <span class='ocrx_word' id='word_1_467' title='bbox 3504 2791 3623 2864; x_wconf 78' lang='lat' dir='ltr'>car-</span> <span class='ocrx_word' id='word_1_468' title='bbox 3710 2778 3717 2785; x_wconf 92' lang='lat'>&#39;</span> 
     </span>
    </p>
   </div>
   <div class='ocr_carea' id='block_1_61' title="bbox 2022 2862 3624 2942">
    <p class='ocr_par' dir='ltr' id='par_1_61' title="bbox 2022 2862 3624 2942">
     <span class='ocr_line' id='line_1_61' title="bbox 2022 2862 3624 2942; baseline -0.014 -5"><span class='ocrx_word' id='word_1_469' title='bbox 2022 2900 2151 2938; x_wconf 90' lang='lat' dir='ltr'>nem</span> <span class='ocrx_word' id='word_1_470' title='bbox 2178 2862 2368 2935; x_wconf 79' lang='lat' dir='ltr'>autem</span> <span class='ocrx_word' id='word_1_471' title='bbox 2390 2881 2447 2934; x_wconf 91' lang='lat' dir='ltr'>in</span> <span class='ocrx_word' id='word_1_472' title='bbox 2478 2880 2584 2933; x_wconf 88' lang='lat' dir='ltr'>hoc</span> <span class='ocrx_word' id='word_1_473' title='bbox 2618 2879 2756 2942; x_wconf 89' lang='lat' dir='ltr'>loco,</span> <span class='ocrx_word' id='word_1_474' title='bbox 2790 2881 2943 2930; x_wconf 92' lang='lat' dir='ltr'>totus</span> <span class='ocrx_word' id='word_1_475' title='bbox 2967 2862 3624 2941; x_wconf 87' lang='lat' dir='ltr'>intelligiturhomo.Ali-</span> 
     </span>
    </p>
   </div>
   <div class='ocr_carea' id='block_1_62' title="bbox 2025 2954 3623 3043">
    <p class='ocr_par' dir='ltr' id='par_1_62' title="bbox 2025 2954 3623 3043">
     <span class='ocr_line' id='line_1_62' title="bbox 2025 2954 3623 3043; baseline -0.014 -16"><span class='ocrx_word' id='word_1_476' title='bbox 2025 2971 2250 3043; x_wconf 87' lang='lat' dir='ltr'>quando</span> <span class='ocrx_word' id='word_1_477' title='bbox 2285 2970 2435 3024; x_wconf 92' lang='lat' dir='ltr'>enim</span> <span class='ocrx_word' id='word_1_478' title='bbox 2466 2969 2524 3022; x_wconf 91' lang='lat' dir='ltr'>in</span> <span class='ocrx_word' id='word_1_479' title='bbox 2556 2966 2979 3037; x_wconf 86' lang='lat' dir='ltr'>Scriptura,per</span> <span class='ocrx_word' id='word_1_480' title='bbox 3007 2961 3259 3015; x_wconf 87' lang='lat' dir='ltr'>animam</span> <span class='ocrx_word' id='word_1_481' title='bbox 3287 2962 3441 3010; x_wconf 87' lang='lat' dir='ltr'>totus</span> <span class='ocrx_word' id='word_1_482' title='bbox 3456 2954 3623 3007; x_wconf 89' lang='lat' dir='ltr'>homo</span> 
     </span>
    </p>
   </div>
   <div class='ocr_carea' id='block_1_63' title="bbox 343 3045 3624 3135">
    <p class='ocr_par' dir='ltr' id='par_1_63' title="bbox 343 3045 3624 3135">
     <span class='ocr_line' id='line_1_63' title="bbox 343 3045 3624 3135; baseline -0.006 -18"><span class='ocrx_word' id='word_1_483' title='bbox 343 3064 480 3117; x_wconf 88' lang='lat' dir='ltr'>dicit</span> <span class='ocrx_word' id='word_1_484' title='bbox 505 3064 573 3117; x_wconf 91' lang='lat' dir='ltr'>de</span> <span class='ocrx_word' id='word_1_485' title='bbox 623 3064 928 3118; x_wconf 90' lang='lat' dir='ltr'>seminibus</span> <span class='ocrx_word' id='word_1_486' title='bbox 958 3081 1080 3133; x_wconf 69' lang='lat' dir='ltr'>quae</span> <span class='ocrx_word' id='word_1_487' title='bbox 1118 3045 1453 3118; x_wconf 83' lang='lat' dir='ltr'>ceciderunt</span> <span class='ocrx_word' id='word_1_488' title='bbox 1480 3082 1648 3135; x_wconf 84' lang='lat' dir='ltr'><strong>super</strong></span> <span class='ocrx_word' id='word_1_489' title='bbox 1696 3071 1939 3135; x_wconf 81' lang='lat' dir='ltr'>petrosa,</span> <span class='ocrx_word' id='word_1_490' title='bbox 1962 3054 2314 3131; x_wconf 85' lang='lat' dir='ltr'>Caccipitur,</span> <span class='ocrx_word' id='word_1_491' title='bbox 2349 3064 2414 3112; x_wconf 92' lang='lat' dir='ltr'>ut</span> <span class='ocrx_word' id='word_1_492' title='bbox 2439 3058 2577 3111; x_wconf 92' lang='lat' dir='ltr'>illud</span> <span class='ocrx_word' id='word_1_493' title='bbox 2614 3075 2626 3109; x_wconf 90' lang='lat'>:</span> <span class='ocrx_word' id='word_1_494' title='bbox 2666 3057 2731 3109; x_wconf 86' lang='lat' dir='ltr'>Et</span> <span class='ocrx_word' id='word_1_495' title='bbox 2759 3054 2960 3107; x_wconf 73' lang='lat' dir='ltr'>videbit</span> <span class='ocrx_word' id='word_1_496' title='bbox 3006 3051 3187 3103; x_wconf 89' lang='lat' dir='ltr'>omnis</span> <span class='ocrx_word' id='word_1_497' title='bbox 3220 3061 3350 3099; x_wconf 79' lang='lat' dir='ltr'>caro</span> <span class='ocrx_word' id='word_1_498' title='bbox 3377 3045 3624 3135; x_wconf 74' lang='lat' dir='ltr'>salutare</span> 
     </span>
    </p>
   </div>
   <div class='ocr_carea' id='block_1_64' title="bbox 344 3151 1941 3222">
    <p class='ocr_par' dir='ltr' id='par_1_64' title="bbox 344 3151 1941 3222">
     <span class='ocr_line' id='line_1_64' title="bbox 344 3151 1941 3222; baseline 0.003 -18"><span class='ocrx_word' id='word_1_499' title='bbox 344 3151 477 3221; x_wconf 88' lang='lat' dir='ltr'>quia</span> <span class='ocrx_word' id='word_1_500' title='bbox 488 3152 700 3205; x_wconf 86' lang='lat' dir='ltr'>oriente</span> <span class='ocrx_word' id='word_1_501' title='bbox 715 3152 832 3205; x_wconf 91' lang='lat' dir='ltr'>sole</span> <span class='ocrx_word' id='word_1_502' title='bbox 851 3153 1573 3222; x_wconf 65' lang='lat' dir='ltr'>aestuaveruntAliquando</span> <span class='ocrx_word' id='word_1_503' title='bbox 1585 3152 1941 3208; x_wconf 84' lang='lat' dir='ltr'>manifestam</span> 
     </span>
    </p>
   </div>
   <div class='ocr_carea' id='block_1_65' title="bbox 340 3240 1945 3311">
    <p class='ocr_par' dir='ltr' id='par_1_65' title="bbox 340 3240 1945 3311">
     <span class='ocr_line' id='line_1_65' title="bbox 340 3240 1945 3311; baseline 0.002 -19"><span class='ocrx_word' id='word_1_504' title='bbox 340 3255 461 3293; x_wconf 90' lang='lat' dir='ltr'>rem</span> <span class='ocrx_word' id='word_1_505' title='bbox 492 3245 557 3292; x_wconf 92' lang='lat' dir='ltr'><strong>ut</strong></span> <span class='ocrx_word' id='word_1_506' title='bbox 582 3240 741 3299; x_wconf 80' lang='lat' dir='ltr'>illud.</span> <span class='ocrx_word' id='word_1_507' title='bbox 771 3240 919 3310; x_wconf 89' lang='lat' dir='ltr'>quod</span> <span class='ocrx_word' id='word_1_508' title='bbox 948 3240 1262 3306; x_wconf 83' lang='lat' dir='ltr'>Nathan,ex</span> <span class='ocrx_word' id='word_1_509' title='bbox 1291 3257 1533 3311; x_wconf 86' lang='lat' dir='ltr'>persona</span> <span class='ocrx_word' id='word_1_510' title='bbox 1552 3242 1775 3296; x_wconf 90' lang='lat' dir='ltr'>Domini</span> <span class='ocrx_word' id='word_1_511' title='bbox 1805 3243 1945 3297; x_wconf 86' lang='lat' dir='ltr'>dixit</span> 
     </span>
    </p>
   </div>
   <div class='ocr_carea' id='block_1_66' title="bbox 344 3328 1941 3398">
    <p class='ocr_par' dir='ltr' id='par_1_66' title="bbox 344 3328 1941 3398">
     <span class='ocr_line' id='line_1_66' title="bbox 344 3328 1941 3398; baseline 0.002 -16"><span class='ocrx_word' id='word_1_512' title='bbox 344 3328 414 3383; x_wconf 84' lang='lat' dir='ltr'>ad</span> <span class='ocrx_word' id='word_1_513' title='bbox 444 3328 655 3382; x_wconf 88' lang='lat' dir='ltr'>David:</span> <span class='ocrx_word' id='word_1_514' title='bbox 696 3330 774 3382; x_wconf 86' lang='lat' dir='ltr'>Tu</span> <span class='ocrx_word' id='word_1_515' title='bbox 806 3331 990 3395; x_wconf 81' lang='lat' dir='ltr'>fecisti</span> <span class='ocrx_word' id='word_1_516' title='bbox 1014 3331 1341 3392; x_wconf 83' lang='lat' dir='ltr'>abscondite,</span> <span class='ocrx_word' id='word_1_517' title='bbox 1382 3347 1474 3395; x_wconf 83' lang='lat' dir='ltr'>ego</span> <span class='ocrx_word' id='word_1_518' title='bbox 1502 3346 1626 3383; x_wconf 77' lang='lat' dir='ltr'>vero</span> <span class='ocrx_word' id='word_1_519' title='bbox 1641 3333 1853 3398; x_wconf 80' lang='lat' dir='ltr'>faciam</span> <span class='ocrx_word' id='word_1_520' title='bbox 1882 3332 1941 3385; x_wconf 93' lang='lat' dir='ltr'>in</span> 
     </span>
    </p>
   </div>
   <div class='ocr_carea' id='block_1_67' title="bbox 345 3417 1942 3489">
    <p class='ocr_par' dir='ltr' id='par_1_67' title="bbox 345 3417 1942 3489">
     <span class='ocr_line' id='line_1_67' title="bbox 345 3417 1942 3489; baseline 0.001 -18"><span class='ocrx_word' id='word_1_521' title='bbox 345 3417 519 3471; x_wconf 86' lang='lat' dir='ltr'>oculis</span> <span class='ocrx_word' id='word_1_522' title='bbox 551 3417 683 3470; x_wconf 91' lang='lat' dir='ltr'>solis</span> <span class='ocrx_word' id='word_1_523' title='bbox 716 3418 883 3486; x_wconf 82' lang='lat' dir='ltr'>hujus</span> <span class='ocrx_word' id='word_1_524' title='bbox 911 3418 1252 3483; x_wconf 67' lang='lat' dir='ltr'>(Illteg.x11:,</span> <span class='ocrx_word' id='word_1_525' title='bbox 1276 3418 1331 3470; x_wconf 88' lang='lat' dir='ltr'>id</span> <span class='ocrx_word' id='word_1_526' title='bbox 1355 3424 1441 3471; x_wconf 90' lang='lat' dir='ltr'>est</span> <span class='ocrx_word' id='word_1_527' title='bbox 1464 3418 1521 3471; x_wconf 91' lang='lat' dir='ltr'>in</span> <span class='ocrx_word' id='word_1_528' title='bbox 1544 3425 1757 3489; x_wconf 81' lang='lat' dir='ltr'>aperto-</span> <span class='ocrx_word' id='word_1_529' title='bbox 1781 3420 1942 3483; x_wconf 88' lang='lat' dir='ltr'>Quod</span> 
     </span>
    </p>
   </div>
   <div class='ocr_carea' id='block_1_68' title="bbox 344 3506 1943 3576">
    <p class='ocr_par' dir='ltr' id='par_1_68' title="bbox 344 3506 1943 3576">
     <span class='ocr_line' id='line_1_68' title="bbox 344 3506 1943 3576; baseline 0.002 -18"><span class='ocrx_word' id='word_1_530' title='bbox 344 3507 785 3576; x_wconf 88' lang='lat' dir='ltr'>tuncimpletum</span> <span class='ocrx_word' id='word_1_531' title='bbox 819 3511 920 3567; x_wconf 87' lang='lat' dir='ltr'>est,</span> <span class='ocrx_word' id='word_1_532' title='bbox 940 3507 1161 3576; x_wconf 90' lang='lat' dir='ltr'>quando</span> <span class='ocrx_word' id='word_1_533' title='bbox 1182 3506 1427 3560; x_wconf 85' lang='lat' dir='ltr'>Absalon</span> <span class='ocrx_word' id='word_1_534' title='bbox 1457 3507 1774 3561; x_wconf 86' lang='lat' dir='ltr'>videntibus</span> <span class='ocrx_word' id='word_1_535' title='bbox 1803 3525 1943 3562; x_wconf 91' lang='lat' dir='ltr'>cun-</span> 
     </span>
    </p>
   </div>
   <div class='ocr_carea' id='block_1_69' title="bbox 348 3593 1946 3664">
    <p class='ocr_par' dir='ltr' id='par_1_69' title="bbox 348 3593 1946 3664">
     <span class='ocr_line' id='line_1_69' title="bbox 348 3593 1946 3664; baseline 0.002 -19"><span class='ocrx_word' id='word_1_536' title='bbox 348 3593 450 3646; x_wconf 83' lang='lat' dir='ltr'>ctis</span> <span class='ocrx_word' id='word_1_537' title='bbox 471 3593 759 3663; x_wconf 85' lang='lat' dir='ltr'>ingressus</span> <span class='ocrx_word' id='word_1_538' title='bbox 779 3600 863 3647; x_wconf 92' lang='lat' dir='ltr'>est</span> <span class='ocrx_word' id='word_1_539' title='bbox 882 3593 951 3647; x_wconf 90' lang='lat' dir='ltr'>ad</span> <span class='ocrx_word' id='word_1_540' title='bbox 978 3610 1178 3648; x_wconf 85' lang='lat' dir='ltr'>uxores</span> <span class='ocrx_word' id='word_1_541' title='bbox 1199 3594 1373 3664; x_wconf 86' lang='lat' dir='ltr'>patris</span> <span class='ocrx_word' id='word_1_542' title='bbox 1385 3594 1470 3647; x_wconf 88' lang='lat' dir='ltr'>sui</span> <span class='ocrx_word' id='word_1_543' title='bbox 1486 3638 1498 3650; x_wconf 93' lang='lat'>.</span> <span class='ocrx_word' id='word_1_544' title='bbox 1539 3595 1605 3647; x_wconf 89' lang='lat' dir='ltr'>Et</span> <span class='ocrx_word' id='word_1_545' title='bbox 1644 3594 1946 3648; x_wconf 86' lang='lat' dir='ltr'>Psalmista</span> 
     </span>
    </p>
   </div>
   <div class='ocr_carea' id='block_1_70' title="bbox 347 3672 1946 3749">
    <p class='ocr_par' dir='ltr' id='par_1_70' title="bbox 347 3672 1946 3749">
     <span class='ocr_line' id='line_1_70' title="bbox 347 3672 1946 3749; baseline 0.001 -14"><span class='ocrx_word' id='word_1_546' title='bbox 347 3683 405 3735; x_wconf 93' lang='lat' dir='ltr'>in</span> <span class='ocrx_word' id='word_1_547' title='bbox 432 3682 626 3735; x_wconf 88' lang='lat' dir='ltr'>eodem</span> <span class='ocrx_word' id='word_1_548' title='bbox 662 3698 832 3735; x_wconf 88' lang='lat' dir='ltr'>sensu</span> <span class='ocrx_word' id='word_1_549' title='bbox 855 3682 992 3735; x_wconf 90' lang='lat' dir='ltr'>dicit</span> <span class='ocrx_word' id='word_1_550' title='bbox 1022 3701 1034 3734; x_wconf 87' lang='lat'>:</span> <span class='ocrx_word' id='word_1_551' title='bbox 1071 3684 1138 3736; x_wconf 89' lang='lat' dir='ltr'>In</span> <span class='ocrx_word' id='word_1_552' title='bbox 1182 3685 1289 3735; x_wconf 88' lang='lat' dir='ltr'>sole</span> <span class='ocrx_word' id='word_1_553' title='bbox 1315 3686 1493 3749; x_wconf 80' lang='lat' dir='ltr'>posuit</span> <span class='ocrx_word' id='word_1_554' title='bbox 1526 3672 1946 3736; x_wconf 76' lang='lat' dir='ltr'>tabernaculum</span> 
     </span>
    </p>
   </div>
   <div class='ocr_carea' id='block_1_71' title="bbox 348 3770 1948 3840">
    <p class='ocr_par' dir='ltr' id='par_1_71' title="bbox 348 3770 1948 3840">
     <span class='ocr_line' id='line_1_71' title="bbox 348 3770 1948 3840; baseline 0.001 -18"><span class='ocrx_word' id='word_1_555' title='bbox 348 3786 512 3823; x_wconf 88' lang='lat' dir='ltr'>suum</span> <span class='ocrx_word' id='word_1_556' title='bbox 546 3773 708 3837; x_wconf 85' lang='lat' dir='ltr'>(Psal.</span> <span class='ocrx_word' id='word_1_557' title='bbox 740 3771 920 3840; x_wconf 83' lang='lat' dir='ltr'>xvnl).</span> <span class='ocrx_word' id='word_1_558' title='bbox 950 3772 1030 3823; x_wconf 88' lang='lat' dir='ltr'>Ac</span> <span class='ocrx_word' id='word_1_559' title='bbox 1087 3771 1132 3824; x_wconf 90' lang='lat' dir='ltr'>si</span> <span class='ocrx_word' id='word_1_560' title='bbox 1176 3771 1405 3833; x_wconf 83' lang='lat' dir='ltr'>diceret,</span> <span class='ocrx_word' id='word_1_561' title='bbox 1456 3770 1827 3823; x_wconf 83' lang='lat' dir='ltr'>humanitatis</span> <span class='ocrx_word' id='word_1_562' title='bbox 1863 3785 1948 3824; x_wconf 82' lang='lat' dir='ltr'>as-</span> 
     </span>
    </p>
   </div>
   <div class='ocr_carea' id='block_1_72' title="bbox 350 3857 1949 3928">
    <p class='ocr_par' dir='ltr' id='par_1_72' title="bbox 350 3857 1949 3928">
     <span class='ocr_line' id='line_1_72' title="bbox 350 3857 1949 3928; baseline -0.001 -16"><span class='ocrx_word' id='word_1_563' title='bbox 350 3864 588 3928; x_wconf 73' lang='lat' dir='ltr'>sumpta:</span> <span class='ocrx_word' id='word_1_564' title='bbox 614 3864 1032 3912; x_wconf 85' lang='lat' dir='ltr'>sacramentum</span> <span class='ocrx_word' id='word_1_565' title='bbox 1089 3857 1147 3911; x_wconf 87' lang='lat' dir='ltr'>in</span> <span class='ocrx_word' id='word_1_566' title='bbox 1196 3858 1411 3911; x_wconf 89' lang='lat' dir='ltr'>lumine</span> <span class='ocrx_word' id='word_1_567' title='bbox 1477 3857 1949 3911; x_wconf 84' lang='lat' dir='ltr'>manifestationis</span> 
     </span>
    </p>
   </div>
   <div class='ocr_carea' id='block_1_73' title="bbox 350 3946 1951 4016">
    <p class='ocr_par' dir='ltr' id='par_1_73' title="bbox 350 3946 1951 4016">
     <span class='ocr_line' id='line_1_73' title="bbox 350 3946 1951 4016; baseline 0 -16"><span class='ocrx_word' id='word_1_568' title='bbox 350 3948 616 4003; x_wconf 86' lang='lat' dir='ltr'>ostendit.</span> <span class='ocrx_word' id='word_1_569' title='bbox 649 3946 740 4001; x_wconf 89' lang='lat' dir='ltr'>Ita</span> <span class='ocrx_word' id='word_1_570' title='bbox 768 3964 900 4016; x_wconf 90' lang='lat' dir='ltr'>ergo</span> <span class='ocrx_word' id='word_1_571' title='bbox 936 3947 994 4000; x_wconf 89' lang='lat' dir='ltr'>in</span> <span class='ocrx_word' id='word_1_572' title='bbox 1024 3948 1129 4000; x_wconf 90' lang='lat' dir='ltr'>hoc</span> <span class='ocrx_word' id='word_1_573' title='bbox 1160 3948 1281 4000; x_wconf 86' lang='lat' dir='ltr'>loco</span> <span class='ocrx_word' id='word_1_574' title='bbox 1311 3947 1393 3999; x_wconf 85' lang='lat' dir='ltr'>sol</span> <span class='ocrx_word' id='word_1_575' title='bbox 1419 3946 1797 4000; x_wconf 90' lang='lat' dir='ltr'>ostensionem</span> <span class='ocrx_word' id='word_1_576' title='bbox 1829 3964 1951 4000; x_wconf 89' lang='lat' dir='ltr'>ma-</span> 
     </span>
    </p>
   </div>
   <div class='ocr_carea' id='block_1_74' title="bbox 2025 3129 3626 3221">
    <p class='ocr_par' dir='ltr' id='par_1_74' title="bbox 2025 3129 3626 3221">
     <span class='ocr_line' id='line_1_74' title="bbox 2025 3129 3626 3221; baseline -0.014 -17"><span class='ocrx_word' id='word_1_577' title='bbox 2025 3151 2124 3204; x_wconf 84' lang='lat' dir='ltr'>Dei</span> <span class='ocrx_word' id='word_1_578' title='bbox 2143 3129 2287 3221; x_wconf 44' lang='lat' dir='ltr'>(Luc.</span> <span class='ocrx_word' id='word_1_579' title='bbox 2318 3152 2425 3205; x_wconf 81' lang='lat' dir='ltr'>ml.</span> <span class='ocrx_word' id='word_1_580' title='bbox 2445 3146 2642 3216; x_wconf 82' lang='lat' dir='ltr'>Neque</span> <span class='ocrx_word' id='word_1_581' title='bbox 2662 3143 2811 3197; x_wconf 91' lang='lat' dir='ltr'>enim</span> <span class='ocrx_word' id='word_1_582' title='bbox 2826 3146 2926 3194; x_wconf 85' lang='lat' dir='ltr'>aut</span> <span class='ocrx_word' id='word_1_583' title='bbox 2942 3139 3144 3193; x_wconf 73' lang='lat' dir='ltr'>animae</span> <span class='ocrx_word' id='word_1_584' title='bbox 3156 3136 3278 3190; x_wconf 90' lang='lat' dir='ltr'>sine</span> <span class='ocrx_word' id='word_1_585' title='bbox 3302 3129 3626 3221; x_wconf 86' lang='lat' dir='ltr'>corporibus</span> 
     </span>
    </p>
   </div>
   <div class='ocr_carea' id='block_1_75' title="bbox 2025 3220 3627 3307">
    <p class='ocr_par' dir='ltr' id='par_1_75' title="bbox 2025 3220 3627 3307">
     <span class='ocr_line' id='line_1_75' title="bbox 2025 3220 3627 3307; baseline -0.01 -17"><span class='ocrx_word' id='word_1_586' title='bbox 2025 3239 2291 3307; x_wconf 65' lang='lat' dir='ltr'>ingressae</span> <span class='ocrx_word' id='word_1_587' title='bbox 2311 3242 2444 3290; x_wconf 90' lang='lat' dir='ltr'>sunt</span> <span class='ocrx_word' id='word_1_588' title='bbox 2470 3235 2529 3288; x_wconf 91' lang='lat' dir='ltr'>in</span> <span class='ocrx_word' id='word_1_589' title='bbox 2559 3233 2881 3304; x_wconf 64' lang='lat' dir='ltr'>Egyptum,</span> <span class='ocrx_word' id='word_1_590' title='bbox 2913 3234 3014 3283; x_wconf 93' lang='lat' dir='ltr'>aut</span> <span class='ocrx_word' id='word_1_591' title='bbox 3039 3242 3170 3280; x_wconf 90' lang='lat' dir='ltr'>caro</span> <span class='ocrx_word' id='word_1_592' title='bbox 3198 3223 3316 3278; x_wconf 91' lang='lat' dir='ltr'><strong>sine</strong></span> <span class='ocrx_word' id='word_1_593' title='bbox 3330 3220 3627 3276; x_wconf 88' lang='lat' dir='ltr'>animabus</span> 
     </span>
    </p>
   </div>
   <div class='ocr_carea' id='block_1_76' title="bbox 2026 3310 3630 3390">
    <p class='ocr_par' dir='ltr' id='par_1_76' title="bbox 2026 3310 3630 3390">
     <span class='ocr_line' id='line_1_76' title="bbox 2026 3310 3630 3390; baseline -0.011 -13"><span class='ocrx_word' id='word_1_594' title='bbox 2026 3324 2227 3378; x_wconf 89' lang='lat' dir='ltr'>Filium</span> <span class='ocrx_word' id='word_1_595' title='bbox 2252 3321 2352 3376; x_wconf 90' lang='lat' dir='ltr'>Dei</span> <span class='ocrx_word' id='word_1_596' title='bbox 2378 3322 2565 3374; x_wconf 88' lang='lat' dir='ltr'>videre</span> <span class='ocrx_word' id='word_1_597' title='bbox 2592 3319 2818 3390; x_wconf 85' lang='lat' dir='ltr'>poterit,</span> <span class='ocrx_word' id='word_1_598' title='bbox 2849 3317 2948 3371; x_wconf 90' lang='lat' dir='ltr'>sed</span> <span class='ocrx_word' id='word_1_599' title='bbox 2977 3314 3162 3369; x_wconf 89' lang='lat' dir='ltr'>carnis</span> <span class='ocrx_word' id='word_1_600' title='bbox 3190 3311 3277 3365; x_wconf 89' lang='lat' dir='ltr'>vel</span> <span class='ocrx_word' id='word_1_601' title='bbox 3306 3310 3505 3364; x_wconf 63' lang='lat' dir='ltr'>animae</span> <span class='ocrx_word' id='word_1_602' title='bbox 3532 3324 3630 3361; x_wconf 90' lang='lat' dir='ltr'>no-</span> 
     </span>
    </p>
   </div>
   <div class='ocr_carea' id='block_1_77' title="bbox 2026 3402 3626 3477">
    <p class='ocr_par' dir='ltr' id='par_1_77' title="bbox 2026 3402 3626 3477">
     <span class='ocr_line' id='line_1_77' title="bbox 2026 3402 3626 3477; baseline -0.011 -11"><span class='ocrx_word' id='word_1_603' title='bbox 2026 3412 2175 3466; x_wconf 91' lang='lat' dir='ltr'>mine</span> <span class='ocrx_word' id='word_1_604' title='bbox 2200 3416 2353 3464; x_wconf 92' lang='lat' dir='ltr'>totus</span> <span class='ocrx_word' id='word_1_605' title='bbox 2381 3411 2549 3463; x_wconf 90' lang='lat' dir='ltr'>homo</span> <span class='ocrx_word' id='word_1_606' title='bbox 2580 3407 2935 3477; x_wconf 87' lang='lat' dir='ltr'>intelligitur,</span> <span class='ocrx_word' id='word_1_607' title='bbox 2967 3404 3023 3457; x_wconf 90' lang='lat' dir='ltr'>id</span> <span class='ocrx_word' id='word_1_608' title='bbox 3047 3407 3133 3457; x_wconf 91' lang='lat' dir='ltr'><strong>est</strong></span> <span class='ocrx_word' id='word_1_609' title='bbox 3173 3418 3206 3454; x_wconf 90' lang='lat' dir='ltr'>a</span> <span class='ocrx_word' id='word_1_610' title='bbox 3234 3404 3395 3470; x_wconf 88' lang='lat' dir='ltr'>parte</span> <span class='ocrx_word' id='word_1_611' title='bbox 3420 3402 3626 3452; x_wconf 91' lang='lat' dir='ltr'>totum.</span> 
     </span>
    </p>
   </div>
   <div class='ocr_carea' id='block_1_78' title="bbox 2026 3489 3630 3569">
    <p class='ocr_par' dir='ltr' id='par_1_78' title="bbox 2026 3489 3630 3569">
     <span class='ocr_line' id='line_1_78' title="bbox 2026 3489 3630 3569; baseline -0.012 -14"><span class='ocrx_word' id='word_1_612' title='bbox 2026 3502 2114 3555; x_wconf 88' lang='lat' dir='ltr'>Ita</span> <span class='ocrx_word' id='word_1_613' title='bbox 2145 3516 2277 3569; x_wconf 89' lang='lat' dir='ltr'>ergo</span> <span class='ocrx_word' id='word_1_614' title='bbox 2301 3503 2359 3553; x_wconf 89' lang='lat' dir='ltr'><strong>et</strong></span> <span class='ocrx_word' id='word_1_615' title='bbox 2382 3498 2473 3551; x_wconf 93' lang='lat' dir='ltr'>hic</span> <span class='ocrx_word' id='word_1_616' title='bbox 2500 3498 2565 3551; x_wconf 84' lang='lat' dir='ltr'><strong>ﬁt</strong></span> <span class='ocrx_word' id='word_1_617' title='bbox 2593 3513 2720 3550; x_wconf 89' lang='lat' dir='ltr'>cum</span> <span class='ocrx_word' id='word_1_618' title='bbox 2750 3494 3046 3553; x_wconf 86' lang='lat' dir='ltr'>dicitur,ut</span> <span class='ocrx_word' id='word_1_619' title='bbox 3068 3489 3413 3543; x_wconf 86' lang='lat' dir='ltr'>manducetis</span> <span class='ocrx_word' id='word_1_620' title='bbox 3433 3500 3630 3539; x_wconf 79' lang='lat' dir='ltr'>carnes</span> 
     </span>
    </p>
   </div>
   <div class='ocr_carea' id='block_1_79' title="bbox 2028 3574 3631 3656">
    <p class='ocr_par' dir='ltr' id='par_1_79' title="bbox 2028 3574 3631 3656">
     <span class='ocr_line' id='line_1_79' title="bbox 2028 3574 3631 3656; baseline -0.011 -14"><span class='ocrx_word' id='word_1_621' title='bbox 2028 3605 2224 3656; x_wconf 83' lang='lat' dir='ltr'>regum</span> <span class='ocrx_word' id='word_1_622' title='bbox 2246 3594 2298 3640; x_wconf 88' lang='lat' dir='ltr'>et</span> <span class='ocrx_word' id='word_1_623' title='bbox 2322 3589 2702 3640; x_wconf 82' lang='lat' dir='ltr'>tribunorum.</span> <span class='ocrx_word' id='word_1_624' title='bbox 2728 3581 2853 3648; x_wconf 90' lang='lat' dir='ltr'>Quo</span> <span class='ocrx_word' id='word_1_625' title='bbox 2873 3582 2930 3634; x_wconf 88' lang='lat' dir='ltr'>in</span> <span class='ocrx_word' id='word_1_626' title='bbox 2954 3581 3075 3633; x_wconf 93' lang='lat' dir='ltr'>loco</span> <span class='ocrx_word' id='word_1_627' title='bbox 3095 3578 3328 3631; x_wconf 65' lang='lat' dir='ltr'>diversae</span> <span class='ocrx_word' id='word_1_628' title='bbox 3339 3574 3631 3628; x_wconf 89' lang='lat' dir='ltr'>hominum</span> 
     </span>
    </p>
   </div>
   <div class='ocr_carea' id='block_1_80' title="bbox 2029 3662 3629 3746">
    <p class='ocr_par' dir='ltr' id='par_1_80' title="bbox 2029 3662 3629 3746">
     <span class='ocr_line' id='line_1_80' title="bbox 2029 3662 3629 3746; baseline -0.011 -16"><span class='ocrx_word' id='word_1_629' title='bbox 2029 3676 2331 3746; x_wconf 89' lang='lat' dir='ltr'>qualitates</span> <span class='ocrx_word' id='word_1_630' title='bbox 2361 3674 2432 3727; x_wconf 92' lang='lat' dir='ltr'>ad</span> <span class='ocrx_word' id='word_1_631' title='bbox 2458 3672 2745 3727; x_wconf 88' lang='lat' dir='ltr'>Christum</span> <span class='ocrx_word' id='word_1_632' title='bbox 2774 3666 3219 3723; x_wconf 89' lang='lat' dir='ltr'>convertentium</span> <span class='ocrx_word' id='word_1_633' title='bbox 3259 3662 3629 3732; x_wconf 89' lang='lat' dir='ltr'>comprehen-</span> 
     </span>
    </p>
   </div>
   <div class='ocr_carea' id='block_1_81' title="bbox 2030 3749 3634 3833">
    <p class='ocr_par' dir='ltr' id='par_1_81' title="bbox 2030 3749 3634 3833">
     <span class='ocr_line' id='line_1_81' title="bbox 2030 3749 3634 3833; baseline -0.012 -14"><span class='ocrx_word' id='word_1_634' title='bbox 2030 3766 2274 3819; x_wconf 90' lang='lat' dir='ltr'>duntur:</span> <span class='ocrx_word' id='word_1_635' title='bbox 2310 3764 2454 3817; x_wconf 90' lang='lat' dir='ltr'>Sunt</span> <span class='ocrx_word' id='word_1_636' title='bbox 2482 3761 2690 3833; x_wconf 88' lang='lat' dir='ltr'>quippe</span> <span class='ocrx_word' id='word_1_637' title='bbox 2713 3759 2773 3813; x_wconf 90' lang='lat' dir='ltr'>in</span> <span class='ocrx_word' id='word_1_638' title='bbox 2806 3756 3051 3812; x_wconf 80' lang='lat' dir='ltr'>Ecclesia</span> <span class='ocrx_word' id='word_1_639' title='bbox 3068 3769 3249 3823; x_wconf 88' lang='lat' dir='ltr'>reges,</span> <span class='ocrx_word' id='word_1_640' title='bbox 3275 3755 3410 3805; x_wconf 89' lang='lat' dir='ltr'>sunt</span> <span class='ocrx_word' id='word_1_641' title='bbox 3439 3754 3496 3803; x_wconf 91' lang='lat' dir='ltr'>et</span> <span class='ocrx_word' id='word_1_642' title='bbox 3522 3749 3634 3801; x_wconf 91' lang='lat' dir='ltr'>tri-</span> 
     </span>
    </p>
   </div>
   <div class='ocr_carea' id='block_1_82' title="bbox 2036 3838 3632 3917">
    <p class='ocr_par' dir='ltr' id='par_1_82' title="bbox 2036 3838 3632 3917">
     <span class='ocr_line' id='line_1_82' title="bbox 2036 3838 3632 3917; baseline -0.012 -10"><span class='ocrx_word' id='word_1_643' title='bbox 2036 3853 2188 3917; x_wconf 91' lang='lat' dir='ltr'>buni,</span> <span class='ocrx_word' id='word_1_644' title='bbox 2218 3853 2275 3905; x_wconf 88' lang='lat' dir='ltr'>id</span> <span class='ocrx_word' id='word_1_645' title='bbox 2299 3857 2385 3905; x_wconf 91' lang='lat' dir='ltr'>est</span> <span class='ocrx_word' id='word_1_646' title='bbox 2414 3851 2648 3905; x_wconf 90' lang='lat' dir='ltr'>comites</span> <span class='ocrx_word' id='word_1_647' title='bbox 2679 3852 2738 3902; x_wconf 92' lang='lat' dir='ltr'><strong>et</strong></span> <span class='ocrx_word' id='word_1_648' title='bbox 2765 3846 2952 3902; x_wconf 74' lang='lat' dir='ltr'>czeteri</span> <span class='ocrx_word' id='word_1_649' title='bbox 2998 3842 3279 3915; x_wconf 88' lang='lat' dir='ltr'>principes</span> <span class='ocrx_word' id='word_1_650' title='bbox 3307 3838 3632 3898; x_wconf 87' lang='lat' dir='ltr'>nobiliores,</span> 
     </span>
    </p>
   </div>
   <div class='ocr_carea' id='block_1_83' title="bbox 2035 3924 3633 3998">
    <p class='ocr_par' dir='ltr' id='par_1_83' title="bbox 2035 3924 3633 3998">
     <span class='ocr_line' id='line_1_83' title="bbox 2035 3924 3633 3998; baseline -0.011 0"><span class='ocrx_word' id='word_1_651' title='bbox 2035 3949 2168 3998; x_wconf 91' lang='lat' dir='ltr'>sunt</span> <span class='ocrx_word' id='word_1_652' title='bbox 2190 3941 2365 3995; x_wconf 89' lang='lat' dir='ltr'>fortes</span> <span class='ocrx_word' id='word_1_653' title='bbox 2383 3940 2489 3993; x_wconf 86' lang='lat' dir='ltr'>viri</span> <span class='ocrx_word' id='word_1_654' title='bbox 2509 3935 2920 3993; x_wconf 89' lang='lat' dir='ltr'>bellicosissimi</span> <span class='ocrx_word' id='word_1_655' title='bbox 2947 3935 3018 3987; x_wconf 91' lang='lat' dir='ltr'>ad</span> <span class='ocrx_word' id='word_1_656' title='bbox 3048 3932 3332 3987; x_wconf 88' lang='lat' dir='ltr'>Christum</span> <span class='ocrx_word' id='word_1_657' title='bbox 3361 3924 3633 3981; x_wconf 89' lang='lat' dir='ltr'>conversi.</span> 
     </span>
    </p>
   </div>
   <div class='ocr_carea' id='block_1_84' title="bbox 350 4017 3639 4105">
    <p class='ocr_par' dir='ltr' id='par_1_84' title="bbox 350 4017 3639 4105">
     <span class='ocr_line' id='line_1_84' title="bbox 350 4017 3639 4105; baseline -0.007 -15"><span class='ocrx_word' id='word_1_658' title='bbox 350 4037 563 4091; x_wconf 62' lang='lat' dir='ltr'>nifestm</span> <span class='ocrx_word' id='word_1_659' title='bbox 591 4036 820 4090; x_wconf 87' lang='lat' dir='ltr'>visionis</span> <span class='ocrx_word' id='word_1_660' title='bbox 845 4036 1143 4105; x_wconf 77' lang='lat' dir='ltr'>significat.</span> <span class='ocrx_word' id='word_1_661' title='bbox 1168 4034 1235 4088; x_wconf 89' lang='lat' dir='ltr'>In</span> <span class='ocrx_word' id='word_1_662' title='bbox 1268 4036 1384 4090; x_wconf 90' lang='lat' dir='ltr'>sole</span> <span class='ocrx_word' id='word_1_663' title='bbox 1425 4035 1618 4105; x_wconf 89' lang='lat' dir='ltr'>itaque</span> <span class='ocrx_word' id='word_1_664' title='bbox 1648 4040 1760 4089; x_wconf 84' lang='lat' dir='ltr'>stat</span> <span class='ocrx_word' id='word_1_665' title='bbox 1789 4035 1951 4089; x_wconf 89' lang='lat' dir='ltr'>Chri-</span> <span class='ocrx_word' id='word_1_666' title='bbox 2031 4034 2139 4087; x_wconf 91' lang='lat' dir='ltr'>Per</span> <span class='ocrx_word' id='word_1_667' title='bbox 2166 4047 2341 4101; x_wconf 88' lang='lat' dir='ltr'>equos</span> <span class='ocrx_word' id='word_1_668' title='bbox 2370 4034 2558 4082; x_wconf 90' lang='lat' dir='ltr'>autem</span> <span class='ocrx_word' id='word_1_669' title='bbox 2590 4028 2648 4080; x_wconf 91' lang='lat' dir='ltr'>hi</span> <span class='ocrx_word' id='word_1_670' title='bbox 2673 4026 3059 4095; x_wconf 85' lang='lat' dir='ltr'>designantur,</span> <span class='ocrx_word' id='word_1_671' title='bbox 3106 4019 3202 4090; x_wconf 89' lang='lat' dir='ltr'>qui</span> <span class='ocrx_word' id='word_1_672' title='bbox 3255 4017 3411 4089; x_wconf 90' lang='lat' dir='ltr'>prius</span> <span class='ocrx_word' id='word_1_673' title='bbox 3475 4018 3639 4105; x_wconf 80' lang='lat' dir='ltr'>erant</span> 
     </span>
    </p>
   </div>
   <div class='ocr_carea' id='block_1_85' title="bbox 350 4104 3638 4195">
    <p class='ocr_par' dir='ltr' id='par_1_85' title="bbox 350 4104 3638 4195">
     <span class='ocr_line' id='line_1_85' title="bbox 350 4104 3638 4195; baseline -0.007 -16"><span class='ocrx_word' id='word_1_674' title='bbox 350 4133 491 4192; x_wconf 86' lang='lat' dir='ltr'>stus,</span> <span class='ocrx_word' id='word_1_675' title='bbox 525 4126 583 4179; x_wconf 91' lang='lat' dir='ltr'>id</span> <span class='ocrx_word' id='word_1_676' title='bbox 607 4132 694 4179; x_wconf 89' lang='lat' dir='ltr'>est</span> <span class='ocrx_word' id='word_1_677' title='bbox 720 4126 778 4179; x_wconf 92' lang='lat' dir='ltr'>in</span> <span class='ocrx_word' id='word_1_678' title='bbox 807 4104 1107 4178; x_wconf 78' lang='lat' dir='ltr'>manifesta</span> <span class='ocrx_word' id='word_1_679' title='bbox 1154 4125 1295 4189; x_wconf 92' lang='lat' dir='ltr'>luce,</span> <span class='ocrx_word' id='word_1_680' title='bbox 1327 4129 1385 4177; x_wconf 91' lang='lat' dir='ltr'><strong>et</strong></span> <span class='ocrx_word' id='word_1_681' title='bbox 1428 4104 1541 4177; x_wconf 81' lang='lat' dir='ltr'>fide</span> <span class='ocrx_word' id='word_1_682' title='bbox 1585 4125 1944 4195; x_wconf 90' lang='lat' dir='ltr'>populorum,</span> <span class='ocrx_word' id='word_1_683' title='bbox 2028 4118 2345 4190; x_wconf 88' lang='lat' dir='ltr'>voluptuosi</span> <span class='ocrx_word' id='word_1_684' title='bbox 2366 4123 2423 4171; x_wconf 93' lang='lat' dir='ltr'>et</span> <span class='ocrx_word' id='word_1_685' title='bbox 2440 4116 2669 4170; x_wconf 82' lang='lat' dir='ltr'>luxuria</span> <span class='ocrx_word' id='word_1_686' title='bbox 2683 4107 3342 4183; x_wconf 83' lang='lat' dir='ltr'>coinquinati,dequibus</span> <span class='ocrx_word' id='word_1_687' title='bbox 3364 4104 3638 4195; x_wconf 83' lang='lat' dir='ltr'>propheta</span> 
     </span>
    </p>
   </div>
   <div class='ocr_carea' id='block_1_86' title="bbox 353 4192 3637 4291">
    <p class='ocr_par' dir='ltr' id='par_1_86' title="bbox 353 4192 3637 4291">
     <span class='ocr_line' id='line_1_86' title="bbox 353 4192 3637 4291; baseline -0.008 -23"><span class='ocrx_word' id='word_1_688' title='bbox 353 4215 618 4285; x_wconf 87' lang='lat' dir='ltr'>quoniam</span> <span class='ocrx_word' id='word_1_689' title='bbox 645 4215 829 4284; x_wconf 85' lang='lat' dir='ltr'>gloria</span> <span class='ocrx_word' id='word_1_690' title='bbox 859 4214 1012 4267; x_wconf 90' lang='lat' dir='ltr'>illius</span> <span class='ocrx_word' id='word_1_691' title='bbox 1041 4214 1098 4266; x_wconf 94' lang='lat' dir='ltr'>in</span> <span class='ocrx_word' id='word_1_692' title='bbox 1126 4219 1244 4267; x_wconf 89' lang='lat' dir='ltr'><strong>toto</strong></span> <span class='ocrx_word' id='word_1_693' title='bbox 1273 4212 1409 4266; x_wconf 89' lang='lat' dir='ltr'>orbe</span> <span class='ocrx_word' id='word_1_694' title='bbox 1436 4218 1719 4267; x_wconf 86' lang='lat' dir='ltr'>terrarum</span> <span class='ocrx_word' id='word_1_695' title='bbox 1749 4213 1953 4267; x_wconf 84' lang='lat' dir='ltr'>diﬂ‘usa</span> <span class='ocrx_word' id='word_1_696' title='bbox 2033 4210 2192 4264; x_wconf 91' lang='lat' dir='ltr'>dicit:</span> <span class='ocrx_word' id='word_1_697' title='bbox 2223 4209 2367 4276; x_wconf 82' lang='lat' dir='ltr'>Equi</span> <span class='ocrx_word' id='word_1_698' title='bbox 2377 4208 2659 4259; x_wconf 83' lang='lat' dir='ltr'>emissarii</span> <span class='ocrx_word' id='word_1_699' title='bbox 2668 4204 2807 4271; x_wconf 79' lang='lat' dir='ltr'>facti</span> <span class='ocrx_word' id='word_1_700' title='bbox 2815 4194 3379 4291; x_wconf 77' lang='lat' dir='ltr'>suntinsanientesin</span> <span class='ocrx_word' id='word_1_701' title='bbox 3398 4192 3637 4291; x_wconf 67' lang='lat' dir='ltr'>feminas</span> 
     </span>
    </p>
   </div>
   <div class='ocr_carea' id='block_1_87' title="bbox 353 4281 3635 4381">
    <p class='ocr_par' dir='ltr' id='par_1_87' title="bbox 353 4281 3635 4381">
     <span class='ocr_line' id='line_1_87' title="bbox 353 4281 3635 4381; baseline -0.007 -24"><span class='ocrx_word' id='word_1_702' title='bbox 353 4281 457 4358; x_wconf 74' lang='lat' dir='ltr'>est.</span> <span class='ocrx_word' id='word_1_703' title='bbox 479 4281 734 4357; x_wconf 62' lang='lat' dir='ltr'>Surreitit</span> <span class='ocrx_word' id='word_1_704' title='bbox 756 4302 905 4356; x_wconf 90' lang='lat' dir='ltr'>enim</span> <span class='ocrx_word' id='word_1_705' title='bbox 929 4319 962 4355; x_wconf 87' lang='lat' dir='ltr'>a</span> <span class='ocrx_word' id='word_1_706' title='bbox 979 4301 1577 4372; x_wconf 66' lang='lat' dir='ltr'>mortuis,preedieatus</span> <span class='ocrx_word' id='word_1_707' title='bbox 1599 4307 1686 4356; x_wconf 88' lang='lat' dir='ltr'>est</span> <span class='ocrx_word' id='word_1_708' title='bbox 1713 4302 1784 4355; x_wconf 86' lang='lat' dir='ltr'>ab</span> <span class='ocrx_word' id='word_1_709' title='bbox 1813 4319 1950 4372; x_wconf 84' lang='lat' dir='ltr'>apo-</span> <span class='ocrx_word' id='word_1_710' title='bbox 1968 4323 2017 4381; x_wconf 85' lang='lat' dir='ltr'><strong>D</strong></span> <span class='ocrx_word' id='word_1_711' title='bbox 2038 4295 2330 4369; x_wconf 82' lang='lat' dir='ltr'>(Jer.v).Et</span> <span class='ocrx_word' id='word_1_712' title='bbox 2345 4295 2402 4347; x_wconf 91' lang='lat' dir='ltr'>in</span> <span class='ocrx_word' id='word_1_713' title='bbox 2423 4292 2661 4348; x_wconf 81' lang='lat' dir='ltr'>Psalmis</span> <span class='ocrx_word' id='word_1_714' title='bbox 2681 4291 2799 4362; x_wconf 90' lang='lat' dir='ltr'>ipse</span> <span class='ocrx_word' id='word_1_715' title='bbox 2820 4288 3102 4381; x_wconf 76' lang='lat' dir='ltr'>Dominus</span> <span class='ocrx_word' id='word_1_716' title='bbox 3116 4281 3597 4381; x_wconf 73' lang='lat' dir='ltr'>admonet.dicens</span> <span class='ocrx_word' id='word_1_717' title='bbox 3621 4299 3635 4334; x_wconf 91' lang='lat'>:</span> 
     </span>
    </p>
   </div>
   <div class='ocr_carea' id='block_1_88' title="bbox 352 4371 3642 4456">
    <p class='ocr_par' dir='ltr' id='par_1_88' title="bbox 352 4371 3642 4456">
     <span class='ocr_line' id='line_1_88' title="bbox 352 4371 3642 4456; baseline -0.008 -9"><span class='ocrx_word' id='word_1_718' title='bbox 352 4394 527 4455; x_wconf 88' lang='lat' dir='ltr'>stolis,</span> <span class='ocrx_word' id='word_1_719' title='bbox 566 4393 818 4446; x_wconf 88' lang='lat' dir='ltr'>creditur</span> <span class='ocrx_word' id='word_1_720' title='bbox 843 4392 1007 4444; x_wconf 83' lang='lat' dir='ltr'>modo</span> <span class='ocrx_word' id='word_1_721' title='bbox 1035 4391 1093 4443; x_wconf 91' lang='lat' dir='ltr'>in</span> <span class='ocrx_word' id='word_1_722' title='bbox 1122 4371 1500 4456; x_wconf 90' lang='lat' dir='ltr'>totomundo,</span> <span class='ocrx_word' id='word_1_723' title='bbox 1528 4395 1585 4443; x_wconf 89' lang='lat' dir='ltr'>ct</span> <span class='ocrx_word' id='word_1_724' title='bbox 1612 4390 1669 4443; x_wconf 90' lang='lat' dir='ltr'>in</span> <span class='ocrx_word' id='word_1_725' title='bbox 1700 4391 1804 4445; x_wconf 86' lang='lat' dir='ltr'>hac</span> <span class='ocrx_word' id='word_1_726' title='bbox 1834 4371 2013 4445; x_wconf 51' lang='lat' dir='ltr'>luce-</span> <span class='ocrx_word' id='word_1_727' title='bbox 2038 4386 2215 4440; x_wconf 85' lang='lat' dir='ltr'>Nolite</span> <span class='ocrx_word' id='word_1_728' title='bbox 2229 4386 2355 4451; x_wconf 83' lang='lat' dir='ltr'>ﬁeri</span> <span class='ocrx_word' id='word_1_729' title='bbox 2371 4386 2695 4448; x_wconf 82' lang='lat' dir='ltr'>sicutequus</span> <span class='ocrx_word' id='word_1_730' title='bbox 2715 4381 2965 4433; x_wconf 83' lang='lat' dir='ltr'>etmulus</span> <span class='ocrx_word' id='word_1_731' title='bbox 2983 4376 3182 4445; x_wconf 83' lang='lat' dir='ltr'>quibus</span> <span class='ocrx_word' id='word_1_732' title='bbox 3217 4389 3330 4426; x_wconf 86' lang='lat' dir='ltr'>non</span> <span class='ocrx_word' id='word_1_733' title='bbox 3344 4371 3642 4425; x_wconf 84' lang='lat' dir='ltr'>estintelle—</span> 
     </span>
    </p>
   </div>
   <div class='ocr_carea' id='block_1_89' title="bbox 352 4458 3643 4555">
    <p class='ocr_par' dir='ltr' id='par_1_89' title="bbox 352 4458 3643 4555">
     <span class='ocr_line' id='line_1_89' title="bbox 352 4458 3643 4555; baseline -0.008 -20"><span class='ocrx_word' id='word_1_734' title='bbox 352 4482 482 4535; x_wconf 86' lang='lat' dir='ltr'><strong>ﬁdei</strong></span> <span class='ocrx_word' id='word_1_735' title='bbox 507 4487 636 4535; x_wconf 83' lang='lat' dir='ltr'>stat.</span> <span class='ocrx_word' id='word_1_736' title='bbox 668 4482 731 4535; x_wconf 86' lang='lat' dir='ltr'>Et</span> <span class='ocrx_word' id='word_1_737' title='bbox 755 4483 1017 4533; x_wconf 77' lang='lat' dir='ltr'>clamavit</span> <span class='ocrx_word' id='word_1_738' title='bbox 1045 4495 1164 4533; x_wconf 73' lang='lat' dir='ltr'>voce</span> <span class='ocrx_word' id='word_1_739' title='bbox 1194 4495 1401 4546; x_wconf 83' lang='lat' dir='ltr'>magna</span> <span class='ocrx_word' id='word_1_740' title='bbox 1447 4481 1709 4532; x_wconf 86' lang='lat' dir='ltr'>omnibus</span> <span class='ocrx_word' id='word_1_741' title='bbox 1764 4483 1957 4533; x_wconf 82' lang='lat' dir='ltr'>avibus</span> <span class='ocrx_word' id='word_1_742' title='bbox 2040 4478 2156 4528; x_wconf 84' lang='lat' dir='ltr'>ctus</span> <span class='ocrx_word' id='word_1_743' title='bbox 2182 4475 2348 4535; x_wconf 85' lang='lat' dir='ltr'>(Psat.</span> <span class='ocrx_word' id='word_1_744' title='bbox 2379 4474 2550 4527; x_wconf 68' lang='lat' dir='ltr'>xxxx).</span> <span class='ocrx_word' id='word_1_745' title='bbox 2602 4470 2711 4522; x_wconf 87' lang='lat' dir='ltr'>Per</span> <span class='ocrx_word' id='word_1_746' title='bbox 2729 4482 2977 4521; x_wconf 88' lang='lat' dir='ltr'>sessores</span> <span class='ocrx_word' id='word_1_747' title='bbox 3020 4468 3210 4518; x_wconf 89' lang='lat' dir='ltr'>autem</span> <span class='ocrx_word' id='word_1_748' title='bbox 3243 4458 3643 4555; x_wconf 79' lang='lat' dir='ltr'>haeresiarchas</span> 
     </span>
    </p>
   </div>
   <div class='ocr_carea' id='block_1_90' title="bbox 353 4549 3644 4644">
    <p class='ocr_par' dir='ltr' id='par_1_90' title="bbox 353 4549 3644 4644">
     <span class='ocr_line' id='line_1_90' title="bbox 353 4549 3644 4644; baseline -0.008 -21"><span class='ocrx_word' id='word_1_749' title='bbox 353 4586 470 4638; x_wconf 69' lang='lat' dir='ltr'>quae</span> <span class='ocrx_word' id='word_1_750' title='bbox 489 4572 751 4623; x_wconf 73' lang='lat' dir='ltr'>rotabant</span> <span class='ocrx_word' id='word_1_751' title='bbox 771 4584 872 4637; x_wconf 84' lang='lat' dir='ltr'>per</span> <span class='ocrx_word' id='word_1_752' title='bbox 897 4570 1142 4622; x_wconf 85' lang='lat' dir='ltr'>medium</span> <span class='ocrx_word' id='word_1_753' title='bbox 1164 4571 1376 4624; x_wconf 64' lang='lat' dir='ltr'>caelum.</span> <span class='ocrx_word' id='word_1_754' title='bbox 1402 4570 1545 4621; x_wconf 86' lang='lat' dir='ltr'>Aves</span> <span class='ocrx_word' id='word_1_755' title='bbox 1573 4568 1835 4622; x_wconf 82' lang='lat' dir='ltr'>similiter</span> <span class='ocrx_word' id='word_1_756' title='bbox 1852 4569 1957 4622; x_wconf 90' lang='lat' dir='ltr'>ali-</span> <span class='ocrx_word' id='word_1_757' title='bbox 2042 4562 2359 4631; x_wconf 86' lang='lat' dir='ltr'>intelligere</span> <span class='ocrx_word' id='word_1_758' title='bbox 2389 4574 2707 4631; x_wconf 83' lang='lat' dir='ltr'>possumus,</span> <span class='ocrx_word' id='word_1_759' title='bbox 2735 4556 2831 4627; x_wconf 90' lang='lat' dir='ltr'>qui</span> <span class='ocrx_word' id='word_1_760' title='bbox 2862 4555 2996 4608; x_wconf 92' lang='lat' dir='ltr'>dum</span> <span class='ocrx_word' id='word_1_761' title='bbox 3021 4551 3372 4644; x_wconf 82' lang='lat' dir='ltr'>eloquiorum</span> <span class='ocrx_word' id='word_1_762' title='bbox 3407 4549 3644 4644; x_wconf 43' lang='lat' dir='ltr'>sci-entia</span> 
     </span>
    </p>
   </div>
   <div class='ocr_carea' id='block_1_91' title="bbox 355 4635 3641 4728">
    <p class='ocr_par' dir='ltr' id='par_1_91' title="bbox 355 4635 3641 4728">
     <span class='ocr_line' id='line_1_91' title="bbox 355 4635 3641 4728; baseline -0.009 -16"><span class='ocrx_word' id='word_1_763' title='bbox 355 4659 579 4728; x_wconf 88' lang='lat' dir='ltr'>quando</span> <span class='ocrx_word' id='word_1_764' title='bbox 612 4659 668 4711; x_wconf 92' lang='lat' dir='ltr'>in</span> <span class='ocrx_word' id='word_1_765' title='bbox 699 4658 902 4711; x_wconf 86' lang='lat' dir='ltr'>bonam</span> <span class='ocrx_word' id='word_1_766' title='bbox 961 4662 1180 4727; x_wconf 86' lang='lat' dir='ltr'>partem</span> <span class='ocrx_word' id='word_1_767' title='bbox 1234 4662 1542 4726; x_wconf 87' lang='lat' dir='ltr'>ponuntur,</span> <span class='ocrx_word' id='word_1_768' title='bbox 1570 4658 1872 4727; x_wconf 87' lang='lat' dir='ltr'>aliquando</span> <span class='ocrx_word' id='word_1_769' title='bbox 1902 4658 1961 4713; x_wconf 87' lang='lat' dir='ltr'>in</span> <span class='ocrx_word' id='word_1_770' title='bbox 2045 4650 2363 4704; x_wconf 86' lang='lat' dir='ltr'>carnalibus</span> <span class='ocrx_word' id='word_1_771' title='bbox 2393 4649 2646 4702; x_wconf 89' lang='lat' dir='ltr'>eminent</span> <span class='ocrx_word' id='word_1_772' title='bbox 2675 4644 2833 4715; x_wconf 85' lang='lat' dir='ltr'>quasi</span> <span class='ocrx_word' id='word_1_773' title='bbox 2864 4657 3035 4711; x_wconf 84' lang='lat' dir='ltr'>super</span> <span class='ocrx_word' id='word_1_774' title='bbox 3066 4639 3231 4692; x_wconf 87' lang='lat' dir='ltr'>bruta</span> <span class='ocrx_word' id='word_1_775' title='bbox 3250 4635 3529 4728; x_wconf 71' lang='lat' dir='ltr'>animalia</span> <span class='ocrx_word' id='word_1_776' title='bbox 3552 4649 3641 4686; x_wconf 82' lang='lat' dir='ltr'>in-</span> 
     </span>
    </p>
   </div>
   <div class='ocr_carea' id='block_1_92' title="bbox 356 4722 3644 4819">
    <p class='ocr_par' dir='ltr' id='par_1_92' title="bbox 356 4722 3644 4819">
     <span class='ocr_line' id='line_1_92' title="bbox 356 4722 3644 4819; baseline -0.008 -19"><span class='ocrx_word' id='word_1_777' title='bbox 356 4722 583 4809; x_wconf 76' lang='lat' dir='ltr'>malam,</span> <span class='ocrx_word' id='word_1_778' title='bbox 618 4746 857 4816; x_wconf 84' lang='lat' dir='ltr'>ideoque</span> <span class='ocrx_word' id='word_1_779' title='bbox 880 4722 979 4816; x_wconf 78' lang='lat' dir='ltr'>pro</span> <span class='ocrx_word' id='word_1_780' title='bbox 1019 4722 1268 4798; x_wconf 81' lang='lat' dir='ltr'>locorum</span> <span class='ocrx_word' id='word_1_781' title='bbox 1299 4722 1830 4815; x_wconf 51' lang='lat' dir='ltr'>qualitatibus—sunt</span> <span class='ocrx_word' id='word_1_782' title='bbox 1874 4762 1963 4800; x_wconf 82' lang='lat' dir='ltr'>ac-</span> <span class='ocrx_word' id='word_1_783' title='bbox 2044 4741 2247 4801; x_wconf 87' lang='lat' dir='ltr'>sident,</span> <span class='ocrx_word' id='word_1_784' title='bbox 2290 4741 2481 4807; x_wconf 86' lang='lat' dir='ltr'>eisque</span> <span class='ocrx_word' id='word_1_785' title='bbox 2507 4738 2636 4806; x_wconf 87' lang='lat' dir='ltr'>jure</span> <span class='ocrx_word' id='word_1_786' title='bbox 2674 4731 2972 4804; x_wconf 88' lang='lat' dir='ltr'>potestatis</span> <span class='ocrx_word' id='word_1_787' title='bbox 3001 4729 3072 4782; x_wconf 89' lang='lat' dir='ltr'>ad</span> <span class='ocrx_word' id='word_1_788' title='bbox 3117 4722 3644 4819; x_wconf 43' lang='lat' dir='ltr'>quodlibet-facinus</span> 
     </span>
    </p>
   </div>
   <div class='ocr_carea' id='block_1_93' title="bbox 358 4811 3647 4905">
    <p class='ocr_par' dir='ltr' id='par_1_93' title="bbox 358 4811 3647 4905">
     <span class='ocr_line' id='line_1_93' title="bbox 358 4811 3647 4905; baseline -0.009 -16"><span class='ocrx_word' id='word_1_789' title='bbox 358 4835 644 4905; x_wconf 71' lang='lat' dir='ltr'>cipiendae.</span> <span class='ocrx_word' id='word_1_790' title='bbox 684 4837 747 4888; x_wconf 88' lang='lat' dir='ltr'>In</span> <span class='ocrx_word' id='word_1_791' title='bbox 766 4811 927 4887; x_wconf 60' lang='lat' dir='ltr'>male</span> <span class='ocrx_word' id='word_1_792' title='bbox 957 4833 1184 4904; x_wconf 88' lang='lat' dir='ltr'>quidem</span> <span class='ocrx_word' id='word_1_793' title='bbox 1236 4811 1545 4904; x_wconf 77' lang='lat' dir='ltr'>ponuntur,</span> <span class='ocrx_word' id='word_1_794' title='bbox 1577 4841 1641 4887; x_wconf 90' lang='lat' dir='ltr'>ut</span> <span class='ocrx_word' id='word_1_795' title='bbox 1687 4835 1960 4889; x_wconf 86' lang='lat' dir='ltr'>Dominus</span> <span class='ocrx_word' id='word_1_796' title='bbox 2042 4828 2374 4882; x_wconf 77' lang='lat' dir='ltr'>abutuntur.</span> <span class='ocrx_word' id='word_1_797' title='bbox 2405 4825 2515 4879; x_wconf 90' lang='lat' dir='ltr'>Sed</span> <span class='ocrx_word' id='word_1_798' title='bbox 2544 4820 2848 4892; x_wconf 84' lang='lat' dir='ltr'>aliquando</span> <span class='ocrx_word' id='word_1_799' title='bbox 2880 4819 3021 4872; x_wconf 89' lang='lat' dir='ltr'>tales</span> <span class='ocrx_word' id='word_1_800' title='bbox 3050 4815 3363 4905; x_wconf 22' lang='lat' dir='ltr'>sancti‘sua</span> <span class='ocrx_word' id='word_1_801' title='bbox 3390 4811 3647 4905; x_wconf 57' lang='lat' dir='ltr'>doEtrina</span> 
     </span>
    </p>
   </div>
   <div class='ocr_carea' id='block_1_94' title="bbox 360 4898 3647 4993">
    <p class='ocr_par' dir='ltr' id='par_1_94' title="bbox 360 4898 3647 4993">
     <span class='ocr_line' id='line_1_94' title="bbox 360 4898 3647 4993; baseline -0.007 -16"><span class='ocrx_word' id='word_1_802' title='bbox 360 4898 496 4978; x_wconf 70' lang='lat' dir='ltr'>dicit</span> <span class='ocrx_word' id='word_1_803' title='bbox 515 4924 585 4977; x_wconf 92' lang='lat' dir='ltr'>de</span> <span class='ocrx_word' id='word_1_804' title='bbox 609 4924 775 4993; x_wconf 88' lang='lat' dir='ltr'>jactis</span> <span class='ocrx_word' id='word_1_805' title='bbox 802 4898 1133 4991; x_wconf 74' lang='lat' dir='ltr'>seminibus,</span> <span class='ocrx_word' id='word_1_806' title='bbox 1163 4898 1287 4991; x_wconf 67' lang='lat' dir='ltr'>quae</span> <span class='ocrx_word' id='word_1_807' title='bbox 1315 4940 1350 4975; x_wconf 91' lang='lat' dir='ltr'>a</span> <span class='ocrx_word' id='word_1_808' title='bbox 1375 4898 1690 4977; x_wconf 87' lang='lat' dir='ltr'>volucribus</span> <span class='ocrx_word' id='word_1_809' title='bbox 1712 4930 1962 4976; x_wconf 85' lang='lat' dir='ltr'>comesta</span> <span class='ocrx_word' id='word_1_810' title='bbox 2045 4918 2114 4972; x_wconf 85' lang='lat' dir='ltr'>ad</span> <span class='ocrx_word' id='word_1_811' title='bbox 2136 4917 2302 4969; x_wconf 81' lang='lat' dir='ltr'>ﬁdem</span> <span class='ocrx_word' id='word_1_812' title='bbox 2325 4912 2533 4968; x_wconf 87' lang='lat' dir='ltr'>Christi</span> <span class='ocrx_word' id='word_1_813' title='bbox 2566 4913 2917 4971; x_wconf 82' lang='lat' dir='ltr'>convertunt,</span> <span class='ocrx_word' id='word_1_814' title='bbox 2948 4911 3004 4959; x_wconf 91' lang='lat' dir='ltr'>et</span> <span class='ocrx_word' id='word_1_815' title='bbox 3028 4905 3098 4958; x_wconf 88' lang='lat' dir='ltr'>ad</span> <span class='ocrx_word' id='word_1_816' title='bbox 3127 4901 3434 4956; x_wconf 88' lang='lat' dir='ltr'>bonitatem</span> <span class='ocrx_word' id='word_1_817' title='bbox 3462 4898 3647 4993; x_wconf 60' lang='lat' dir='ltr'>Decle-</span> 
     </span>
    </p>
   </div>
   <div class='ocr_carea' id='block_1_95' title="bbox 361 4989 3638 5079">
    <p class='ocr_par' dir='ltr' id='par_1_95' title="bbox 361 4989 3638 5079">
     <span class='ocr_line' id='line_1_95' title="bbox 361 4989 3638 5079; baseline -0.007 -12"><span class='ocrx_word' id='word_1_818' title='bbox 361 4989 766 5068; x_wconf 32' lang='lat' dir='ltr'>sunt.1nvbono</span> <span class='ocrx_word' id='word_1_819' title='bbox 792 5017 980 5066; x_wconf 88' lang='lat' dir='ltr'>autem</span> <span class='ocrx_word' id='word_1_820' title='bbox 999 5018 1062 5065; x_wconf 92' lang='lat' dir='ltr'><strong>ut</strong></span> <span class='ocrx_word' id='word_1_821' title='bbox 1081 4989 1139 5064; x_wconf 87' lang='lat' dir='ltr'>in</span> <span class='ocrx_word' id='word_1_822' title='bbox 1171 4989 1471 5079; x_wconf 73' lang='lat' dir='ltr'>Evangelio</span> <span class='ocrx_word' id='word_1_823' title='bbox 1492 5010 1732 5063; x_wconf 88' lang='lat' dir='ltr'>dicitur:</span> <span class='ocrx_word' id='word_1_824' title='bbox 1769 5010 1965 5063; x_wconf 87' lang='lat' dir='ltr'>Simile</span> <span class='ocrx_word' id='word_1_825' title='bbox 2046 5005 2141 5060; x_wconf 72' lang='lat' dir='ltr'>sia:</span> <span class='ocrx_word' id='word_1_826' title='bbox 2174 5004 2425 5064; x_wconf 88' lang='lat' dir='ltr'>trahunt,</span> <span class='ocrx_word' id='word_1_827' title='bbox 2459 5002 2650 5071; x_wconf 90' lang='lat' dir='ltr'>sicque</span> <span class='ocrx_word' id='word_1_828' title='bbox 2667 4997 2827 5070; x_wconf 86' lang='lat' dir='ltr'>quasi</span> <span class='ocrx_word' id='word_1_829' title='bbox 2849 5000 3157 5049; x_wconf 87' lang='lat' dir='ltr'>mactantes</span> <span class='ocrx_word' id='word_1_830' title='bbox 3189 5007 3284 5045; x_wconf 91' lang='lat' dir='ltr'>eos</span> <span class='ocrx_word' id='word_1_831' title='bbox 3311 4989 3638 5079; x_wconf 84' lang='lat' dir='ltr'>comedunt.</span> 
     </span>
    </p>
   </div>
   <div class='ocr_carea' id='block_1_96' title="bbox 362 5077 3651 5171">
    <p class='ocr_par' dir='ltr' id='par_1_96' title="bbox 362 5077 3651 5171">
     <span class='ocr_line' id='line_1_96' title="bbox 362 5077 3651 5171; baseline -0.008 -16"><span class='ocrx_word' id='word_1_832' title='bbox 362 5108 445 5155; x_wconf 84' lang='lat' dir='ltr'>est</span> <span class='ocrx_word' id='word_1_833' title='bbox 463 5118 699 5171; x_wconf 87' lang='lat' dir='ltr'>regnum</span> <span class='ocrx_word' id='word_1_834' title='bbox 723 5101 989 5153; x_wconf 79' lang='lat' dir='ltr'>caelorum</span> <span class='ocrx_word' id='word_1_835' title='bbox 1009 5115 1187 5168; x_wconf 86' lang='lat' dir='ltr'>grano</span> <span class='ocrx_word' id='word_1_836' title='bbox 1228 5098 1459 5168; x_wconf 87' lang='lat' dir='ltr'>sinapis,</span> <span class='ocrx_word' id='word_1_837' title='bbox 1493 5098 1642 5167; x_wconf 87' lang='lat' dir='ltr'>quod</span> <span class='ocrx_word' id='word_1_838' title='bbox 1670 5097 1965 5151; x_wconf 89' lang='lat' dir='ltr'>minimum</span> <span class='ocrx_word' id='word_1_839' title='bbox 2048 5096 2114 5148; x_wconf 90' lang='lat' dir='ltr'>Et</span> <span class='ocrx_word' id='word_1_840' title='bbox 2146 5108 2337 5146; x_wconf 75' lang='lat' dir='ltr'>carnes</span> <span class='ocrx_word' id='word_1_841' title='bbox 2376 5093 2630 5143; x_wconf 83' lang='lat' dir='ltr'>omnium</span> <span class='ocrx_word' id='word_1_842' title='bbox 2664 5089 2965 5141; x_wconf 80' lang='lat' dir='ltr'>liberorum</span> <span class='ocrx_word' id='word_1_843' title='bbox 2994 5100 3059 5137; x_wconf 89' lang='lat' dir='ltr'>ac</span> <span class='ocrx_word' id='word_1_844' title='bbox 3082 5095 3365 5171; x_wconf 73' lang='lat' dir='ltr'>servorum</span> <span class='ocrx_word' id='word_1_845' title='bbox 3395 5083 3444 5131; x_wconf 84' lang='lat' dir='ltr'>et</span> <span class='ocrx_word' id='word_1_846' title='bbox 3465 5077 3651 5147; x_wconf 82' lang='lat' dir='ltr'>pusil-</span> 
     </span>
    </p>
   </div>
   <div class='ocr_carea' id='block_1_97' title="bbox 362 5168 3644 5257">
    <p class='ocr_par' dir='ltr' id='par_1_97' title="bbox 362 5168 3644 5257">
     <span class='ocr_line' id='line_1_97' title="bbox 362 5168 3644 5257; baseline -0.008 -14"><span class='ocrx_word' id='word_1_847' title='bbox 362 5196 449 5243; x_wconf 89' lang='lat' dir='ltr'>est</span> <span class='ocrx_word' id='word_1_848' title='bbox 478 5188 737 5242; x_wconf 87' lang='lat' dir='ltr'>omnibus</span> <span class='ocrx_word' id='word_1_849' title='bbox 759 5187 1025 5241; x_wconf 89' lang='lat' dir='ltr'>oleribus.</span> <span class='ocrx_word' id='word_1_850' title='bbox 1061 5171 1205 5239; x_wconf 50' lang='lat' dir='ltr'>Sed.</span> <span class='ocrx_word' id='word_1_851' title='bbox 1227 5202 1355 5239; x_wconf 90' lang='lat' dir='ltr'>cum</span> <span class='ocrx_word' id='word_1_852' title='bbox 1378 5188 1496 5254; x_wconf 87' lang='lat' dir='ltr'>jam</span> <span class='ocrx_word' id='word_1_853' title='bbox 1544 5186 1755 5240; x_wconf 83' lang='lat' dir='ltr'>factum</span> <span class='ocrx_word' id='word_1_854' title='bbox 1800 5185 1970 5239; x_wconf 82' lang='lat' dir='ltr'>fuerit</span> <span class='ocrx_word' id='word_1_855' title='bbox 2052 5186 2235 5236; x_wconf 81' lang='lat' dir='ltr'>lorum</span> <span class='ocrx_word' id='word_1_856' title='bbox 2263 5197 2329 5234; x_wconf 90' lang='lat' dir='ltr'>ac</span> <span class='ocrx_word' id='word_1_857' title='bbox 2359 5194 2707 5257; x_wconf 76' lang='lat' dir='ltr'>magnorum.</span> <span class='ocrx_word' id='word_1_858' title='bbox 2744 5174 2953 5230; x_wconf 88' lang='lat' dir='ltr'>Liberti</span> <span class='ocrx_word' id='word_1_859' title='bbox 3010 5176 3143 5226; x_wconf 90' lang='lat' dir='ltr'><strong>sunt</strong></span> <span class='ocrx_word' id='word_1_860' title='bbox 3184 5168 3430 5239; x_wconf 84' lang='lat' dir='ltr'>virgines</span> <span class='ocrx_word' id='word_1_861' title='bbox 3458 5181 3644 5257; x_wconf 81' lang='lat' dir='ltr'>carne.</span> 
     </span>
    </p>
   </div>
   <div class='ocr_carea' id='block_1_98' title="bbox 361 5253 3643 5342">
    <p class='ocr_par' dir='ltr' id='par_1_98' title="bbox 361 5253 3643 5342">
     <span class='ocr_line' id='line_1_98' title="bbox 361 5253 3643 5342; baseline -0.008 -11"><span class='ocrx_word' id='word_1_862' title='bbox 361 5278 422 5331; x_wconf 90' lang='lat' dir='ltr'>in</span> <span class='ocrx_word' id='word_1_863' title='bbox 442 5284 653 5331; x_wconf 81' lang='lat' dir='ltr'>terram</span> <span class='ocrx_word' id='word_1_864' title='bbox 680 5276 900 5340; x_wconf 89' lang='lat' dir='ltr'>crescit,</span> <span class='ocrx_word' id='word_1_865' title='bbox 934 5280 990 5327; x_wconf 92' lang='lat' dir='ltr'><strong>et</strong></span> <span class='ocrx_word' id='word_1_866' title='bbox 1015 5290 1220 5342; x_wconf 82' lang='lat' dir='ltr'>magna</span> <span class='ocrx_word' id='word_1_867' title='bbox 1244 5274 1309 5325; x_wconf 87' lang='lat' dir='ltr'><strong>ﬁt</strong></span> <span class='ocrx_word' id='word_1_868' title='bbox 1338 5253 1522 5340; x_wconf 75' lang='lat' dir='ltr'>arbor,</span> <span class='ocrx_word' id='word_1_869' title='bbox 1573 5274 1653 5328; x_wconf 86' lang='lat' dir='ltr'>ita</span> <span class='ocrx_word' id='word_1_870' title='bbox 1704 5280 1768 5328; x_wconf 91' lang='lat' dir='ltr'><strong>ut</strong></span> <span class='ocrx_word' id='word_1_871' title='bbox 1798 5275 1965 5329; x_wconf 69' lang='lat' dir='ltr'>volu-</span> <span class='ocrx_word' id='word_1_872' title='bbox 2048 5273 2200 5326; x_wconf 86' lang='lat' dir='ltr'>Servi</span> <span class='ocrx_word' id='word_1_873' title='bbox 2220 5274 2409 5322; x_wconf 88' lang='lat' dir='ltr'>autem</span> <span class='ocrx_word' id='word_1_874' title='bbox 2421 5253 2680 5337; x_wconf 86' lang='lat' dir='ltr'>conjugio</span> <span class='ocrx_word' id='word_1_875' title='bbox 2702 5258 3467 5333; x_wconf 86' lang='lat' dir='ltr'>obligati,quibusApostolus</span> <span class='ocrx_word' id='word_1_876' title='bbox 3483 5253 3643 5306; x_wconf 89' lang='lat' dir='ltr'>dicit:</span> 
     </span>
    </p>
   </div>
   <div class='ocr_carea' id='block_1_99' title="bbox 362 5343 3645 5437">
    <p class='ocr_par' dir='ltr' id='par_1_99' title="bbox 362 5343 3645 5437">
     <span class='ocr_line' id='line_1_99' title="bbox 362 5343 3645 5437; baseline -0.009 -17"><span class='ocrx_word' id='word_1_877' title='bbox 362 5384 485 5420; x_wconf 86' lang='lat' dir='ltr'>cres</span> <span class='ocrx_word' id='word_1_878' title='bbox 514 5365 638 5419; x_wconf 76' lang='lat' dir='ltr'>coeli</span> <span class='ocrx_word' id='word_1_879' title='bbox 667 5364 924 5419; x_wconf 89' lang='lat' dir='ltr'>habitent</span> <span class='ocrx_word' id='word_1_880' title='bbox 948 5363 1008 5415; x_wconf 92' lang='lat' dir='ltr'>in</span> <span class='ocrx_word' id='word_1_881' title='bbox 1036 5362 1210 5414; x_wconf 84' lang='lat' dir='ltr'>ramis</span> <span class='ocrx_word' id='word_1_882' title='bbox 1240 5362 1362 5430; x_wconf 84' lang='lat' dir='ltr'>ejus</span> <span class='ocrx_word' id='word_1_883' title='bbox 1385 5364 1607 5429; x_wconf 73' lang='lat' dir='ltr'>(Matth.</span> <span class='ocrx_word' id='word_1_884' title='bbox 1653 5369 1788 5431; x_wconf 80' lang='lat' dir='ltr'>xm).</span> <span class='ocrx_word' id='word_1_885' title='bbox 1824 5364 1961 5416; x_wconf 88' lang='lat' dir='ltr'>Gra-</span> <span class='ocrx_word' id='word_1_886' title='bbox 2044 5361 2181 5416; x_wconf 86' lang='lat' dir='ltr'>Cum</span> <span class='ocrx_word' id='word_1_887' title='bbox 2199 5361 2343 5412; x_wconf 73' lang='lat' dir='ltr'>servi</span> <span class='ocrx_word' id='word_1_888' title='bbox 2362 5361 2542 5410; x_wconf 72' lang='lat' dir='ltr'>eSsetis</span> <span class='ocrx_word' id='word_1_889' title='bbox 2559 5358 2783 5424; x_wconf 86' lang='lat' dir='ltr'>peccati,</span> <span class='ocrx_word' id='word_1_890' title='bbox 2815 5355 2976 5406; x_wconf 84' lang='lat' dir='ltr'>liberi</span> <span class='ocrx_word' id='word_1_891' title='bbox 2987 5352 3182 5419; x_wconf 79' lang='lat' dir='ltr'>fuistis</span> <span class='ocrx_word' id='word_1_892' title='bbox 3200 5343 3645 5437; x_wconf 45' lang='lat' dir='ltr'>justum-(liam.</span> 
     </span>
    </p>
   </div>
   <div class='ocr_carea' id='block_1_100' title="bbox 361 5427 3650 5525">
    <p class='ocr_par' dir='ltr' id='par_1_100' title="bbox 361 5427 3650 5525">
     <span class='ocr_line' id='line_1_100' title="bbox 361 5427 3650 5525; baseline -0.009 -16"><span class='ocrx_word' id='word_1_893' title='bbox 361 5472 502 5509; x_wconf 89' lang='lat' dir='ltr'>num</span> <span class='ocrx_word' id='word_1_894' title='bbox 528 5455 759 5525; x_wconf 89' lang='lat' dir='ltr'>sinapis,</span> <span class='ocrx_word' id='word_1_895' title='bbox 779 5452 1050 5508; x_wconf 91' lang='lat' dir='ltr'>Dominus</span> <span class='ocrx_word' id='word_1_896' title='bbox 1079 5456 1165 5503; x_wconf 91' lang='lat' dir='ltr'>est</span> <span class='ocrx_word' id='word_1_897' title='bbox 1191 5450 1218 5502; x_wconf 70' lang='grc' dir='ltr'>,Ι</span> <span class='ocrx_word' id='word_1_898' title='bbox 1226 5427 1354 5502; x_wconf 81' lang='lat' dir='ltr'>esus</span> <span class='ocrx_word' id='word_1_899' title='bbox 1382 5428 1658 5517; x_wconf 89' lang='lat' dir='ltr'>Christus,</span> <span class='ocrx_word' id='word_1_900' title='bbox 1692 5427 1787 5521; x_wconf 86' lang='lat' dir='ltr'>qui</span> <span class='ocrx_word' id='word_1_901' title='bbox 1814 5456 1963 5504; x_wconf 91' lang='lat' dir='ltr'><strong>tem-</strong></span> <span class='ocrx_word' id='word_1_902' title='bbox 2041 5454 2137 5516; x_wconf 70' lang='grc' dir='ltr'>γι),</span> <span class='ocrx_word' id='word_1_903' title='bbox 2160 5448 2219 5501; x_wconf 90' lang='lat' dir='ltr'>id</span> <span class='ocrx_word' id='word_1_904' title='bbox 2241 5452 2323 5500; x_wconf 88' lang='lat' dir='ltr'><strong>est</strong></span> <span class='ocrx_word' id='word_1_905' title='bbox 2338 5446 2509 5499; x_wconf 88' lang='lat' dir='ltr'>alieni</span> <span class='ocrx_word' id='word_1_906' title='bbox 2530 5445 2716 5498; x_wconf 87' lang='lat' dir='ltr'><strong>fuistis</strong></span> <span class='ocrx_word' id='word_1_907' title='bbox 2737 5459 2771 5496; x_wconf 90' lang='lat' dir='ltr'>a</span> <span class='ocrx_word' id='word_1_908' title='bbox 2783 5441 3026 5512; x_wconf 86' lang='lat' dir='ltr'>justitia.</span> <span class='ocrx_word' id='word_1_909' title='bbox 3051 5440 3159 5493; x_wconf 91' lang='lat' dir='ltr'>Per</span> <span class='ocrx_word' id='word_1_910' title='bbox 3185 5434 3426 5525; x_wconf 64' lang='lat' dir='ltr'>pusillos</span> <span class='ocrx_word' id='word_1_911' title='bbox 3448 5427 3650 5481; x_wconf 90' lang='lat' dir='ltr'>intelli-</span> 
     </span>
    </p>
   </div>
   <div class='ocr_carea' id='block_1_101' title="bbox 360 5518 3643 5615">
    <p class='ocr_par' dir='ltr' id='par_1_101' title="bbox 360 5518 3643 5615">
     <span class='ocr_line' id='line_1_101' title="bbox 360 5518 3643 5615; baseline -0.01 -18"><span class='ocrx_word' id='word_1_912' title='bbox 360 5556 497 5615; x_wconf 85' lang='lat' dir='ltr'>pore</span> <span class='ocrx_word' id='word_1_913' title='bbox 522 5558 639 5595; x_wconf 82' lang='lat' dir='ltr'>suae</span> <span class='ocrx_word' id='word_1_914' title='bbox 655 5518 936 5611; x_wconf 73' lang='lat' dir='ltr'>passionis</span> <span class='ocrx_word' id='word_1_915' title='bbox 963 5534 1335 5610; x_wconf 84' lang='lat' dir='ltr'>despicabilis,</span> <span class='ocrx_word' id='word_1_916' title='bbox 1371 5544 1429 5592; x_wconf 90' lang='lat' dir='ltr'><strong>et</strong></span> <span class='ocrx_word' id='word_1_917' title='bbox 1466 5539 1647 5593; x_wconf 89' lang='lat' dir='ltr'>minor</span> <span class='ocrx_word' id='word_1_918' title='bbox 1699 5518 1960 5599; x_wconf 77' lang='lat' dir='ltr'>omnibus</span> <span class='ocrx_word' id='word_1_919' title='bbox 2040 5536 2194 5605; x_wconf 84' lang='lat' dir='ltr'>gitur</span> <span class='ocrx_word' id='word_1_920' title='bbox 2220 5536 2422 5604; x_wconf 89' lang='lat' dir='ltr'>vulgus</span> <span class='ocrx_word' id='word_1_921' title='bbox 2441 5533 2705 5604; x_wconf 87' lang='lat' dir='ltr'>ignobile,</span> <span class='ocrx_word' id='word_1_922' title='bbox 2739 5537 2797 5585; x_wconf 90' lang='lat' dir='ltr'>et</span> <span class='ocrx_word' id='word_1_923' title='bbox 2823 5528 3127 5586; x_wconf 87' lang='lat' dir='ltr'>multitudo</span> <span class='ocrx_word' id='word_1_924' title='bbox 3157 5522 3357 5595; x_wconf 90' lang='lat' dir='ltr'>plebis.</span> <span class='ocrx_word' id='word_1_925' title='bbox 3386 5518 3496 5571; x_wconf 90' lang='lat' dir='ltr'><strong>Per</strong></span> <span class='ocrx_word' id='word_1_926' title='bbox 3519 5530 3643 5568; x_wconf 82' lang='lat' dir='ltr'>ma-</span> 
     </span>
    </p>
   </div>
  </div>
