4048 6172
449 192 596 252 1179

896 193 1274 252 HAYMON'IS
1317 196 1815 254 HLLBEBSTAT.
1842 194 2039 255 EPISC

2123 195 2273 256 ΜΨ.
2292 194 2486 256 PARS
2507 195 2555 255 ι.
2588 208 2655 241 ἀφ
2684 195 3065 255 ΟΟΠΜΕΝΤ.
3101 196 3291 257 BIBL.

3592 196 3730 257 HN

450 335 595 393 gnos
611 336 763 387 vero,
774 320 1092 392 philosophi
1113 324 1173 375 et
1189 321 1389 376 divites
1413 322 1583 393 hujus
1600 324 1817 380 seculi.
1853 324 1931 377 Ex
1956 323 2045 397 his
2060 323 2425 393 Aconspectu
2456 322 2612 377 illius
2661 321 2992 385 consistant,
3026 324 3087 375 et
3111 319 3181 374 ab
3209 337 3279 375 eo
3302 321 3627 377 vitiatur.
3666 323 3733 378 Et

452 408 715 464 omnibus
740 424 1010 479 magnum
1028 408 1169 463 illud
1199 410 1513 464 convivium
1542 428 1731 477 emine,
1760 412 1830 465 ab
1855 416 2052 466 exortu

452 498 683 570 quidem
719 502 926 552 sanctae
982 498 1237 552 Ecclesiae
1293 505 1664 569 praeparatur,
1707 500 1804 554 sed
1841 500 1903 554 in
1940 501 2051 555 ﬁne

450 588 773 659 temporum
800 586 1178 642 abundantius
1213 588 1639 658 praeparabitur,
1686 590 1910 659 quando
1939 606 2052 645 non

449 677 633 730 solum
653 675 913 746 gentiles,
945 676 1043 729 sed
1095 676 1264 730 etiam
1312 678 1490 732 Judaei
1533 684 1846 736 occurrent.
1889 683 1946 733 et
1982 679 2052 733 ad

450 764 741 819 Christum
769 768 1190 818 convertentur.
1219 766 1381 820 Unde
1407 772 1466 820 et
1502 767 1612 820 ista
1641 767 1959 837 specialiter
1982 768 2053 821 ad

447 852 590 907 illud
628 858 854 925 tempus
880 852 1091 907 referre
1139 869 1460 924 possumus.
1490 856 1740 924 Angelus
1765 856 1959 926 itaque
1993 855 2053 910 in

448 942 582 1007 sole,
634 942 786 996 Elias
839 948 897 995 et
939 941 1135 996 Enoch
1164 943 1587 1012 intelliguntur,
1614 944 1674 997 in
1702 950 1900 1014 aperta
1928 944 2050 998 luce

448 1031 735 1087 Christum
765 1030 1324 1101 pradicanteslicet
1349 1033 1498 1086 enim
1528 1033 1947 1103 persecutiones
1976 1033 2051 1086 vi-

449 1120 654 1173 delicet
671 1119 741 1173 ab
762 1119 1111 1174 Antichristo
1138 1121 1456 1174 sustineant
1478 1121 1681 1185 illatas,
1704 1126 1896 1174 tamen
1915 1136 2049 1175 con-

448 1213 668 1263 stanter
687 1214 747 1261 et
765 1208 1060 1261 manifeste
1076 1208 1463 1278 praedicabunt
1482 1210 1789 1274 Christum,
1805 1209 2051 1263 dicentes

449 1292 715 1352 omnibus
738 1296 953 1360 avibus,
976 1296 1031 1349 id
1055 1302 1140 1351 est
1159 1297 1423 1351 omnibus
1451 1298 1680 1365 sanctis,
1704 1297 1869 1351 sociis
1900 1298 2051 1351 vide-

446 1384 582 1439 licet
609 1384 1087 1456 prmdicatoribus,
1108 1385 1306 1439 Venite
1327 1386 1400 1439 ad
1420 1400 1637 1439 coenam
1666 1402 1929 1456 magnam
1949 1387 2051 1441 Dei

449 1473 868 1544 omnipotentis,
900 1474 957 1528 id
1014 1478 1103 1527 est
1155 1475 1225 1527 ad
1282 1475 1537 1529 Ecclesiae
1596 1481 1950 1539 conventum,
1993 1480 2049 1529 et

2134 411 2220 467 his
2241 411 2418 480 signis
2433 411 2556 481 subj
2566 411 2741 466 ieient
2754 426 2851 465 eos
2870 409 2966 481 qui
2992 416 3331 479 acceperunt
3350 412 3731 467 characterem

2133 498 2325 554 bestiae
2354 517 2369 552 :
2398 501 2505 554 hoc
2531 506 2618 554 est
2644 500 2741 569 qui
2767 499 2825 552 in
2842 515 2978 555 eum
3002 497 3389 564 crediderunt,
3410 505 3469 554 et
3482 501 3581 570 qui
3605 502 3728 559 ado-

2133 594 2407 642 raverunt
2428 588 2734 658 imaginem
2758 589 2901 657 ejus,
2927 586 3079 641 sicut
3091 585 3293 653 Judaei,
3322 589 3418 659 qui
3442 604 3573 642 cum
3591 604 3729 659 gan-

2136 676 2228 731 dio
2251 681 2310 731 et
2326 677 2817 745 venerationeejus
2831 676 3226 746 praestolantur
3234 676 3732 748 adventum,quom

2136 769 2194 819 et
2219 765 2535 835 suscepturi
2558 769 2692 819 sunt
2721 780 2849 820 cum
2876 764 3109 817 venerit.
3143 764 3311 817 Juxta
3358 764 3510 834 quod
3538 763 3732 818 Domi-

2133 869 2245 909 nus
2258 853 2343 907 eis
2363 852 2531 908 dicit:
2549 851 2906 923 Ego,inquit,
2927 851 3056 906 veni
3073 851 3133 907 in
3158 851 3383 906 nomine
3402 853 3731 917 Patrismei,

2133 946 2192 995 et
2217 952 2331 996 non
2358 940 2681 1010 suscepistis
2725 956 2839 1006 me,
2867 939 3015 994 unus
3038 939 3225 995 veniet
3253 940 3313 993 in
3335 941 3573 994 nomine
3605 956 3727 1009 suo,

2104 1029 2318 1100 ipsum
2342 1029 2677 1099 suscipiens.
2709 1029 2790 1083 De
2818 1027 3023 1098 quibus
3071 1027 3334 1084 omnibus
3359 1029 3499 1083 sati
3523 1045 3725 1100 supra-

2131 1118 2343 1173 dictum
2364 1122 2469 1180 est,
2488 1118 2614 1173 ideo
2646 1117 2735 1171 hic
2760 1116 3004 1171 breviter
3031 1122 3393 1187 repetuntur.
3420 1119 3494 1171 Hi
3510 1120 3644 1184 duo,
3674 1116 3729 1171 id

2133 1213 2220 1263 est
2238 1212 2406 1277 caput
2425 1212 2482 1261 et
2497 1222 2719 1276 corpus,
2742 1208 2856 1259 vivi
2888 1208 3047 1259 missi
3068 1208 3279 1260 suntin
3305 1211 3569 1272 stagnum
3586 1209 3731 1272 ignis

2132 1298 2382 1351 ardentis
2408 1302 2459 1349 et
2477 1295 2789 1363 mlphmis.
2812 1292 2930 1349 Hoc
2942 1293 3242 1364 dupliciter
3260 1299 3449 1364 potest

2131 1385 2239 1439 vivi
2265 1384 2475 1440 etenim
2500 1385 2558 1439 in
2581 1389 2845 1454 stagnum
2874 1383 3025 1452 ignis
3049 1383 3304 1437 ardentis
3325 1383 3626 1437 mittentur
3648 1386 3725 1451 hi,

2130 1489 2271 1543 quos
2322 1472 2585 1527 Christus
2646 1472 2869 1527 veniens
2907 1472 2979 1526 ad
3010 1471 3291 1541 judicium
3328 1472 3484 1525 vivos
3521 1473 3729 1543 reperit

447 1566 719 1617 aeternam
745 1560 996 1614 omnium
1026 1562 1274 1615 ﬁdelium
1309 1562 1692 1616 refectionem.
1725 1562 1859 1626 Quae
1887 1576 2045 1617 omna
2064 1560 2186 1653 Bin
2215 1577 2403 1615 carne.
2427 1561 2536 1624 Qui
2555 1560 2848 1631 paululum
2878 1561 3175 1630 degustata
3202 1561 3605 1624 morte,st
3626 1578 3727 1615 re—

446 1655 603 1704 recte
630 1665 837 1719 magna
862 1655 1114 1716 vocatur,
1136 1652 1273 1720 quia
1310 1651 1574 1705 videlicet
1598 1656 1659 1705 et
1689 1651 1950 1721 gentiles,
1990 1657 2047 1706 et

447 1738 626 1792 Judaei
682 1739 753 1792 ad
807 1739 981 1792 vitam
1045 1744 1313 1792 aeternam
1350 1739 1710 1809 prmordinati
1766 1744 1901 1793 tunc
1936 1757 2052 1794 cre-

447 1826 605 1892 dent,
636 1834 695 1880 et
717 1826 788 1881 ad
815 1828 962 1880 hanc
986 1844 1205 1881 coenam
1232 1828 1483 1891 venient,
1510 1832 1575 1882 ut
1604 1827 1903 1882 comedunt
1930 1845 2048 1882 car-

445 1926 553 1969 nes
580 1930 780 1985 regum
801 1921 857 1969 et
879 1921 1236 1979 caeterorum,
1256 1916 1309 1969 id
1348 1920 1433 1969 est
1461 1919 1526 1969 ut
1544 1931 1615 1970 ex
1634 1915 1897 1970 omnibus
1913 1933 2046 1971 con-

444 2002 753 2058 ditionibus
780 2011 837 2059 et
866 2004 1230 2075 qualitatibus
1251 2003 1323 2057 ad
1368 2003 1539 2057 ﬁdem
1569 2003 1779 2058 Christi
1816 2021 2045 2060 conver-

444 2093 660 2157 tantur,
696 2098 754 2147 et
780 2093 842 2147 in
867 2109 1075 2164 corpus
1098 2109 1282 2156 suum,
1318 2093 1467 2163 quod
1523 2098 1610 2147 est
1636 2093 1903 2160 Ecclesia,
1934 2098 2047 2148 tra-

442 2179 713 2248 jiciantur
725 2224 737 2238 .

520 2270 587 2322 Et
615 2271 731 2322 vidi
762 2272 987 2323 bestiam
1014 2276 1062 2323 et
1092 2285 1241 2337 reges
1282 2275 1439 2324 terra
1472 2276 1519 2324 et
1556 2273 1825 2324 exercitus
1853 2287 2044 2325 eorum

450 2362 799 2424 congregato:
817 2360 891 2411 ad
910 2359 1229 2425 faciendum
1250 2360 1514 2426 pralium
1525 2374 1652 2412 cum
1672 2360 1773 2412 illa
1791 2363 1891 2425 qui
1901 2361 2044 2413 sede-

454 2443 545 2496 bat
576 2447 637 2498 in
667 2462 822 2513 equo,
853 2452 901 2499 et
930 2462 1057 2500 cum
1086 2450 1325 2500 exercitu
1368 2451 1504 2514 eius.
1536 2446 1753 2512 Bestia,
1782 2453 1845 2501 ut
1872 2464 2042 2519 supra

372 2556 379 2565 ε
450 2531 658 2587 dictum
677 2534 1093 2605 est,aliquando
1111 2534 1395 2589 diabolum
1416 2536 1695 2589 malorum
1709 2536 2036 2607 principem,

445 2620 754 2691 aliquando
774 2640 906 2677 vero
927 2624 1357 2689 Antichristum,
1382 2624 1684 2694 aliquando
1715 2630 1893 2679 totum
1915 2642 2041 2680 cor-

443 2724 551 2779 pus
581 2710 788 2765 diaboli
815 2712 1114 2781 signiﬁcat.
1147 2711 1215 2765 In
1249 2713 1355 2767 hoc
1392 2713 1512 2767 loco
1558 2712 1752 2776 bestia,
1783 2714 2039 2769 diabolus

442 2810 573 2856 cum
602 2816 702 2855 suo
730 2800 958 2855 homine
983 2807 1273 2872 assumpto
1312 2802 1664 2871 intelligitur.
1700 2803 1880 2872 Reges
1906 2817 2038 2857 vero

447 2895 506 2944 et
534 2890 811 2944 exercitus
838 2906 1052 2956 eorum,
1086 2890 1373 2961 praepositi
1399 2907 1525 2944 cum
1553 2890 1831 2961 subjectos
1843 2907 2036 2946 eorum

2130 1655 2364 1719 surgent
2388 1655 2445 1703 et
2456 1648 2877 1703 damnabantur
2888 1664 3019 1702 cum
3030 1647 3253 1702 diabolo
3275 1653 3335 1703 et
3351 1649 3568 1718 angelis
3581 1651 3726 1719 ejus.

2131 1738 2237 1802 Qui
2262 1739 2371 1793 etsi
2398 1743 2852 1794 momenmneam
2879 1736 3061 1791 carnis
3087 1742 3327 1791 mortem
3354 1738 3724 1807 gustaverint,

2130 1833 2401 1898 tanquam
2416 1827 2477 1882 in
2494 1826 2611 1880 ictu
2641 1826 2787 1880 oculi
2815 1831 3251 1896 resurgentmon
3272 1826 3482 1879 mortui
3500 1826 3602 1879 sed
3618 1825 3730 1879 vivi

2129 1917 2503 1987 appellantur.
2522 1915 2623 1969 Vel
2640 1920 2790 1968 certe
2810 1914 3052 1968 viventes
3073 1914 3133 1968 in
3146 1919 3407 1984 stagnum
3424 1914 3577 1984 ignis
3592 1914 3727 1968 mit-

2128 2008 2345 2065 tuntur,
2378 2004 2437 2059 hi
2490 2003 2587 2074 qui
2640 2003 2883 2058 scienter
2936 2003 3150 2057 malum
3187 2009 3514 2073 Operantur.
3558 2001 3628 2056 Et
3664 2009 3727 2057 ut

2128 2092 2485 2147 manifestius
2501 2094 2623 2152 ﬁat,
2638 2092 2893 2146 dicamus
2916 2090 3020 2145 sub
3041 2090 3473 2162 exemplmverbi
3492 2091 3683 2161 gratia
3707 2110 3721 2144 ε

2127 2181 2558 2237 Constituentur
2586 2181 2701 2235 duo
2727 2180 3007 2243 homines,
3030 2196 3181 2234 unus
3209 2186 3469 2233 mortuus
3493 2187 3555 2234 et
3581 2181 3725 2235 alter

2124 2272 2298 2325 vivus.
2317 2271 2375 2326 Si
2403 2270 2705 2339 tetigeritis
2730 2274 3039 2332 mortuum,
3068 2284 3184 2322 non
3206 2269 3409 2335 sentit;
3444 2269 3491 2321 si
3519 2269 3725 2338 tetige-

2120 2358 2247 2415 ritis
2276 2359 2484 2425 vivum,
2506 2359 2696 2415 sentit.
2730 2360 2888 2428 Sapo
2936 2373 3063 2411 vero
3110 2358 3168 2410 in
3199 2357 3489 2427 Scriptum
3514 2357 3726 2410 mortui

2120 2447 2750 2518 pronescieutibus,vivi
2791 2463 2893 2518 pro
2926 2445 3234 2500 scientibus
3265 2447 3724 2516 ponuntur.Mor—

2123 2536 2209 2590 tui
2228 2536 2419 2606 itaque
2443 2542 2577 2590 sunt
2596 2536 2820 2606 pagani,
2842 2540 2900 2589 et
2919 2534 3081 2605 quasi
3098 2535 3410 2588 nescientes
3430 2540 3489 2587 et
3514 2535 3727 2589 mortui

2120 2623 2181 2680 in
2200 2624 2479 2684 infernum
2501 2624 3023 2688 descendunuunde
3042 2624 3310 2693 scriptum
3324 2630 3445 2676 est:
3472 2623 3580 2685 Qui
3611 2639 3725 2677 non

2123 2713 2320 2773 credit,
2350 2715 2468 2783 jam
2484 2713 2773 2783 judicatus
2794 2718 2898 2779 est,
2914 2714 3021 2767 vivi
3046 2717 3236 2766 autem
3258 2719 3409 2775 sunt,
3431 2712 3529 2781 qui
3551 2712 3721 2767 ﬁdem

2123 2801 2332 2858 Christi
2351 2801 2581 2866 habent,
2635 2803 2733 2856 sed
2759 2802 2892 2856 dum
2925 2818 3049 2855 eam
3093 2800 3357 2872 operibus
3393 2800 3719 2866 destruunt,

2122 2889 2230 2946 vivi
2244 2889 2302 2946 in
2322 2890 2606 2945 infernum
2619 2890 2984 2949 descendunt,
3029 2889 3161 2960 quia
3188 2889 3433 2943 scienter
3454 2896 3711 2958 peccant,

439 2980 609 3033 malis
633 2979 1021 3049 designantur,
1048 2979 1108 3032 hi
1155 2980 1372 3034 faciunt
1421 2979 1630 3033 bellum
1661 2986 1857 3034 contra
1883 2981 2041 3037 Chri-
2058 2996 2102 3057 ρ
2123 2983 2180 3033 et
2200 2978 2260 3033 hi
2283 2979 2482 3048 utique
2509 2979 2735 3049 gravius
2764 2979 3197 3049 torquebantur,
3238 2978 3372 3048 quia
3399 2993 3599 3031 servus
3625 2978 3720 3048 qui

442 3066 594 3122 stum
624 3074 685 3123 et
705 3070 829 3139 ejus
848 3069 1062 3133 ﬁdeles,
1095 3067 1459 3138 blasphemiis
1483 3074 1540 3122 et
1567 3068 1898 3139 opprobriis,
1931 3070 2037 3123 tri-

438 3154 821 3211 bulationibus
876 3162 933 3210 et
973 3156 1257 3210 miraculis
1288 3161 1622 3227 pugnantes.
1658 3158 1728 3211 Et
1782 3160 2035 3228 quamvis

439 3244 510 3298 ab
538 3244 660 3314 ipso
686 3243 915 3297 Domini
937 3245 1200 3297 adventu.
1219 3244 1475 3298 diabolus
1493 3262 1619 3298 cum
1630 3246 1747 3299 suis
1768 3246 2034 3302 membris

436 3332 648 3387 bellum
678 3332 1005 3386 certaminis
1030 3339 1225 3386 contra
1253 3333 1555 3387 Ecclesium
1581 3334 2034 3399 inierit,validius

434 3426 627 3476 tamen
658 3422 717 3475 in
748 3422 858 3474 ﬁne
882 3420 1071 3474 saeculi
1100 3421 1392 3491 pugnabit,
1421 3423 1647 3492 quando
1676 3422 1863 3477 divino
1886 3424 2033 3493 judi-

437 3510 525 3565 cio
550 3511 768 3565 solutus
796 3510 1040 3580 propriis
1083 3509 1289 3564 viribus
1344 3510 1920 3581 eﬁerabitur,quando
1952 3514 2031 3567 si-

433 3599 561 3670 gnis
590 3604 647 3653 et
667 3599 954 3653 miraculis
972 3602 1154 3654 castra
1172 3604 1494 3653 sanctorum
1516 3599 1848 3669 perturbare
1874 3601 2031 3654 nisus

431 3689 620 3742 fuerit.
652 3690 808 3743 Tunc
835 3687 1048 3758 pariter
1077 3687 1274 3753 bestia,
1306 3704 1466 3757 reges
1499 3695 1557 3742 et
1608 3689 1895 3743 exercitus
1941 3706 2033 3744 eo-

432 3793 561 3831 rum
592 3776 867 3848 pugnabit
894 3793 1021 3830 cum
1051 3776 1294 3842 Christo,
1327 3782 1385 3830 et
1413 3779 1539 3846 ejus
1592 3778 1861 3843 exercitu,
1898 3778 2030 3849 quia

430 3879 545 3919 uno
564 3871 691 3918 voto
719 3881 946 3935 unaque
964 3864 1253 3919 voluntate
1274 3865 1518 3935 reprobi,
1540 3866 1809 3920 adversus
1835 3866 2029 3922 Eccle-

2120 3066 2227 3121 scit
2255 3067 2596 3122 voluntatem
2620 3067 2845 3123 Domini
2864 3068 2972 3131 sui,
2995 3074 3055 3121 et
3086 3083 3198 3121 non
3218 3067 3353 3121 facit
3380 3067 3576 3136 digna,
3607 3067 3722 3136 pla-

2117 3155 2207 3225 gis
2243 3154 2537 3226 vapulabit
2568 3156 2780 3213 multis.
2815 3156 3298 3211 Considerandum
3351 3154 3597 3225 denique
3635 3161 3723 3209 est

2119 3254 2288 3315 quam
2310 3244 2640 3299 terribiliter
2663 3245 2817 3299 locus
2845 3245 3249 3316 suppliciorum
3263 3250 3529 3314 stagnum
3551 3243 3716 3314 ignis,

2118 3338 2176 3389 et
2196 3333 2484 3403 sulphuris
2522 3349 2644 3387 esse
2666 3334 3010 3403 perhibetur.
3047 3334 3321 3403 Stagnum
3350 3332 3569 3387 scilicet
3596 3349 3721 3403 pro-

2116 3427 2244 3491 pter
2280 3422 2646 3476 densissimas
2680 3422 2963 3487 tenebras,
2987 3422 3192 3494 quibus
3224 3423 3464 3476 miseros
3489 3422 3717 3475 demer-

2113 3510 2216 3580 git.
2251 3510 2404 3580 Ignis
2453 3524 2604 3573 vero,
2651 3511 2786 3580 quia
2840 3511 3042 3568 exurit.
3084 3511 3350 3582 Sulphur,
3397 3510 3534 3581 quia
3571 3526 3717 3580 quos

2113 3599 2392 3668 demergit
2418 3599 2588 3653 simul
2618 3605 2679 3653 et
2697 3602 2898 3667 exurit,
2931 3603 2989 3654 et
3011 3600 3294 3655 continuis
3319 3599 3595 3653 fetoribus
3624 3615 3714 3653 re-

2112 3689 2245 3758 plet.

2182 3779 2250 3831 Et
2268 3780 2468 3844 rwteri,
2481 3779 2539 3833 id
2561 3784 2646 3833 est
2662 3780 2858 3834 ﬁdeles
2897 3779 2992 3850 qui
3013 3779 3085 3833 ad
3106 3779 3395 3833 Christum
3422 3782 3557 3833 sunt
3579 3795 3711 3833 con-

2110 3866 2276 3932 versi,
2292 3868 2454 3921 occisi
2472 3874 2604 3922 sunt
2621 3871 2811 3936 gladio
2821 3870 3053 3922 sedentis
3074 3885 3238 3936 super
3248 3885 3452 3937 equum
3463 3873 3566 3936 qui
3578 3884 3713 3936 pro-

433 3954 575 4008 siam
606 3953 1000 4020 ﬁrmabuntur,
1042 3970 1170 4007 cum
1208 3971 1310 4024 per
1347 3954 1678 4008 damnatum
1717 3956 2024 4022 hominem,
2109 3956 2323 4009 cedebat
2345 3957 2517 4009 daora
2540 3959 2735 4024 ipsius.
2764 3958 3009 4010 Narrate
3056 3956 3423 4027 reproborum
3472 3957 3708 4010 damna-

433 4042 700 4113 antiquus
727 4042 909 4096 hostis
931 4042 991 4095 in
1015 4042 1270 4097 saeculari
1290 4043 1544 4113 potentia
1572 4058 1633 4095 se
1659 4042 1871 4113 eriget:
1892 4051 2028 4099 tunc
2108 4042 2284 4107 tione,
2311 4045 2615 4098 revertitur
2644 4046 2715 4099 ad
2757 4062 2851 4100 eos
2907 4046 3003 4116 qui
3034 4045 3105 4099 ad
3138 4044 3425 4099 Christum
3457 4045 3707 4099 conversi

432 4132 587 4185 enim
616 4131 875 4185 unanimi
900 4130 1233 4184 crudelitate
1280 4131 1505 4201 reprobi
1532 4146 1660 4184 cum
1689 4147 1790 4187 suo
1820 4133 2023 4203 capite,
2110 4138 2260 4195 sunt,
2294 4137 2353 4186 et
2380 4133 2568 4203 gladio
2599 4134 2751 4187 verbi
2780 4134 2881 4188 Dei
2929 4135 3255 4205 interempti
3305 4135 3522 4189 mortui
3576 4140 3707 4189 sunt

430 4224 630 4273 contra
676 4219 981 4273 Ecclesium
1018 4218 1326 4288 erigentur,
1354 4219 1685 4293 nullumque
1711 4222 2093 4330 membrumD
2110 4221 2320 4275 mundo
2342 4227 2400 4274 et
2412 4228 2657 4292 peccato,
2692 4229 2756 4277 ut
2779 4223 3044 4278 viverent.
3062 4225 3141 4277 -Ει
3162 4240 3346 4277 omnes
3361 4218 3570 4289 σταῖς,ὶὰ
3600 4228 3701 4289 est,

430 4306 750 4330 2—2-..___-._.
787 4323 812 4330 Α
847 4308 929 4330 -.-ε
969 4308 1165 4330 ---Ζιε-
1194 4309 1476 4330 -.-1--...-Α.-
1531 4311 1581 4330 in.
1641 4311 1735 4330 La-
1772 4327 1997 4330 __.aA-A__
2118 4326 2299 4330 -_-a.-_
2340 4311 2506 4330 ____12
2552 4318 2637 4330 ,A‘.
2674 4315 2782 4330 φῖ.)
2927 4318 2940 4330 ι
2988 4315 3026 4330 Ἀ
3084 4328 3184 4330 ,_,,_
3224 4314 3259 4330 -ι
3322 4329 3325 4330 ,
3611 4312 3670 4330 ﬁ,

429 4306 755 4377 iniquorum
785 4323 819 4360 a
845 4308 935 4361 sui
964 4308 1165 4377 capitis
1194 4309 1501 4372 voluntate,
1530 4311 1588 4365 in
1638 4311 1741 4365 hac
1770 4306 2092 4381 persecu-“
2110 4326 2304 4364 omnes
2332 4311 2511 4365 sancti
2536 4315 2782 4366 saturata“
2809 4318 2941 4366 sunt
2966 4315 3029 4366 de
3070 4314 3333 4366 carnibus
3362 4328 3576 4366 eorum.
3611 4312 3707 4367 Sa.

431 4396 587 4449 tione
612 4392 969 4466 discrepabit.
2106 4398 2276 4453 tietas
2297 4400 2445 4453 enim
2469 4401 2774 4456 electorum
2793 4407 2879 4456 est
2898 4401 3092 4456 laetitia
3111 4407 3169 4455 et
3190 4400 3462 4471 gaudium
3484 4402 3556 4455 de
3582 4418 3705 4472 pro-

501 4486 569 4539 Et
598 4486 939 4553 apprehensa
967 4490 1043 4539 est
1070 4486 1256 4540 bestia.
1292 4486 1401 4543 Pro
1433 4503 1502 4541 eo
1545 4489 1694 4559 quod
1720 4489 2028 4560 apprehen-
2108 4487 2256 4541 fectu
2274 4489 2547 4543 ﬁdelium.
2584 4491 2788 4545 Verum
2812 4492 2944 4562 quia
2967 4491 3118 4545 verbi
3140 4492 3239 4546 Dei
3259 4491 3449 4561 gladio
3476 4491 3704 4562 quidam

429 4574 614 4638 detur,
647 4570 780 4644 quia
809 4574 1158 4643 praeteritum
1185 4580 1409 4645 tempus
1437 4593 1539 4646 pro
1553 4577 1746 4631 futuro
1766 4578 1856 4631 hic
1884 4578 2029 4648 posi-
2102 4576 2437 4646 jugulantur
2466 4579 2535 4633 ad
2559 4579 2818 4647 salutem,
2842 4587 2907 4635 ut
2922 4581 3182 4651 superius
3201 4581 3413 4638 dictum
3443 4586 3551 4643 est,
3579 4580 3704 4650 qui?

428 4667 552 4716 tum
566 4665 670 4716 est.
694 4663 760 4715 Et
781 4676 908 4716 cum
925 4665 1029 4717 illa
1042 4664 1525 4732 pseudoprophcta,
1548 4669 1708 4733 etqui
1719 4667 1849 4734 fecit
1867 4671 2027 4735 signa
2110 4666 2238 4719 dam
2266 4683 2396 4720 vero
2425 4668 2495 4720 ad
2520 4668 2958 4725 damnationem.
2997 4670 3304 4724 Possumus
3332 4674 3387 4722 et
3412 4669 3518 4723 hos
3561 4685 3706 4723 mor-

428 4765 615 4804 coram
646 4754 760 4819 ipso
786 4752 986 4818 quibus
1012 4754 1227 4806 seduxit
1249 4768 1333 4806 eos
1359 4757 1459 4821 qui
1485 4759 1808 4822 acceperunt
1834 4756 2030 4808 chara-
2110 4760 2238 4809 tuos
2254 4756 2350 4825 qui
2369 4755 2535 4809 occisi
2554 4757 2886 4827 suntgladio
2905 4759 3152 4815 sedentis
3182 4774 3352 4829 super
3370 4772 3581 4829 equum
3611 4774 3703 4812 eos

425 4843 625 4893 cterem
663 4841 853 4905 bestia,
913 4844 961 4893 et
988 4844 1087 4907 qui
1138 4844 1515 4895 adorarerunt
1546 4846 1850 4909 imaginem
1887 4847 2022 4913 ejus.
2108 4843 2442 4913 intelligere,
2472 4845 2569 4915 qui
2611 4851 2743 4899 ante
2788 4847 3013 4902 Domini
3061 4847 3365 4901 adventum
3393 4846 3700 4900 secundum

423 4926 631 4991 Bestia,
655 4928 1051 4994 Antichristus,
1078 4931 1569 5000 pseudopropheta
1589 4931 1846 4985 doctores
1866 4932 2022 5002 pravi

423 5013 983 5083 intelligunturﬂuze
1003 5017 1118 5070 sint
1133 5024 1321 5071 autem
1344 5019 1508 5088 signa
1528 5036 1649 5090 quae
1674 5021 2020 5092 pseudOpro-

422 5102 597 5173 pheta
623 5101 835 5167 fecerit,
869 5105 1000 5174 quia
1029 5105 1089 5158 in
1118 5120 1231 5159 uno
1261 5108 1443 5161 multa
1471 5108 1882 5179 intelliguntur,
1924 5125 2021 5163 su-

420 5190 613 5262 perius
641 5188 853 5246 dictum
892 5198 995 5257 est,
1029 5193 1180 5248 inter
1207 5210 1330 5266 quae
1384 5196 1555 5251 etiam
1612 5198 1799 5268 ignem
1831 5199 2023 5252 fecerit

422 5280 759 5334 descendere
787 5280 856 5333 de
876 5282 1035 5336 coelo.
1059 5283 1261 5337 Coram
1311 5284 1488 5339 bestia
1546 5287 1700 5352 dicit,
1745 5288 1876 5358 quia
1904 5286 2025 5341 ubi-

422 5384 643 5439 cunque
674 5368 886 5431 fuerint
914 5369 1019 5441 ipsi
1061 5370 1305 5426 ministri
1353 5374 1702 5439 Antichristi,
1738 5376 1817 5429 ita
1845 5392 1911 5430 ea
1936 5377 2023 5433 fa-

427 5458 595 5525 cient,
622 5472 745 5527 quae
768 5453 852 5512 illi
870 5459 1091 5529 placere
1114 5462 1494 5533 cognoverint,
1519 5464 1681 5534 quasi
1715 5480 1938 5536 semper
1962 5465 2024 5525 in

2107 4937 2406 4985 transeunt
2423 4931 2494 4986 ad
2515 4933 2819 4995 infernum,
2845 4939 2901 4987 et
2923 4951 2986 4987 ex
3018 4933 3107 4988 his
3126 4935 3391 4988 luatantur
3407 4950 3559 5000 aves,
3599 4935 3700 4988 hoc

2104 5026 2190 5073 est
2217 5021 2518 5088 daemones,
2554 5022 2649 5092 qui
2678 5023 2839 5075 valde
2869 5024 3075 5097 gaudio
3112 5025 3420 5095 replentur,
3465 5039 3593 5078 cum
3628 5023 3697 5076 ad

2103 5108 2399 5163 interitum
2467 5124 2597 5164 suos
2665 5112 2980 5179 perducunt
3016 5113 3348 5167 imitatores.
3391 5113 3595 5182 Sicque
3630 5113 3699 5165 de

2104 5214 2297 5251 eorum
2322 5198 2682 5253 damnatione
2710 5200 2940 5269 capiunt
2958 5201 3506 5271 satietatem,quibus
3525 5217 3583 5254 se
3602 5217 3699 5254 au-

2104 5292 2283 5340 ctores
2311 5287 2670 5357 praibuerunt
2697 5290 2763 5343 ad
2797 5306 3064 5344 errorem.
3118 5291 3246 5344 Istae
3284 5307 3412 5344 aves
3449 5307 3563 5344 non
3600 5306 3695 5343 vo-

2104 5382 2241 5430 catis
2261 5376 2332 5429 ad
2354 5374 2750 5432 mactationem
2776 5394 2947 5432 coena
2962 5384 3280 5444 occurrunt,
3306 5380 3402 5433 sed
3422 5385 3693 5450 tanquam

2106 5464 2275 5531 corvi,
2295 5465 2545 5533 acmilvi,
2565 5472 2630 5521 ut
2645 5467 2692 5521 si
2712 5467 2848 5536 quid
2868 5466 3188 5535 aﬁdelibus,
3222 5471 3321 5522 aut
3332 5467 3689 5522 morticina!!!
