4048 6172
267 294 295 306 ..
345 242 482 305 1181

1252 248 1637 308 EXPOSITIO
1663 248 1743 308 IN
1769 245 2288 309 APOOALYPSIN.
2327 254 2401 295 -Α
2429 246 2571 310 LIB.
2603 245 2729 306 VII.

3478 240 3622 302 “82

356 381 457 432 aut
501 376 703 433 inutile
728 374 1047 451 prejectum
1075 381 1265 443 fuerit,
1297 385 1649 435 consumant.
1685 381 1845 445 Quod
1899 378 1947 434 si
1964 380 2205 440 Aetium
2228 383 2377 436 Deus
2407 375 2576 435 Pater
2600 379 2791 434 omnia
2823 382 3090 449 operatus
3108 380 3211 444 est,
3229 372 3494 443 cmiestia‘,
3512 380 3634 431 ter.

345 464 504 523 bonae
533 474 660 521 aves
704 484 771 522 ex
799 468 1059 525 carnibus
1107 470 1494 541 reproborum,
1527 466 1585 523 id
1637 475 1723 524 est
1763 470 1943 523 sancti

343 555 737 627 praedicatores
751 570 815 610 ex
836 558 1195 613 damnatione
1209 559 1508 629 impiorum
1517 558 1671 627 ,quia
1687 552 1947 612 videlicet

342 649 692 700 tormentum
719 645 1025 717 impiorum
1054 648 1408 718 aspicientes,
1435 646 1506 699 de
1534 647 1821 717 ereptione
1838 660 1943 700 sua

344 733 589 804 amplius
624 733 984 801 laetabuntur,
1009 734 1253 790 saturari
1273 740 1597 800 narrantur,
1623 734 1943 805 specialiter

346 826 432 874 est
457 821 887 893 intelligendum
914 827 1186 894 tanquam
1217 824 1500 877 diceretur
1528 842 1540 876 :
1598 824 1676 877 Eo
1706 824 1947 877 internas

345 911 834 981 contemplationis
862 912 1158 967 dulcedine
1185 913 1425 966 interius
1459 911 1737 966 satiantur
1761 911 1938 975 electi,

346 1008 456 1069 quo
476 998 844 1070 reproborum
864 1005 1146 1055 tormenta
1172 1002 1419 1056 exterius
1446 1000 1945 1071 Conspiciunt.qum

302 1118 312 1125 ο
341 1084 533 1141 divina
561 1087 942 1142 misericordia
972 1096 1288 1144 evaserunt.
1348 1090 1491 1144 Hinc
1535 1087 1715 1142 Isaias
1768 1089 1937 1143 dicit:

342 1174 411 1228 Et
434 1180 602 1229 erunt
620 1192 792 1244 usque
810 1178 883 1230 ad
907 1182 1212 1231 satietatem
1239 1181 1469 1231 visionis
1496 1180 1653 1230 omni
1666 1180 1830 1231 carni
1849 1179 1937 1245 (Is.

347 1267 511 1330 LXVI).
547 1263 716 1326 Quasi
750 1264 899 1318 enim
926 1265 1213 1319 damnatio
1239 1265 1628 1335 reproborum,
1658 1263 1817 1318 cibus
1861 1270 1947 1318 est

344 1350 667 1416 electorum,
703 1352 836 1421 quia
888 1369 998 1423 quo
1024 1353 1304 1407 cruciatus
1337 1368 1531 1406 eorum
1560 1352 1946 1407 indesinenter

341 1438 641 1509 aspicimit,
675 1456 740 1493 eo
770 1441 1010 1511 amplius
1052 1441 1252 1496 divinae
1296 1442 1783 1511 contemplationis
1810 1456 1947 1511 gau-

343 1526 449 1580 diis
470 1527 857 1597 perfruuntur.
876 1531 955 1583 De
977 1546 1087 1600 quo
1107 1546 1209 1600 per
1224 1530 1581 1583 Psalmistam
1596 1530 1831 1583 dicitur:
1866 1531 1944 1582 Vi-

2027 470 2247 535 restria,
2286 470 2525 525 visibilia
2549 475 2605 523 et
2644 466 2972 524 invisibilia.
3013 464 3083 521 In
3104 464 3211 519 hac
3237 480 3426 533 manu,
3460 466 3515 519 id
3545 467 3633 519 est

2025 558 2084 612 in
2113 559 2322 614 virtute
2354 558 2520 613 Verbi
2550 558 2638 611 sui
2664 556 2852 617 habet,
2887 561 2945 611 et
2973 555 3083 609 vim
3112 555 3482 620 discretionis,
3513 568 3626 623 quo

2026 649 2228 700 cuncta
2281 660 2385 700 suo
2443 644 2830 700 moderamine
2857 647 3156 714 temperat,
3191 647 3249 696 et
3290 643 3630 712 potestatem

2022 734 2419 801 inevitabilem,
2471 749 2584 799 qua
2625 732 2819 787 omnia
2870 731 3046 801 cingit
3094 737 3263 802 atque
3313 727 3637 801 complecti-

2026 826 2145 880 tur.

2097 913 2165 965 Et
2183 913 2543 981 apprehendit
2560 913 2875 976 draconem,
2897 914 3197 978 serpentem
3207 910 3508 976 antiquum
3528 908 3631 976 qui

2026 1005 2103 1053 est
2119 1001 2369 1054 diabolus
2390 1005 2440 1052 et
2460 1004 2708 1053 satanas.
2727 992 2846 1052 Hoc
2859 996 3138 1068 quomodo
3157 995 3231 1049 sit
3249 996 3485 1056 factum.
3507 995 3631 1067 ipse

2025 1086 2368 1149 manifestat,
2421 1086 2517 1155 qui
2549 1084 2684 1138 dicit
2708 1085 2768 1137 in
2797 1084 3128 1154 Evangelia:
3166 1085 3305 1139 Cum
3332 1085 3496 1151 mm
3534 1098 3631 1136 ar-

2028 1180 2211 1228 matus
2231 1177 2465 1228 custodit
2477 1178 2695 1228 atrium
2708 1186 2893 1233 suum,
2915 1176 2976 1227 in
2992 1186 3124 1241 pace
3142 1178 3276 1227 sunt
3293 1180 3359 1227 eo
3385 1188 3631 1241 quapos-

2026 1264 2180 1317 sidat.
2204 1265 2269 1319 Si
2298 1270 2485 1316 autem
2514 1265 2826 1329 fortiorillo
2840 1264 3228 1329 superveniens
3258 1265 3453 1315 vicerit
3475 1264 3627 1330 eum;

2025 1355 2223 1419 fortem
2255 1355 2391 1420 ligat
2437 1357 2485 1405 et
2516 1354 2780 1404 universa
2808 1364 2975 1403 arma
2998 1354 3113 1418 ejus
3141 1352 3347 1417 aufert,
3367 1356 3414 1404 et
3453 1351 3629 1418 spolia

2026 1444 2141 1509 ejus
2167 1442 2457 1494 distribuit
2474 1442 2616 1506 (Luc.
2636 1439 2735 1506 x1).
2767 1439 2892 1509 Ipse
2916 1438 3066 1491 enim
3092 1437 3151 1490 in
3176 1439 3363 1491 carnis
3389 1436 3624 1492 humili-

2026 1535 2142 1584 tate
2162 1545 2457 1601 apparens,
2482 1529 2727 1599 ‘primnm
2752 1529 2957 1581 fortem
2993 1526 3262 1596 alligavit,
3305 1526 3510 1580 deinde
3531 1538 3633 1579 eos

341 1617 547 1671 debunt
568 1621 713 1685 justi
741 1622 787 1670 et
820 1620 1108 1685 timebunt,
1132 1624 1181 1671 et
1202 1635 1366 1687 super
1390 1635 1516 1672 eum
1546 1620 1805 1672 ridebunt
1835 1616 1947 1685 (Ps.
2028 1620 2124 1689 qui
2143 1620 2371 1673 fuerunt
2392 1619 2635 1672 vasairae
2655 1617 2785 1671 fecit
2810 1630 2944 1670 vasa
2973 1616 3389 1670 misericordiae.
3424 1616 3627 1683 Draco,“

342 1704 588 1771 LI).Quia
605 1706 753 1760 enim
763 1707 1078 1777 voluptates
1092 1707 1288 1761 mundi
1301 1712 1572 1779 tanquam
1589 1718 1793 1779 aquam
1808 1708 1944 1763 hau—
1957 1689 2006 1748 Β
2026 1704 2537 1778 serpens,diabolus
2561 1712 2619 1759 et
2647 1711 2873 1759 satanas
2903 1706 3033 1759 licet
3062 1705 3223 1775 plura
3244 1704 3357 1757 sint
3375 1703 3625 1768 nomina,

342 1797 556 1858 serunt,
587 1786 807 1848 invidiae
835 1796 1129 1850 ardoribus
1182 1802 1581 1861 :estuaverunt,
1614 1812 1680 1850 ac
1707 1797 1942 1851 luxuriae

340 1880 612 1936 fetoribus
660 1882 1089 1937 tabernaculum
1147 1884 1395 1954 corporis
1440 1882 1527 1938 sui
1588 1890 1937 1955 Sparserunt,

343 1969 511 2039 digne
530 1970 589 2024 in
613 1976 877 2040 stagnum
907 1971 1053 2041 ignis
1083 1972 1332 2026 ardentis
1363 1977 1419 2026 et
1462 1968 1749 2042 Sulphuris
1790 1974 1940 2027 mitti

342 2068 470 2112 cum
500 2059 597 2113 illo
624 2059 1008 2129 perhibentur,
1062 2076 1230 2131 quam
1278 2062 1349 2115 ad
1398 2061 1517 2115 haec
1564 2062 1940 2132 perpetranda

341 2147 688 2203 incentorem
722 2149 1056 2203 habuerunt.
1091 2151 1251 2214 Quod
1281 2154 1470 2205 autem
1501 2166 1613 2205 non
1666 2151 1765 2217 ait,
1806 2152 1938 2205 mita-

340 2241 552 2299 tentur,
572 2237 670 2291 sed
690 2242 849 2291 missi
868 2242 1019 2305 sunt,
1044 2240 1349 2293 secundum
1373 2240 1678 2311 Scripturm
1693 2240 1940 2295 auctori-

341 2330 517 2379 tatem
540 2325 877 2396 posuit,qum
905 2328 1049 2381 solet
1069 2328 1353 2398 praeterito
1383 2344 1485 2398 pro
1513 2328 1704 2382 futuro
1736 2329 1838 2394 uti,
1876 2333 1943 2383 ut

340 2420 427 2467 est
445 2414 611 2467 illud:
637 2404 912 2468 Foderunt
929 2430 1132 2469 manus
1154 2430 1302 2469 meas
1331 2422 1379 2468 et
1411 2417 1569 2484 pedes
1593 2432 1735 2470 meos
1766 2416 1933 2486 (θεαὶ.

339 2505 477 2570 xm),
515 2508 906 2574 praeoccupate
933 2502 1161 2574 quidem
1188 2505 1512 2559 narratione
1564 2506 1712 2575 quod
1757 2506 1939 2560 adhuc

340 2591 597 2644 futurum
628 2597 877 2646 extremo
899 2596 1154 2663 tempore
1202 2588 1446 2663 positum
1493 2598 1597 2660 est,
1629 2590 1939 2648 certissime

337 2678 667 2733 retinemus.

946 2752 1180 2808 CAPUT
1214 2754 1334 2810 XX.

412 2857 481 2910 Et
524 2858 642 2911 uidi
669 2855 844 2910 alium
886 2859 1152 2925 angelum
1182 2859 1588 2912 descendente-nt
1608 2861 1671 2913 de
1696 2860 1821 2914 caelo
1849 2861 1944 2913 ha-

342 2946 553 2999 bentem
581 2948 787 2999 clavem
805 2948 1008 3015 abyssi,
1037 2948 1085 2999 et
1110 2951 1361 3000 catenam
1390 2958 1656 3015 magnam
1683 2952 1747 3002 in
1770 2962 1944 3003 manu

344 3048 467 3088 sua.
493 3035 655 3089 Nunc
682 3035 984 3089 revertitur
1003 3036 1074 3089 ad
1102 3036 1413 3106 superiora,
1428 3036 1486 3090 id
1516 3041 1602 3091 est
1625 3037 1697 3093 ad
1726 3053 1795 3091 ea
1821 3052 1944 3108 quae

343 3127 477 3177 ante
496 3123 797 3177 adventum
818 3121 1026 3177 Christi
1046 3120 1373 3188 secundum,
1398 3124 1546 3178 facta
1564 3130 1717 3178 sunt.
1743 3124 1810 3178 In
1839 3127 1945 3179 hac

344 3211 496 3265 enim
524 3212 819 3283 prophetia
844 3226 958 3265 non
984 3217 1240 3266 servatur
1258 3212 1395 3266 ordo
1412 3208 1944 3284 historiae,Angelus

343 3306 534 3355 autem
565 3300 653 3354 hic
677 3300 825 3355 idem
873 3295 959 3354 est
999 3301 1095 3370 qui
1143 3306 1201 3354 et
1246 3316 1439 3371 supra,
1468 3296 1526 3355 id
1556 3308 1643 3355 est
1671 3302 1944 3357 Dominus

342 3390 372 3443 J
376 3405 506 3443 esus
523 3384 906 3459 Christus,qui
922 3404 956 3442 a
970 3388 1246 3459 propheta
1264 3393 1457 3457 magni
1467 3394 1689 3444 consilii
1712 3396 1943 3459 angelus

343 3479 677 3549 appellatur.
704 3479 815 3532 Sed
837 3494 947 3549 quo
973 3474 1281 3545 descendit,
1308 3480 1403 3550 qui
1430 3479 1639 3551 ubique
1659 3481 1789 3534 est?
1815 3481 1944 3552 Ipse

344 3567 491 3621 enim
506 3583 609 3637 per
619 3567 951 3637 prophetam
971 3567 1338 3623 dicit:0alum
1351 3574 1399 3621 et
1413 3573 1624 3622 terram
1636 3584 1727 3636 ego
1744 3572 1943 3638 impleo

346 3657 481 3725 (Jer.
509 3660 683 3723 xxm).
714 3655 787 3709 Et
817 3656 952 3725 quia
979 3661 1136 3709 extra
1164 3657 1365 3710 ccelum
1393 3662 1447 3710 et
1477 3661 1692 3710 terram
1721 3674 1834 3711 non
1858 3664 1944 3711 est

340 3744 516 3811 locus,
544 3744 996 3799 descensioiliius
1008 3760 1120 3799 non
1143 3751 1230 3798 est
1248 3745 1401 3798 aliud
1431 3758 1599 3815 quam
1632 3747 1943 3817 assumptio

341 3831 714 3886 humanitatis
736 3833 913 3886 :unde
939 3834 1242 3903 Apostolus
1260 3835 1340 3886 ait
1365 3849 1377 3887 ι
1406 3833 1655 3900 Quicum
1678 3838 1741 3888 in
1758 3836 1945 3902 forma

341 3924 442 3976 Dei
462 3928 723 3976 essetnon
744 3926 1011 3990 rapinam
1029 3925 1339 3976 arbitratus
1361 3928 1434 3976 est
1464 3940 1570 3977 esse
1599 3940 1652 3976 se
1679 3927 1943 3991 aqualem

342 4011 466 4076 Deo,
500 4012 592 4063 sed
615 4013 962 4078 semetipsum
982 4013 1293 4063 exinanivit
1310 4014 1374 4063 in
1397 4014 1829 4067 similitudinem
1846 4014 1944 4065 ho-

344 4101 567 4151 minum
594 4099 776 4165 factus
794 4103 844 4150 et
866 4099 1059 4151 habitu
1081 4102 1339 4151 inventus
1359 4104 1420 4151 ut
1435 4100 1945 4165 homoJmmiliavit

344 4190 693 4255 semetipsum
708 4188 889 4253 factus
909 4188 1157 4240 obedz’ens
1173 4202 1346 4255 usque
1358 4189 1433 4240 ad
1448 4193 1947 4254 mortem,mortem

344 4279 531 4327 autem
583 4277 762 4327 crucis
792 4276 989 4342 (PhiL.
1028 4279 1110 4341 η).
1168 4271 1250 4329 De
1286 4277 1423 4330 cado
1474 4277 1782 4343 descendit,
1814 4279 1948 4349 quia

342 4362 513 4416 homo
536 4362 735 4428 factus,
754 4364 1109 4434 paulominus
1137 4364 1208 4417 ab
1237 4364 1450 4435 angelis
1487 4365 1801 4422 minoratus
1824 4373 1935 4426 est.
1961 4351 2011 4410 D

345 4451 528 4506 Clavis
547 4458 736 4506 autem
762 4451 969 4523 abyssi,
996 4452 1259 4507 discretio
1286 4454 1642 4525 intelligitur,
1667 4463 1779 4526 qua
1797 4457 1947 4511 Deus

345 4541 702 4610 omnipotens
719 4542 1024 4612 aliquando
1042 4541 1310 4612 re’probos
1321 4543 1513 4598 smvire
1523 4545 1802 4615 permittit
1819 4561 1946 4599 con-

344 4636 437 4684 tra
468 4629 787 4696 Ecclesium,
840 4636 1116 4700 quantum
1178 4631 1284 4685 scit
1328 4632 1465 4685 utile
1504 4654 1516 4685 :
1553 4639 1610 4686 et
1637 4634 1843 4688 iterum
1874 4651 1947 4688 ne

346 4722 568 4771 tantum
590 4724 829 4772 noceant
848 4724 1121 4789 quantum
1142 4720 1356 4786 volunt,
1381 4719 1596 4774 aditum
1623 4723 1947 4793 egrediendi

293 4793 301 4799 ’
348 4812 406 4860 et
433 4804 670 4861 nocendi
726 4807 806 4861 eis
854 4808 1069 4861 adimit.
1111 4809 1363 4880 Abyssus
1393 4810 1543 4863 enim
1577 4813 1856 4881 profunda
1893 4817 1950 4866 et

348 4895 646 4949 tenebrosa
697 4896 978 4966 signiﬁcat
1005 4897 1174 4951 corda
1203 4897 1505 4968 impiorum
1550 4899 1864 4966 hominum,
1889 4900 1946 4955 et

349 4983 495 5038 sicut
526 4998 590 5038 ex
623 4985 761 5038 clavi
796 4985 1046 5055 aperitur
1074 4985 1279 5041 ostium
1310 4992 1367 5041 et
1407 4987 1614 5041 iterum
1643 4989 1942 5055 clauditur,

348 5073 429 5127 sic
457 5071 821 5138 diabolus,vel
851 5074 974 5142 ejus
1003 5074 1255 5128 membra
1283 5076 1449 5129 modo
1494 5077 1686 5130 saevire
1710 5077 1948 5147 permit-

348 5166 566 5226 tuntur,
596 5163 760 5216 modo
774 5159 925 5216 exire
946 5162 1329 5232 prohibentur.
1357 5165 1467 5219 Per
1511 5150 1768 5219 catenam
1798 5182 1949 5231 vero,

347 5250 690 5305 inevitabilis
722 5250 827 5305 Dei
848 5256 1095 5321 potestas
1125 5253 1605 5324 exprimitur,quze
1629 5254 1818 5308 omnia
1834 5255 1952 5309 cin-

2024 1810 2203 1849 unum
2232 1800 2422 1849 tamen
2454 1794 2714 1848 eumdem
2736 1795 2957 1847 hostem
2975 1793 3318 1861 signiﬁcant.
3342 1790 3446 1855 Qui
3459 1791 3631 1844 draco

2023 1878 2340 1955 appellatur
2366 1890 2596 1955 propter
2625 1882 2862 1938 nocendi
2894 1883 3189 1948 malitiam,
3217 1892 3469 1952 Serpens,
3502 1893 3630 1950 pro-

2022 1978 2148 2044 pter
2174 1973 2403 2027 faliendi
2432 1972 2720 2038 astutiam,
2771 1972 3056 2042 antiquus,-
3092 1975 3321 2042 propter
3348 1966 3543 2039 iniqua
3571 1970 3629 2021 et

2023 2062 2325 2116 exercitata
2353 2062 2604 2126 consilia,
2636 2061 2839 2130 quibus
2877 2061 2949 2115 ab
2977 2061 3139 2114 initio
3161 2072 3369 2114 nocere
3392 2058 3507 2112 noti
3535 2056 3630 2111 de—

2023 2144 2398 2204 sinit.Dicitnr
2429 2165 2651 2220 quoque
2672 2148 3011 2214 diabolus,id
3034 2154 3119 2203 est
3138 2149 3405 2202 deorsum
3422 2147 3622 2208 ﬂuens,

2024 2236 2155 2307 quia
2178 2236 2428 2307 quotidie
2458 2233 2527 2289 de
2551 2235 2815 2289 cordibus
2839 2233 2956 2289 ruit
2983 2234 3256 2288 ﬁdelium.
3310 2233 3460 2297 Quia
3493 2242 3625 2286 vero

2024 2326 2244 2379 Christo
2275 2332 2333 2379 et
2358 2325 2616 2379 Ecclesiae
2647 2325 2999 2390 adversatur,
3016 2329 3260 2387 satanas,
3296 2322 3355 2375 id
3387 2326 3474 2375 est
3501 2336 3633 2375 con-

2022 2417 2237 2468 trarius
2265 2415 2597 2485 appellatur.
2624 2414 2691 2467 Et
2716 2416 2915 2480 tiga'bit
2932 2428 3061 2466 etim
3076 2422 3178 2480 per
3196 2405 3375 2465 annos
3398 2413 3630 2473 mitte,et

2021 2506 2176 2556 misit
2207 2519 2333 2555 eum
2354 2505 2418 2555 in
2436 2502 2717 2571 abyssum.
2747 2500 3095 2555 Millenarius
3118 2494 3391 2552 numerus
3408 2498 3469 2551 in
3486 2496 3631 2552 Scri-

2021 2597 2190 2662 ptura
2216 2606 2317 2661 pro
2346 2591 2688 2660 perfectione
2709 2590 2792 2643 rei
2830 2588 3076 2659 ponitur.
3110 2586 3273 2641 Unde
3297 2592 3383 2640 est
3415 2603 3427 2638 :
3475 2585 3632 2638 Verbi

2022 2682 2167 2749 quod
2186 2682 2472 2733 mamiam‘t
2504 2682 2567 2732 in
2585 2682 2740 2732 mitte
2754 2681 3131 2745 generationes
3153 2674 3633 2746 (Ps.crv).Namet

2024 2769 2334 2824 secundum
2358 2769 2685 2822 siecularem
2714 2766 3051 2837 sapientiam
3072 2764 3354 2835 perfectus
3375 2754 3624 2832 est,quia

2026 2861 2247 2910 constat
2273 2872 2341 2910 ex
2376 2856 2609 2910 denario
2628 2855 2687 2909 in
2726 2849 2787 2908 se
2815 2848 3208 2925 multiplicato.
3251 2851 3447 2906 Decies
3474 2850 3627 2905 enim

2025 2949 2156 3003 deni
2175 2954 2401 3003 centum
2417 2949 2577 3002 ﬁunt.
2601 2948 2737 3012 Quae
2752 2949 2869 3017 jam
2891 2948 3073 3017 ﬁgura
3086 2950 3200 3001 non
3225 2943 3628 3017 quadrata,scd

2025 3038 2195 3108 plana
2217 3042 2321 3090 est.
2345 3037 2540 3090 Decies
2570 3042 2761 3091 autem
2790 3042 3017 3090 centum
3046 3036 3222 3101 mille,-
3244 3035 3339 3106 qui
3358 3042 3633 3088 numerus

2024 3126 2085 3179 in
2117 3116 2475 3179 altitudinem
2502 3136 2738 3196 surgens
2772 3124 3009 3180 solidam
3049 3116 3292 3195 figuram
3319 3123 3523 3177 reddit.
3559 3122 3631 3176 Et

2025 3214 2152 3268 ideo
2181 3214 2272 3268 hic
2297 3230 2571 3267 numerus
2607 3218 2839 3285 propter
2885 3213 2972 3267 sui
3029 3213 3433 3284 perfectionem
3459 3216 3633 3264 omne

2025 3292 2307 3374 signiﬁcat
2359 3308 2582 3373 tempus
2625 3303 2731 3356 hoc
2757 3312 3022 3373 praesens,
3055 3319 3090 3356 a
3136 3301 3360 3356 Domini
3416 3299 3629 3353 scilicet

2024 3393 2285 3463 passione
2326 3404 2504 3462 usque
2541 3391 2613 3445 ad
2641 3393 2812 3446 ﬁnem
2842 3388 3048 3457 satculi,
3086 3394 3143 3445 et
3167 3391 3254 3444 hic
3291 3393 3475 3444 totum
3525 3404 3634 3467 pro

2023 3485 2183 3553 parte
2219 3481 2464 3551 positum
2513 3485 2617 3543 est,
2670 3480 2803 3549 quia
2843 3480 3002 3533 mille
3036 3479 3169 3532 anni
3213 3476 3631 3549 quantumlibet

2023 3577 2248 3639 tempus
2269 3568 2528 3622 Ecclesiae
2551 3569 2894 3637 exprimunt.
2912 3568 2969 3620 id
2994 3571 3083 3620 est
3100 3580 3279 3636 usque
3299 3566 3369 3619 ad
3389 3572 3629 3634 regnum

2022 3656 2376 3712 Antichristi.
2407 3657 2472 3710 In
2500 3656 2605 3709 hoc
2626 3661 2883 3725 tempore
2908 3655 3117 3725 ligatus
3156 3656 3242 3708 est
3266 3653 3523 3707 diabolus
3568 3651 3630 3706 in

2025 3745 2246 3816 abysso,
2290 3744 2349 3797 id
2384 3748 2487 3809 est,
2510 3744 2568 3797 in
2614 3738 2876 3797 cordibus
2902 3730 3218 3797 inﬁdelium
3250 3745 3305 3796 et
3333 3740 3629 3795 hominum

2024 3842 2435 3905 perversorum,
2468 3833 2566 3887 ubi
2590 3836 2647 3886 et
2676 3833 2814 3886 latet
2840 3836 2897 3885 et
2923 3835 3125 3902 regnat
3138 3842 3315 3902 usque
3336 3831 3404 3885 ad
3426 3830 3631 3885 advena

2026 3930 2149 3978 tum
2176 3921 2756 3992 Antichristi,quando
2787 3922 3034 3975 solvetur
3066 3922 3135 3975 de
3164 3934 3265 3975 suo
3297 3930 3540 3985 carcere,
3572 3922 3634 3974 et

2025 4012 2291 4084 procedet
2318 4011 2389 4065 ad
2428 4015 2652 4082 apertas
2685 4010 3062 4081 blasphemias
3091 4014 3147 4064 et
3176 4008 3619 4080 persecutiones.

2031 4101 2141 4156 Sed
2168 4101 2374 4155 mirum
2406 4105 2493 4154 est
2522 4099 2803 4171 quomodo
2840 4099 2898 4153 in
2927 4099 3193 4170 abyssum
3222 4099 3371 4153 mitti
3401 4096 3625 4161 dicitur,

2029 4207 2155 4245 cum
2222 4189 2299 4243 ibi
2350 4192 2482 4243 ante
2534 4191 2699 4254 esset,
2759 4187 2892 4257 quia
2948 4186 3205 4241 videlicet
3252 4186 3416 4257 juxta
3479 4187 3630 4257 quod

2029 4295 2176 4350 sepe
2237 4278 2493 4349 superius
2571 4278 2781 4332 dictum
2845 4281 2951 4344 est,
3019 4277 3232 4346 ejectus
3279 4292 3313 4330 α
3369 4275 3631 4330 fidelibus

2029 4368 2273 4422 atrocius
2317 4367 2487 4437 cmpit
2539 4366 2821 4420 dominari
2866 4365 2924 4420 in
2981 4362 3119 4421 suis.
3172 4366 3241 4421 Et
3297 4366 3517 4432 clausit,
3570 4364 3631 4419 id

2029 4460 2132 4519 est,
2167 4456 2501 4527 potestatem
2540 4448 2862 4526 egrediendi
2891 4454 2972 4509 illi
3024 4454 3333 4521 interdixit,
3377 4468 3449 4510 ne
3496 4452 3629 4508 alibi

2027 4561 2253 4616 gressus
2297 4544 2563 4615 nequitia:
2591 4545 2872 4609 extendat,
2922 4545 3033 4597 nisi
3085 4560 3194 4615 quo
3242 4545 3519 4599 occultum
3573 4549 3631 4596 et

2023 4636 2243 4705 justum
2270 4634 2372 4687 Dei
2398 4632 2674 4703 judicium
2728 4633 3039 4702 permittat.
3088 4635 3154 4686 Et
3192 4636 3435 4700 signavit
3465 4646 3630 4700 super

2029 4725 2215 4788 illum,
2250 4722 2307 4776 id
2360 4724 2445 4776 est
2473 4721 2762 4791 sigillavit,
2797 4725 2861 4774 ut
2907 4736 2975 4773 ea
3030 4718 3199 4774 etiam
3250 4734 3371 4791 quae
3419 4718 3523 4774 sub
3570 4734 3632 4775 se

2028 4810 2218 4878 habet,
2240 4810 2454 4864 lateant
2478 4810 2659 4864 illum.
2693 4808 2759 4864 In
2783 4811 2888 4864 hoc
2919 4810 3067 4863 enim
3089 4806 3345 4863 diabolus
3375 4810 3632 4880 signatus

2029 4908 2115 4957 est
2149 4920 2161 4957 :
2201 4899 2330 4970 quia
2388 4899 2485 4969 qui
2531 4897 2647 4951 sint
2681 4896 2766 4950 vel
2815 4914 2881 4951 ex
2932 4897 3018 4951 his
3053 4912 3192 4968 quos
3217 4902 3392 4962 tenet,
3424 4897 3512 4951 vel
3566 4912 3634 4952 ex

2030 4990 2120 5043 his
2149 5005 2288 5059 quos
2317 4988 2526 5051 amisit,
2563 4986 2659 5058 qui
2687 4987 2756 5040 ad
2788 4985 3094 5041 electorum
3123 4996 3422 5042 numerum
3458 4988 3636 5059 partis

2031 5081 2225 5141 neant,
2282 5092 2385 5130 nec
2438 5076 2558 5146 ipse
2608 5076 2866 5132 diabolus
2895 5092 2999 5129 nec
3029 5076 3283 5129 membra
3311 5075 3461 5131 illius
3494 5076 3636 5132 scire

2032 5171 2291 5238 possunt,
2320 5163 2418 5219 sed
2448 5165 2544 5218 ille
2573 5165 2724 5218 solus
2762 5181 2795 5217 a
2831 5180 2940 5234 quo
2969 5163 3218 5218 inclusus
3246 5169 3493 5222 tenetur.
3524 5166 3639 5220 Ali-

2036 5255 2259 5325 quando
2290 5254 2439 5309 enim
2467 5253 2698 5324 quidam
2726 5268 2791 5306 ex
2818 5252 2907 5306 his
2928 5252 3022 5324 qui
3046 5253 3169 5324 ejus
3215 5270 3336 5308 esse
3379 5252 3641 5308 videbaris

348 5340 448 5410 git,
473 5341 663 5394 omnia
689 5340 1103 5411 complectitur,-
1137 5357 1305 5410 quam
1339 5340 1508 5395 habet
1540 5342 1599 5395 in
1632 5357 1824 5404 manu,
1849 5344 1954 5397 hoc
2037 5351 2149 5408 tur,
2183 5343 2367 5398 subito
2398 5342 2468 5396 ad
2499 5342 2805 5396 electorum
2839 5357 3137 5396 numerum
3165 5347 3463 5397 transeunt
3491 5360 3503 5394 :
3541 5340 3641 5395 ali-

353 5434 439 5482 est
462 5428 521 5481 in
551 5434 828 5500 potestate
853 5428 1022 5483 Verbi
1066 5444 1167 5500 per
1197 5424 1346 5499 quod
1394 5430 1585 5484 omnia
1626 5431 1772 5485 facta
1802 5438 1951 5499 sunt,

2040 5431 2265 5504 quando
2295 5448 2424 5494 vero
2471 5448 2537 5485 ex
2575 5429 2661 5484 his
2708 5430 2804 5501 qui
2835 5431 3145 5486 dominium
3197 5434 3319 5502 ejus
3349 5432 3645 5485 evaserant

351 5532 453 5588 per
481 5533 652 5589 quam
678 5518 800 5589 ipse
824 5519 1058 5574 virtutes
1089 5524 1147 5573 et
1168 5518 1444 5573 miracula
1466 5519 1616 5588 fecit,
1654 5526 1756 5590 per
1785 5536 1956 5592 quam
2038 5520 2111 5576 ad
2137 5535 2267 5576 eum
2279 5532 2448 5590 quem
2476 5518 2846 5576 deseruerant
2873 5518 3252 5576 revertuntur.
3266 5516 3476 5573 Habuit
3490 5516 3644 5574 enim
