4048 6172
389 208 532 265 1183

854 211 1233 268 HAYMONIS
1263 212 1751 269 HALBERSTAT.
1784 212 2009 268 EPISC.
2042 213 2201 268 OPP.
2239 212 2423 267 PARS
2455 209 2503 267 Ιῖ
2538 241 2601 253 —-
2646 209 3022 266 COMMENT.
3051 208 3239 265 BIBL.

3538 201 3671 261 1184

386 332 506 403 ipse
536 333 768 390 Petrum
804 335 909 390 sub
934 354 1013 402 se,
1047 341 1268 409 quando
1297 342 1523 412 negavit
1560 342 1847 397 Christum
1877 360 1889 394 :
1925 344 2048 402 etA
2069 342 2372 396 Psalmista
2391 340 2528 395 dicit
2554 358 2564 393 :
2588 342 2715 394 Illic
2736 340 2993 392 sederunt
3013 339 3176 390 sedes.
3204 336 3316 407 Ipsi
3343 334 3498 389 enim
3529 338 3656 387 sunt

386 420 581 487 David,
616 424 840 493 quando
869 426 1208 483 adulterium
1239 431 1412 486 simul
1443 431 1785 501 perpetravit
1816 436 1873 484 et
1896 431 1993 483 ho-

391 509 701 575 micidium,
728 513 823 566 sed
847 514 1070 582 signum
1094 518 1339 587 positum
1359 519 1465 572 fuit
1484 535 1654 588 super
1674 518 1994 588 illum.quia

389 600 695 668 praevidere
711 617 820 654 non
838 604 1193 674 potuit.quod
1212 612 1445 677 uterque
1480 624 1580 677 per
1601 607 1991 678 paenitentiam

388 687 460 740 ad
493 688 661 742 vitam
691 706 1015 745 reversurus
1066 700 1231 757 esset,
1284 703 1341 749 et
1397 696 1496 750 Dei
1548 695 1991 749 misericordiam

390 783 812 832 consecuturus.
848 780 991 843 Quia
1018 781 1210 853 itaque
1236 785 1430 843 nescit.
1454 786 1548 854 qui
1579 785 1897 855 pertineant
1926 784 1996 837 ad

390 864 674 936 illum,qui
700 867 769 921 ad
791 868 1309 931 Christum,idcirco
1330 873 1498 927 etiam
1522 890 1586 927 ea
1612 890 1734 945 quae
1754 873 1857 926 sub
1877 873 1997 943 ipso

399 960 533 1008 sunt
552 956 711 1025 quasi
744 957 847 1011 sub
878 958 1169 1029 signaculo
1198 962 1418 1016 reclusa
1458 963 1871 1017 custodiuntur.
1915 963 1995 1014 Ac

388 1059 491 1112 per
509 1043 615 1097 hoc
634 1045 910 1114 agitur,ut
926 1065 1028 1103 nec
1043 1048 1135 1103 ille
1158 1051 1379 1120 quisint
1396 1052 1518 1120 ejus
1537 1051 1605 1104 ad
1620 1051 1850 1121 plenum
1868 1066 1992 1120 cog—

389 1137 713 1199 noscat,nec
729 1151 827 1187 nos
845 1136 939 1205 qui
958 1143 1087 1190 sunt
1107 1138 1315 1192 Christi
1334 1139 1473 1193 scire
1489 1140 1995 1195 valeamus.verum

390 1218 449 1272 in
462 1219 566 1273 hoc
581 1221 729 1290 quod
746 1223 1018 1293 sequitur:
1031 1226 1091 1278 L’l
1105 1242 1217 1278 non
1229 1227 1445 1278 seducal
1458 1229 1701 1292 amplius
1711 1231 1891 1292 gentes
1906 1226 1997 1277 do-

391 1324 488 1361 nec
508 1317 965 1363 consummentur
982 1315 1137 1365 mille
1155 1317 1317 1366 anni.
1352 1313 1547 1366 Gravis
1569 1314 1639 1366 ad
1669 1313 1995 1366 solvendum

390 1397 571 1450 oritur
602 1398 834 1467 quaestio
860 1417 871 1451 :
903 1400 949 1452 si
981 1401 1132 1454 enim
1167 1406 1224 1454 et
1248 1402 1341 1455 ille
1364 1402 1571 1455 idcirco
1586 1403 1792 1471 ligatus
1813 1406 1995 1466 est,ne

2074 431 2254 489 sedes.
2281 430 2414 500 quia
2463 428 2522 481 in
2551 443 2743 481 eorum
2776 425 3038 479 cordibus
3072 425 3220 479 Deus
3251 424 3429 488 sedet,
3463 424 3525 475 et
3568 420 3671 491 ipsi

2074 518 2350 573 sedebunt
2375 516 2432 570 in
2455 513 2823 585 judicio,quia
2854 513 3093 566 aliorum
3123 512 3270 565 facta
3293 508 3661 580 judicabunt.

2075 608 2253 662 Etisti
2277 623 2405 661 cum
2426 604 2661 659 Domino
2690 603 2906 656 venturi
2936 607 3070 656 sunt
3092 602 3160 655 ad
3188 601 3489 670 judicium,
3516 600 3675 668 juxta

2077 697 2225 768 quod
2247 695 2457 764 eisipse
2477 692 2628 746 dicit:
2654 691 2915 745 Sedebilis
2928 706 3092 760 super
3111 693 3255 744 sedes
3277 690 3564 742 duodecnn
3578 687 3676 755 ju-

2077 789 2319 840 dicantcs
2334 785 2617 836 duodecim
2640 782 2816 833 tribus
2838 782 3009 834 Israel
3034 780 3194 848 (Matt
3205 778 3340 845 .XIx)
3353 818 3365 830 .
3389 778 3515 831 Jam
3528 790 3675 829 nunc

2081 874 2251 928 etiam
2271 872 2470 926 sedent
2496 876 2555 923 et
2575 869 2851 939 judicant,
2888 867 3022 938 quia
3050 870 3387 938 potestatem
3416 865 3475 918 in
3506 864 3673 918 Petro

2079 963 2329 1035 apostolo
2350 956 2801 1030 acceperunt,cui
2820 957 3033 1010 dictum
3050 962 3137 1009 est
3148 971 3264 1009 una
3281 970 3409 1008 cum
3426 952 3640 1007 caeteris
3658 969 3669 1003 :

2077 1053 2442 1120 Quodcunque
2465 1050 2723 1115 ligaveris
2738 1061 2903 1114 super
2916 1050 3155 1105 terram;
3167 1046 3275 1096 erit
3298 1046 3535 1109 ligatum
3555 1044 3675 1093 etin

2078 1144 2241 1198 caelis.
2264 1144 2375 1195 etc.
2408 1136 2766 1207 (Malliuxw).
2792 1135 2994 1188 Datum
3012 1137 3098 1185 est
3113 1128 3572 1201 eis‘judicium,id
3593 1135 3675 1181 est

2077 1234 2326 1300 potestas
2345 1224 2557 1296 ligandi
2577 1228 2746 1293 atque
2768 1220 3326 1283 solvendiQueeritur
3342 1224 3531 1272 autem
3545 1232 3676 1286 qua-

2078 1334 2139 1371 re
2169 1315 2428 1387 superius
2455 1313 2819 1383 singulariter
2842 1328 3013 1365 unam
3044 1310 3201 1381 ponit
3226 1306 3637 1372 sedem,dicens
3660 1324 3672 1356 :

2079 1407 2207 1460 Ecce
2237 1405 2379 1457 sedes
2403 1405 2586 1470 posita
2611 1406 2731 1454 erat
2761 1402 2825 1452 in
2847 1402 2970 1453 calo
3000 1399 3181 1469 (Apoc.
3210 1400 3312 1464 Iv),
3347 1400 3405 1448 et
3432 1392 3524 1446 hic
3551 1392 3682 1462 plu-

393 1484 626 1538 seducat
645 1486 887 1555 amplius
897 1492 1403 1558 gentes,quomodo
1423 1491 1671 1560 quotidie
1694 1495 1888 1543 contra
1905 1495 1990 1543 tot
2070 1494 2266 1547 raliter
2280 1492 2440 1547 sedes
2458 1488 2840 1544 enuntiantur.
2862 1488 2983 1541 Non
3010 1492 3198 1540 autem
3213 1485 3318 1537 hoc
3338 1482 3589 1552 pertinet
3610 1479 3683 1532 ad

391 1572 650 1627 homines
677 1582 1056 1646 pugnat,quos
1082 1583 1138 1631 et
1166 1579 1544 1644 scducit,dum
1576 1580 1647 1633 ad
1670 1580 1805 1633 vitia
1824 1596 1989 1632 ruere
2072 1566 2212 1636 illud
2232 1581 2494 1652 generale
2507 1578 2804 1649 judicium,
2828 1577 2923 1631 sed
2949 1577 3019 1630 ad
3041 1591 3284 1647 praesens
3300 1578 3547 1642 tempus,
3564 1586 3679 1639 quo

392 1661 567 1715 facit?
588 1663 695 1717 Sed
724 1664 1010 1719 sciendum
1042 1667 1173 1737 quia
1198 1684 1347 1721 nunc
1390 1675 1587 1737 gentes
1615 1669 1674 1722 in
1707 1656 2054 1722 ChristumB
2069 1672 2328 1742 judicant
2356 1670 2505 1722 inter
2535 1667 2710 1721 bonos
2740 1673 2797 1721 et
2825 1666 3021 1719 malos.
3056 1666 3121 1718 Et
3143 1666 3366 1715 animas
3385 1661 3679 1712 decollato-

392 1750 704 1817 credentes,
738 1758 795 1805 et
824 1754 872 1806 si
908 1755 979 1808 ad
1011 1761 1233 1826 tempus
1272 1757 1495 1810 videtur
1550 1757 1835 1821 seducere,
1879 1774 1991 1811 non
2074 1777 2225 1814 rum.
2252 1757 2599 1813 Subauditur
2613 1756 2862 1809 vidi.Per
2878 1754 3096 1808 animas
3117 1767 3245 1805 vero
3267 1748 3679 1802 decollatorum

392 1843 587 1892 tamen
612 1841 829 1895 seducit
856 1848 922 1896 ut
949 1845 1292 1898 aeternaliter
1319 1852 1558 1915 pereant
1585 1846 1663 1909 hi,
1686 1844 1783 1916 qui
1802 1847 1857 1900 in
1889 1846 1991 1899 Dei
2072 1848 2362 1921 plenitudo
2382 1844 2716 1914 intelligitur
2743 1843 2996 1896 omnium
3019 1845 3361 1899 sanctorum,
3378 1837 3496 1889 sive
3524 1832 3681 1887 scili-

394 1928 887 1997 praedestinatione
918 1938 1051 1985 sunt
1103 1932 1374 1999 salvandi,
1409 1941 1466 1987 et
1493 1935 1619 1988 ideo
1652 1952 1685 1987 a
1710 1940 1827 1988 toto
1862 1951 1991 2005 pars
2074 1946 2162 1991 cet
2189 1937 2285 2007 qui
2315 1934 2686 2006 spiritualiter
2713 1932 2771 1985 in
2800 1932 2991 1985 anima
3015 1935 3149 1983 sunt
3176 1925 3405 1990 mortui,
3426 1924 3542 1977 sive
3562 1938 3684 1975 cor-

394 2015 762 2086 intelligonda
792 2025 1029 2091 est,quae
1055 2022 1270 2075 scilicet
1293 2039 1404 2076 non
1427 2029 1613 2092 potest
1633 2023 1839 2077 seduci.
1867 2024 1992 2077 Istae
2074 2026 2343 2097 poraliter
2362 2040 2463 2094 pro
2493 2022 2732 2077 Domino
2753 2019 3001 2090 jugulati
3026 2035 3125 2088 per
3153 2013 3398 2085 ingentis
3418 2008 3683 2080 martyrii

394 2105 545 2159 enim
593 2114 725 2162 sunt
751 2118 967 2178 gentes,
1000 2111 1068 2164 de
1098 2110 1300 2181 quibus
1325 2112 1395 2164 ad
1426 2128 1555 2165 eum
1610 2113 1780 2165 Pater
1805 2111 1941 2165 dicit
1973 2130 1984 2164 :
2070 2114 2332 2185 gloriam.
2355 2113 2971 2181 Proptcrtestimonium
2988 2110 3199 2163 Jesu.el
3214 2100 3683 2174 propterrerbum

395 2195 619 2249 Postula
669 2213 703 2249 a
730 2214 814 2250 me
842 2204 894 2251 et
921 2200 1058 2252 dabo
1091 2201 1190 2252 tibi
1214 2206 1394 2265 gentes
1425 2202 1589 2267 (Psal.
1623 2201 1705 2267 II).
1760 2230 1818 2239 -
1868 2203 1991 2253 Post
2074 2207 2188 2259 Dei.
2221 2204 2340 2257 Hac
2368 2202 2519 2255 enim
2549 2201 2670 2254 sola
2698 2215 2868 2253 causa
2894 2196 3174 2251 interfecti
3221 2191 3516 2263 sunt,quia
3543 2204 3684 2241 con-

394 2283 521 2348 haec,
553 2284 612 2336 id
642 2290 728 2338 est
756 2290 883 2355 post
911 2287 1064 2340 mille
1092 2304 1289 2352 annos,
1326 2293 1391 2341 ut
1418 2304 1451 2339 a
1501 2294 1620 2341 toto
1651 2289 1796 2341 sicut
1820 2304 1992 2358 supra
2075 2292 2378 2347 ﬁtebantur
2392 2289 2681 2345 Christum
2711 2288 2889 2342 Deum
2915 2292 2972 2340 et
3003 2285 3308 2348 hominem,
3342 2287 3400 2336 et
3420 2280 3557 2352 quia
3585 2292 3685 2330 no-

394 2377 616 2442 partem
632 2372 1032 2444 intelligamus,
1070 2376 1336 2446 quoniam
1355 2377 1423 2429 de
1450 2377 1603 2429 mille
1623 2377 1787 2429 annis
1808 2377 1993 2430 adhuc
2075 2380 2266 2435 lebant
2284 2380 2520 2433 adorare
2530 2376 2834 2431 diabolum.
2862 2376 2892 2429 J
2897 2391 3025 2429 esus
3050 2373 3254 2444 quippe
3267 2371 3560 2443 proprium
3578 2383 3683 2422 no-

395 2466 615 2515 restant
633 2469 749 2516 tres
776 2464 909 2517 anni
936 2470 993 2517 et
1021 2464 1519 2532 dimidius,oporlct
1542 2467 1705 2517 illum
1725 2468 1864 2518 solvi
1884 2482 1996 2519 mo-
2076 2486 2205 2523 men
2220 2474 2308 2523 est
2326 2467 2571 2521 hominis
2593 2464 2959 2536 assumpti,et
2986 2463 3393 2532 interpretatur
3411 2462 3683 2519 salealor,

396 2550 515 2603 dico
564 2555 817 2619 tempore.
872 2551 940 2606 Id
972 2558 1058 2607 est
1087 2570 1188 2624 per
1230 2560 1344 2607 tres
1372 2570 1571 2617 annos,
1604 2554 1699 2607 sed
1731 2570 1833 2608 nec
1861 2560 1996 2608 tunc
2079 2576 2144 2613 eo
2174 2557 2322 2628 quod
2352 2557 2593 2611 salvum.
2625 2554 2793 2608 faciet
2819 2553 3089 2624 populum
3142 2567 3307 2604 suum
3346 2565 3381 2601 α
3433 2546 3683 2618 peccatis

400 2639 899 2712 seducere'poterit
914 2659 1009 2695 eos
1030 2642 1126 2713 qui
1146 2642 1215 2696 ad
1248 2643 1421 2696 vitam
1444 2649 1576 2697 sunt
1592 2642 1996 2713 praedestinati,
2080 2663 2294 2701 eorum.
2309 2644 2556 2698 Verbum
2584 2648 2774 2697 autem
2789 2642 2891 2696 Dei
2914 2640 3174 2693 divinitas
3196 2636 3537 2706 intelligitur
3553 2634 3685 2689 Filii

400 2728 498 2781 sed
520 2746 614 2783 eos
636 2747 776 2800 quos
798 2736 1103 2800 antequam
1132 2731 1728 2792 solveretur.scductos
1746 2731 1993 2785 tenebat.
2080 2736 2202 2796 Dei,
2232 2734 2291 2787 in
2320 2750 2432 2804 qua
2455 2732 2687 2803 aequalis
2708 2738 2796 2785 est
2833 2730 3005 2784 Patri.
3027 2728 3267 2799 Propter
3292 2725 3687 2780 testimonium

401 2815 545 2878 Quia
572 2817 717 2872 sicut
735 2834 885 2872 nunc
911 2819 1195 2888 alligatus,
1228 2836 1263 2872 a
1294 2820 1519 2873 laesione
1563 2820 1812 2873 ﬁdelium
1840 2819 2000 2873 cohi-
2083 2839 2215 2893 ergo
2244 2823 2397 2885 Jesu,
2428 2826 2486 2874 et
2512 2825 2742 2891 propter
2770 2817 3002 2872 verbum
3035 2817 3151 2879 Dei,
3214 2815 3271 2868 id
3331 2819 3418 2869 est
3453 2818 3690 2885 propter

400 2902 582 2970 betur,
615 2907 696 2960 sic
721 2907 891 2962 etiam
938 2914 1073 2962 tunc
1101 2909 1338 2971 solutus.
1368 2924 1404 2961 a
1427 2909 1750 2962 seductione
1776 2909 1999 2962 illorum
2020 2922 2070 2986 Ο
2086 2911 2249 2965 ﬁdem
2266 2908 2636 2963 humanitatis
2657 2915 2713 2961 et
2727 2906 3035 2962 divinitatis
3057 2903 3496 2975 ejus,interfecti
3515 2908 3680 2958 sunt.

401 2994 622 3048 virtutis
650 2997 903 3066 potentia
928 2997 1293 3068 deprimetur.
1327 2997 1567 3050 Etmille
1588 2997 1814 3067 quidem
1840 2997 1998 3058 anni.
2081 3000 2195 3052 Cur
2222 3004 2413 3051 autem
2437 2997 2837 3050 decollatorum
2870 2995 3073 3048 animae
3098 2993 3419 3063 specialiter
3438 2991 3572 3044 visa:
3601 2990 3691 3044 di-

401 3091 675 3152 quantum
732 3085 803 3138 ad
851 3085 1056 3139 electos
1088 3086 1351 3157 pertinet,
1384 3102 1549 3139 omne
1582 3092 1806 3156 tempus
1837 3085 1999 3139 istius
2083 3093 2308 3149 cuntur,
2348 3102 2477 3139 cum
2506 3101 2617 3138 non
2644 3085 2700 3137 hi
2730 3083 3082 3138 solummodo
3136 3099 3264 3136 cum
3311 3080 3538 3134 Christo
3572 3080 3692 3132 sint

398 3170 526 3223 vita
550 3172 888 3241 signiﬁcant,
922 3191 1099 3245 usque
1128 3174 1200 3227 ad
1230 3174 1400 3231 ﬁnem
1427 3173 1614 3227 saeculi
1644 3194 1655 3228 :
1711 3173 1997 3236 Quantum

399 3261 588 3310 autem
616 3259 688 3311 ad
716 3261 1188 3330 reprobos,usque
1216 3262 1286 3314 ad
1313 3261 1615 3314 adventum
1637 3260 1992 3314 Antichristi.

398 3344 556 3397 Tunc
582 3345 677 3398 ille
707 3347 866 3415 quasi
917 3349 1064 3401 exiet
1086 3349 1373 3408 seducere.
1408 3349 1540 3418 quia
1577 3348 1997 3419 comparatione

401 3431 553 3486 illius
601 3434 962 3498 seductionis.
991 3437 1103 3490 ista
1145 3453 1267 3507 quae
1316 3453 1466 3490 nunc
1502 3437 1692 3507 agitur
1747 3436 2000 3489 seductio

402 3537 525 3575 esse
554 3521 901 3613 denegatur.’
921 3525 1082 3588 Quod
1130 3525 1179 3579 si
1239 3526 1364 3595 quis
1414 3525 1669 3596 inquirit,
1699 3541 1799 3578 cur
1855 3525 2002 3578 Deus

402 3626 567 3680 quem
581 3612 755 3665 semel
775 3612 1042 3683 alligavit,
1070 3614 1206 3668 solvi
1229 3615 1446 3667 modico
1482 3620 1736 3684 tempore
1779 3612 1953 3665 voluit
1984 3631 1995 3665 :

402 3698 460 3753 Si
489 3716 524 3752 a
551 3716 642 3753 me
669 3701 892 3770 quaeris,
917 3702 1054 3755 dicit
1074 3702 1271 3756 beatus
1286 3701 1753 3763 Ambrosius,cito
1772 3717 2004 3770 respon-

400 3786 524 3852 deo,
549 3792 608 3840 et.
626 3792 689 3841 ut
709 3788 808 3841 Dei
831 3789 1024 3854 virtus,
1050 3796 1107 3843 et
1124 3790 1333 3844 diaboli
1350 3790 1652 3843 inﬁrmitas
1673 3788 1997 3841 manifeste-

399 3880 496 3928 tur
521 3875 695 3929 virtus
741 3877 863 3940 Dei,
895 3877 953 3930 in
984 3878 1104 3938 hoc,
1139 3879 1289 3948 quod
1308 3878 1489 3931 sancti
1518 3878 1690 3931 etiam
1722 3877 1869 3930 inter
1897 3878 1999 3930 ﬁa-

396 3964 546 4033 gella
590 3970 647 4018 et
678 3965 1107 4020 tribulationum
1137 3967 1427 4036 angustias
1455 3972 1779 4021 constanter
1807 3967 1865 4019 in
1893 3966 2003 4019 ﬁde

400 4058 778 4122 perseverant.
812 4053 1116 4108 Inﬁrmitas
1143 4061 1332 4108 autem
1361 4055 1570 4107 diaboli
1620 4056 1679 4107 in
1709 4054 1815 4108 hoc
1857 4055 2005 4124 quod

399 4141 571 4194 etiam
603 4158 635 4194 a
661 4142 860 4212 puellis
884 4149 942 4196 et
963 4142 1274 4196 infantibus
1304 4142 1563 4197 vincitur.
1594 4143 1651 4196 Si
1685 4143 1833 4196 enim
1866 4159 2007 4196 nun-

402 4246 570 4299 quam
600 4231 928 4293 solveretur,
960 4232 1151 4284 minus
1178 4235 1480 4302 appareret
1502 4231 1549 4300 ej
1561 4247 1624 4284 us
1653 4231 1901 4300 maligna
1926 4238 2008 4285 at-

401 4334 509 4388 que
537 4318 778 4371 crudelis
807 4320 1076 4387 potentia,
1106 4320 1293 4372 minus
1323 4321 1492 4372 etiam
1516 4319 1852 4389 probaretur
1879 4336 2006 4373 san-

401 4409 620 4458 ctorum
644 4404 900 4473 gentium
919 4405 1247 4459 ﬁdelissima
1266 4406 1826 4477 patientiaSolvetur
1850 4408 2000 4461 enim

398 4494 619 4549 modico
649 4500 919 4563 tempore,
954 4498 1012 4548 et
1044 4494 1176 4547 totis
1216 4494 1426 4547 viribus
1457 4497 1646 4549 saeviet
1672 4502 1869 4549 contra
1898 4497 2006 4549 ele-

401 4588 540 4647 ctos,
574 4588 638 4636 ut
665 4581 724 4636 in
777 4582 888 4635 illis
924 4589 981 4637 et
1028 4583 1128 4637 Dei
1158 4584 1412 4653 potentia
1443 4592 1577 4638 nota
1622 4586 1721 4637 ﬁat
1766 4586 1861 4655 qui
1890 4601 2003 4638 non

398 4678 667 4742 poterunt
694 4672 837 4727 vinci
867 4679 1025 4727 tanto
1052 4673 1175 4742 ejus
1204 4673 1440 4743 impetu,
1462 4679 1518 4727 et
1540 4673 1631 4726 ille
1661 4690 1821 4727 suam
1852 4673 2005 4726 inﬁr-

399 4761 655 4815 mitatem
682 4768 739 4815 et
767 4762 1050 4832 propriam
1087 4762 1484 4831 impotentiam
1529 4761 1821 4815 erubescat
1874 4766 2001 4815 tan-

399 4867 567 4920 quam
600 4851 651 4904 ei
680 4850 899 4904 dicatur
918 4868 952 4903 a
972 4851 1086 4904 Deo
1113 4851 1501 4920 exprobrantis
1522 4851 1817 4916 voce,Vide
1832 4868 2001 4920 quam

401 4938 659 4993 inﬁrmus
686 4940 782 5001 sis,
807 4940 903 5009 qui
933 4956 966 4992 a
990 4939 1190 5009 puellis
1220 4939 1477 4992 vinceris.

473 5028 538 5080 El
568 5030 689 5095 vidi
709 5030 851 5080 sedes
879 5032 926 5080 et
956 5030 1216 5081 sederunt
1234 5044 1399 5095 super
1426 5045 1514 5081 cas
1536 5034 1584 5082 et
1596 5031 1884 5097 judicium
1910 5030 2006 5081 da-

408 5119 528 5169 tum
553 5120 629 5168 est
669 5117 803 5167 illis.
837 5117 1095 5170 Thronus
1126 5116 1315 5170 Grzece
1340 5116 1538 5170 Latine
1576 5117 1783 5171 dicitur
1810 5118 1995 5174 sedes.

400 5204 511 5259 Per
537 5203 700 5257 sedes
724 5218 852 5256 vero
904 5204 1189 5274 generalis
1221 5205 1466 5258 Ecclesia
1498 5206 1849 5275 exprimitur.
1900 5208 2008 5259 Per

404 5309 652 5350 sessores
708 5296 896 5346 autem
941 5293 1121 5346 sancti
1166 5293 1561 5363 intelliguntur
1591 5296 2004 5365 praedicatores,

2078 3174 2413 3244 regnaturi?
2447 3174 2727 3227 Nimirum
2768 3179 2996 3244 propter
3025 3170 3475 3226 excellentiorem
3506 3167 3695 3237 digni-

2080 3265 2214 3316 tatis
2241 3262 2498 3332 gradum.
2522 3261 2708 3316 Erunt
2736 3260 2942 3331 quippe
2976 3260 3219 3329 virgines
3248 3258 3344 3323 ibi,
3377 3256 3691 3326 conjugati.

2081 3358 2137 3405 et
2166 3351 2371 3416 caeteri,
2414 3350 2512 3403 sed
2574 3352 2845 3420 majorem
2873 3348 3116 3417 gloriam
3146 3346 3431 3407 habebunt
3484 3345 3542 3397 bi
3596 3344 3695 3414 qui

2082 3439 2416 3510 martyrium
2468 3456 2568 3509 pro
2611 3438 2822 3492 Christi
2876 3436 3103 3490 nomine
3140 3441 3274 3489 sunt
3299 3433 3570 3506 perpessi.
3607 3434 3691 3486 De

2085 3528 2289 3599 quibus
2310 3528 2494 3581 adhuc
2541 3526 2801 3580 subditur
2828 3532 2876 3579 cl
2906 3529 3007 3593 qui
3021 3541 3132 3579 non
3152 3526 3529 3577 adorarerunl
3577 3522 3693 3573 bes-

2085 3620 2431 3683 tiam,nequc
2461 3619 2763 3682 imaginem
2791 3614 2990 3683 ejus,id
3020 3620 3108 3667 est
3133 3612 3563 3669 Antichristum.
3600 3626 3699 3662 nec

2082 3710 2403 3771 acceperunt
2422 3706 2795 3757 eharacierem
2824 3708 2940 3771 ejus
2961 3706 3025 3755 in
3051 3703 3331 3769 frontibus
3346 3702 3483 3753 suis.
3518 3699 3581 3752 1d
3612 3706 3701 3751 est

2080 3794 2138 3847 in
2160 3793 2440 3857 ﬁde,sicut
2466 3792 2644 3846 Judaei
2671 3791 3018 3847 faciunt.Aut
3050 3794 3113 3844 in
3145 3787 3497 3843 manibind
3526 3794 3615 3841 est
3639 3787 3697 3839 in

2084 3898 2272 3951 opere,
2292 3881 2437 3934 sicut
2456 3881 2671 3934 faciunt
2691 3896 2804 3933 non
2824 3880 3004 3933 solum
3027 3879 3233 3950 pagani
3262 3878 3359 3948 qui
3380 3892 3553 3947 opera
3571 3874 3697 3927 dia-

2086 3970 2199 4023 boli
2220 3974 2568 4041 perpetrant,
2590 3970 2689 4022 sed
2719 3969 2886 4022 etiam
2909 3968 3035 4022 falsi
3067 3965 3496 4035 Christiani,qui
3528 3964 3699 4017 ﬁdem

2092 4075 2260 4129 quam
2314 4058 2522 4112 habent
2570 4057 2832 4129 operibus
2861 4058 3179 4116 destruunt.
3232 4056 3301 4109 de
3327 4054 3532 4125 quibus
3559 4053 3701 4106 satis

2091 4164 2263 4218 supra
2287 4148 2498 4201 dictum
2510 4153 2613 4200 est.
2638 4148 2944 4200 Possumus
2965 4152 3023 4199 et
3044 4145 3350 4215 imaginem
3385 4143 3577 4196 bestia:
3611 4158 3706 4195 ac-

2089 4236 2273 4307 cipere
2290 4252 2456 4290 omne
2476 4252 2678 4305 corpus
2694 4234 2981 4295 diaboli.id
3002 4240 3088 4288 est
3106 4250 3303 4288 omnes
3316 4231 3584 4302 reprobos
3601 4231 3704 4300 qui

2089 4325 2249 4378 illum
2280 4324 2787 4387 imitantur.Quam
2809 4324 3114 4392 imaginem
3135 4324 3275 4393 justi
3298 4337 3411 4375 non
3433 4319 3700 4376 adorant.
3770 4344 3781 4351 ·

2090 4412 2223 4482 quia
2252 4412 2310 4466 in
2338 4413 2492 4465 nullo
2523 4411 2790 4482 reprobos
2818 4412 3138 4465 imitantur.
3169 4412 3364 4480 Neque
3388 4408 3539 4462 enim
3569 4408 3705 4461 bes-

2087 4503 2226 4555 tiam
2256 4503 2513 4567 adorant,
2535 4518 2718 4571 neque
2730 4502 3114 4555 characterem
3132 4501 3290 4554 illius
3311 4500 3370 4553 in
3390 4499 3579 4552 fronte
3598 4504 3705 4551 aut

2086 4591 2145 4643 in
2174 4607 2346 4643 manu
2375 4607 2479 4643 sua
2497 4590 2802 4660 accipiunt,
2832 4589 2964 4659 quia
3013 4605 3117 4642 nec
3166 4588 3490 4641 Judazorum
3524 4586 3703 4641 Anti-

2085 4679 2356 4748 christum
2378 4678 2821 4748 exspectantium
2843 4677 3156 4747 perﬁdiam,
3179 4692 3283 4730 nec
3301 4674 3703 4729 hzereticorum

2085 4765 2306 4835 dogma,
2341 4783 2407 4818 ac
2431 4765 2685 4835 gentium
2717 4771 3033 4834 sequuntur
3061 4779 3329 4817 errorem.
3355 4762 3518 4816 Unde
3546 4762 3708 4832 Apo-

2086 4855 2265 4908 stolus
2283 4854 2552 4907 admonet
2568 4854 2778 4908 dicens:
2803 4854 2982 4907 Nolite
2992 4857 3199 4920 jugum
3220 4853 3415 4906 ducere
3432 4868 3561 4903 cum
3574 4854 3709 4917 inﬁ-

2086 4944 2297 4996 delibus
2350 4944 2430 5011 (ll
2456 4943 2581 4997 Cor.
2623 4944 2721 5009 v1).
2779 4942 2909 4995 Non
2935 4941 3087 4995 enim
3119 4940 3359 4994 adorant
3387 4940 3706 5009 imaginem

2091 5030 2301 5093 bestiae.
2332 5031 2386 5083 id
2420 5037 2506 5085 est
2534 5048 2647 5085 non
2671 5030 2968 5084 imitantur
2989 5029 3407 5083 simulationem
3428 5027 3712 5096 reprobo-

2090 5118 2342 5189 rum,qui
2374 5119 2505 5172 ﬁdei
2534 5120 2946 5173 confessionem
2967 5135 3062 5172 ore
3091 5119 3401 5189 proferunt,
3449 5117 3550 5170 sed
3576 5117 3707 5169 inﬁ-

2090 5207 2293 5261 deliter
2316 5207 2533 5260 vivunt:
2552 5207 2619 5261 Et
2640 5210 2897 5259 vixerunt
2922 5212 2971 5259 et
2995 5211 3369 5274 regnaverunt
3391 5222 3521 5258 cum
3537 5205 3713 5259 Chri-

2093 5301 2173 5349 sto
2204 5297 2358 5347 mille
2397 5299 2586 5349 annis.
2622 5296 2812 5367 Sancti
2842 5300 2900 5348 et
2929 5295 2986 5348 in
3020 5295 3281 5366 praesenti
3318 5294 3434 5347 vita
3462 5299 3716 5363 regnant

400 5383 458 5436 id
487 5388 573 5436 est
600 5380 895 5436 duodecim
925 5381 1183 5451 apostoli,
1229 5388 1286 5435 et
1331 5394 1527 5436 omnes
1556 5384 1654 5453 qui
1698 5384 1998 5454 perfectam
2081 5401 2209 5438 cum
2260 5383 2486 5438 Christo
2519 5390 2577 5437 et
2622 5385 2680 5436 in
2710 5383 2904 5437 futura
2934 5383 3271 5454 regnabunt.
3306 5382 3553 5451 Ideoque
3605 5397 3716 5450 per

397 5470 571 5527 vitam
620 5471 847 5525 illorum
889 5475 1025 5525 sunt
1067 5468 1301 5530 imitati.
1339 5472 1484 5527 Nam
1534 5479 1592 5525 et
1638 5471 1726 5525 his
1774 5473 2002 5529 sedibus
2082 5472 2480 5527 millenarium
2513 5487 2818 5541 numerum
2858 5479 2915 5526 et
2933 5477 3270 5543 praesentem
3288 5469 3461 5523 vitam
3482 5474 3539 5522 et
3558 5469 3717 5525 tutu~
