4006 6164
364 260 510 319 1185

1275 240 1655 316 EXPOSITIO
1688 261 1767 315 IN
1790 258 2315 316 APOCALYPSIN.
2358 290 2423 301 —
2454 258 2599 324 LIB,
2627 258 2760 319 VII.

3504 261 3641 319 1186

368 402 493 440 ram
516 384 885 455 intelligimus
918 402 929 435 :
967 383 1111 447 Quia
1138 399 1376 454 regnum
1406 390 1729 439 sanctorum
1772 385 1832 438 in
1873 383 1966 437 die
1984 385 2241 444 Aanima
2268 386 2411 441 sicut
2430 388 2691 442 diximus.
2716 388 2911 442 Altera
2930 402 3053 456 quae
3073 386 3132 438 in
3151 384 3340 439 futuro
3359 392 3646 457 exspecta-

362 474 565 543 judicii
596 490 709 528 non
736 471 1152 535 terminabitur,
1186 473 1284 526 sed
1314 480 1681 542 augmentum
1715 473 1967 543 accipiet.

368 560 499 614 Jam
529 562 679 616 enim
710 568 951 631 regnant
972 577 1072 631 per
1099 561 1288 627 ﬁdem,
1322 568 1378 615 et
1419 563 1591 616 etiam
1622 562 1681 615 in
1711 561 1838 622 illis,
1877 561 1973 631 qui

371 651 620 720 quotidie
642 650 712 703 ab
735 650 840 702 hac
859 650 973 702 vita
990 655 1292 702 transeunt
1310 666 1409 719 per
1433 656 1687 720 apertam
1707 649 1969 720 speciem,

372 740 469 791 sed
489 744 624 792 tunc
636 739 882 809 amplius
895 737 1461 808 regnabunt,quando
1478 739 1645 792 simul
1662 739 1719 791 in
1737 753 1971 808 regnum

372 824 822 886 introducentur,
849 827 1023 877 eterit
1050 826 1192 877 Deus
1215 828 1405 878 omnia
1428 829 1490 879 in
1508 828 1766 879 omnibus
1783 826 1971 895 (1001'.

375 921 479 969 xv).
513 912 679 968 Unde
710 919 769 965 et
795 911 943 964 idem
970 912 1216 965 Joannes
1265 912 1323 965 in
1364 913 1614 983 Epistola
1660 929 1765 966 sua
1791 912 1925 965 dicit
1958 930 1970 963 :

379 1001 729 1066 Charissimi,
744 1016 898 1054 nunc
912 1002 1023 1066 filii
1041 1001 1139 1053 Dei
1156 1017 1371 1068 sumus,
1387 1007 1435 1054 et
1448 1002 1693 1054 nondum
1711 1003 1975 1068 apparuit

379 1090 524 1158 quod
553 1092 783 1142 erimus.
803 1089 1021 1143 Scimus
1036 1094 1241 1154 autem,
1267 1092 1399 1155 quia
1414 1106 1540 1142 eum
1559 1091 1886 1156 apparuerit
1904 1091 1976 1141 si-

384 1180 543 1231 miles
568 1180 619 1230 εἰ
645 1179 876 1241 erimus,
905 1179 1170 1244 quoniam
1214 1178 1516 1229 videbimus
1553 1193 1678 1230 eum
1706 1179 1873 1229 siculi
1900 1180 1975 1228 est

382 1267 433 1335 (1
459 1268 620 1319 Joan.
648 1266 758 1336 Ill).

454 1354 642 1407 (Lateri
653 1359 1003 1407 mortuorum
1018 1370 1128 1407 non
1139 1356 1400 1406 vixerunt
1414 1355 1580 1406 donec
1595 1370 1977 1407 consummen-

384 1448 480 1495 tur
508 1444 663 1494 mille
684 1445 846 1495 anni.
867 1441 1024 1495 Sicut
1047 1458 1219 1511 supra
1240 1442 1419 1495 sancti
1444 1441 1856 1511 intelliguntur,
1881 1441 1977 1511 qui

382 1546 606 1600 semper
632 1546 761 1584 cum
791 1529 1012 1583 Christo
1052 1536 1186 1582 sunt
1213 1530 1522 1599 regnaturi,
1546 1530 1626 1583 ita
1672 1536 1729 1582 et
1767 1530 1859 1582 hic
1888 1545 1976 1582 re-

381 1617 562 1689 probi,
605 1618 701 1688 qui
729 1632 1022 1687 nunquam
1051 1622 1185 1669 sunt
1231 1616 1449 1669 victuri.
1484 1616 1615 1670 Ideo
1662 1616 1812 1670 enim
1842 1617 1979 1670 dicit

2053 476 2217 528 turin
2239 492 2490 546 corpore.
2518 478 2597 531 De
2618 478 2722 530 hac
2752 477 2959 546 quippe
2980 475 3407 536 resurrectione.
3434 493 3557 546 quae
3584 477 3646 531 in

2054 564 2315 632 praesenti
2345 565 2410 617 ﬁt
2441 582 2540 635 per
2569 565 2932 635 baptismum,
2954 563 3253 633 Apostolus
3282 562 3538 616 ﬁdelibus
3569 564 3650 616 di-

2054 651 2130 704 cit
2163 668 2175 706 :
2202 653 2265 707 Si
2294 657 2718 707 eonsurrexistis
2739 670 2865 707 cum
2878 653 3111 718 Christo,
3136 668 3253 719 qua:
3273 667 3498 704 sursum
3519 658 3651 706 sunt

2057 742 2228 806 sapite
2257 740 2391 809 (Col.
2427 745 2527 809 III).

2129 829 2342 891 Beatus,
2362 829 2415 882 id
2439 843 2523 882 est
2544 829 2691 883 felix.
2712 831 2779 883 Et
2797 834 3020 882 sanctus
3040 831 3140 895 qui
3160 829 3316 881 habet
3340 837 3559 896 partem
3589 832 3654 884 in

2058 921 2454 970 resurrectione
2469 922 2681 985 prima,
2695 918 2751 970 id
2774 924 2857 971 est
2874 918 2969 987 qui
2988 917 3079 970 hic
3099 915 3341 984 resurgit
3364 916 3421 969 in
3440 918 3649 971 anima.

2058 1003 2211 1056 Felix
2233 1010 2320 1057 est
2347 1006 2517 1071 enim,
2550 1007 2647 1075 qui
2676 1007 2811 1059 dum
2850 1005 3035 1058 adhuc
3070 1005 3203 1057 vivit
3239 1004 3297 1057 in
3336 1020 3587 1075 corpore,
3620 1022 3655 1059 a

2058 1098 2239 1145 morte
2268 1094 2468 1147 animae
2501 1095 2765 1163 resurgit,
2797 1094 2930 1163 quia
2956 1094 3090 1147 dum
3111 1093 3293 1147 carnis
3316 1094 3653 1147 resurrectio

2057 1180 2365 1245 advenerit,
2394 1183 2451 1234 in
2482 1190 2691 1235 aeterna
2718 1182 2915 1234 laetitia
2942 1181 3105 1259 vivet.
3132 1180 3234 1234 Ille
3260 1182 3409 1235 enim
3439 1188 3567 1252 post
3598 1182 3656 1236 in

2059 1284 2223 1322 carne
2243 1269 2481 1323 feliciter
2500 1275 2774 1338 resurget,
2799 1269 2895 1338 qui
2917 1269 2974 1321 in
3000 1270 3103 1322 hac
3118 1270 3229 1323 vita
3254 1286 3288 1323 a
3309 1270 3515 1323 mentis
3535 1286 3650 1325 sua:

2057 1363 2238 1411 morte
2266 1358 2590 1411 resurrexit.
2616 1359 2683 1410 Et
2715 1360 2777 1410 in
2807 1359 2893 1409 his
2921 1360 3158 1410 secunda
3178 1375 3325 1411 mors
3356 1375 3467 1413 non
3500 1360 3657 1413 habet

2056 1451 2391 1513 potestatem.
2419 1446 2575 1500 Sicut
2603 1445 2813 1499 scilicet
2842 1444 3012 1498 habet
3040 1445 3097 1497 in
3128 1445 3398 1515 reprobis,
3432 1447 3502 1500 de
3530 1448 3656 1516 qui-

2060 1533 2162 1587 bus
2200 1534 2336 1587 satis
2366 1534 2749 1604 supradictum
2780 1538 2865 1586 est
2898 1551 2910 1585 :
2945 1536 3136 1589 Galeri
3162 1540 3515 1587 mortuorum
3547 1550 3659 1588 non

2060 1627 2340 1685 vixerunt,
2365 1629 2469 1675 etc.
2495 1623 2638 1686 Quia
2658 1622 2808 1675 cnim
2827 1621 2885 1673 hi
2904 1622 3000 1691 qui
3022 1621 3178 1691 prius
3199 1638 3232 1674 a
3252 1627 3434 1675 morte
3456 1623 3658 1677 animae

383 1706 588 1768 caeteri,
616 1706 748 1776 quia
786 1712 842 1759 et
877 1704 1055 1757 sancti
1106 1704 1428 1757 moriuntur
1455 1704 1513 1756 in
1544 1705 1804 1775 praesenti
1832 1704 1969 1762 vita.
1996 1687 2042 1744 Β
2061 1727 2357 1780 resurgere
2387 1711 2743 1774 studuerunt,
2775 1710 2833 1762 in
2862 1710 2950 1762 his
2980 1712 3219 1763 secunda
3250 1726 3420 1776 mors,
3448 1710 3553 1763 hoc
3576 1717 3662 1764 est

383 1796 551 1849 Juxta
579 1794 727 1864 quod
744 1794 954 1847 Paulus
974 1792 1109 1846 dicit
1129 1812 1139 1845 :
1171 1795 1495 1859 Mortiﬁcate
1514 1795 1761 1846 membra
1776 1799 1973 1856 rastra,

386 1900 505 1951 qua:
534 1887 666 1935 sunt
702 1898 868 1951 super
898 1887 1128 1947 terram,
1180 1886 1284 1934 etc.
1318 1881 1453 1947 (Col.
1492 1888 1593 1947 III).
1627 1882 1697 1935 Et
1727 1883 1927 1935 iterum
1962 1900 1974 1935 :

386 1972 597 2025 Mortui
615 1974 758 2033 estis,
785 1976 832 2024 et
861 1973 976 2023 vita
996 1976 1173 2023 vestra
1193 1971 1509 2022 abscondita
1530 1975 1605 2022 est
1625 1987 1751 2023 cum
1767 1971 1980 2024 Christo

386 2063 451 2112 in
479 2061 582 2113 Deo
622 2058 828 2126 (Ibid.).
857 2058 957 2112 Isti
987 2057 1177 2127 itaque
1198 2057 1518 2111 moriuntur
1541 2064 1791 2128 peccato,
1813 2063 1982 2128 atque

388 2147 511 2200 ideo
538 2146 598 2199 in
626 2152 899 2201 aeternum
930 2146 1117 2202 vivent
1142 2162 1269 2199 cum
1298 2146 1537 2200 Christo.
1573 2146 1771 2200 Caetcri
1793 2153 1983 2200 autem

390 2242 740 2288 mortuorum
767 2236 864 2304 qui
894 2235 950 2287 in
980 2235 1172 2288 anima
1203 2251 1301 2305 per
1323 2242 1615 2305 peccatum
1654 2242 1786 2288 sunt
1833 2251 1985 2288 mor-

394 2324 498 2388 tui,
532 2340 645 2377 non
673 2324 950 2388 vixerunt,
983 2323 1041 2376 id
1065 2329 1150 2376 est
1177 2339 1289 2376 non
1317 2324 1519 2377 vivent.
1548 2323 1687 2387 Quia
1715 2323 1866 2375 enim
1895 2322 1987 2376 hic

392 2428 504 2465 non
528 2412 719 2465 vivunt
738 2428 839 2482 per
859 2412 1026 2464 ﬁdem
1047 2418 1104 2464 et
1123 2412 1527 2482 operationem,
1546 2411 1657 2463 illic
1671 2427 1778 2464 non
1802 2411 1987 2464 vivent

394 2517 497 2572 per
524 2500 1017 2556 resurrectionem.
1056 2500 1219 2553 Tales
1260 2499 1455 2569 utique
1505 2505 1564 2552 et
1608 2498 1697 2552 hic
1738 2500 1985 2552 viventes

395 2589 604 2643 mortui
634 2595 765 2642 sunt
793 2589 849 2641 in
871 2589 1080 2652 anima,
1117 2594 1173 2641 et
1198 2588 1444 2658 quotidie
1461 2588 1631 2640 etiam
1648 2588 1719 2640 ad
1749 2595 1987 2640 mortem

395 2683 711 2742 transeunt,
737 2678 960 2748 quando
980 2677 1050 2729 ab
1075 2677 1179 2730 hac
1199 2676 1311 2729 vita
1329 2676 1654 2746 migrantes,
1681 2677 1740 2729 in
1768 2675 1987 2729 inferno

395 2765 756 2831 damnantur,
778 2765 909 2818 etin
930 2765 1120 2817 futuro
1142 2763 1474 2825 morientur,
1508 2763 1730 2833 quando
1775 2780 1887 2817 non
1917 2762 1989 2816 ad

396 2856 504 2907 hoc
528 2860 825 2923 resurgent
848 2858 911 2907 ut
929 2859 1125 2922 postea
1144 2852 1351 2915 vivant,
1377 2852 1475 2905 sed
1496 2861 1560 2905 ut
1590 2851 1831 2921 acceptis
1861 2868 1987 2905 cor-

2062 1799 2348 1853 damnatio
2370 1805 2659 1869 perpetua,
2686 1814 2798 1851 non
2818 1797 2988 1850 habet
3008 1802 3343 1862 potestatem
3371 1816 3384 1862 ;
3417 1802 3482 1851 ut
3507 1798 3661 1851 enim

2063 1888 2447 1958 supradictum
2479 1894 2582 1952 est,
2613 1888 2759 1940 sicut
2786 1893 2921 1940 sunt
2948 1886 3071 1940 duae
3098 1886 3554 1951 resurrectiones,
3581 1886 3658 1940 si-

2061 1978 2271 2030 militer
2299 1984 2356 2030 et
2373 1977 2497 2031 duae
2526 1982 2755 2030 mortes.
2790 1976 2893 2030 Sed
2920 1980 3085 2027 erunt
3122 1976 3417 2028 sacerdotes
3443 1977 3540 2028 Dei
3558 1975 3661 2028 Pa-

2064 2066 2186 2128 tris,
2218 2071 2266 2119 et
2293 2066 2498 2120 Christi
2531 2066 2672 2134 ejus,
2715 2064 2771 2117 id
2802 2069 2887 2117 est
2915 2062 3059 2116 Filii.
3093 2064 3158 2117 Et
3196 2064 3507 2129 regnabant
3532 2080 3660 2116 cum

2065 2157 2164 2209 illo
2186 2156 2338 2207 mitte
2368 2157 2555 2207 annis.
2588 2154 2719 2207 Haec
2746 2151 2916 2205 verba
2946 2168 3059 2204 non
3098 2152 3169 2204 ad
3198 2151 3346 2204 solos
3381 2150 3664 2221 pertinent

2067 2243 2357 2312 episcopos
2377 2258 2441 2295 ac
2462 2241 2843 2312 presbyteros,
2863 2240 2960 2293 sed
2983 2241 3054 2293 ad
3076 2256 3269 2293 omnes
3290 2240 3501 2304 ﬁdeles,
3534 2240 3663 2309 qui-

2068 2347 2288 2400 cunque
2320 2330 2532 2384 scilicet
2558 2336 2693 2383 sunt
2717 2329 2971 2382 membra
2998 2328 3114 2381 veri
3134 2328 3281 2398 regis
3308 2333 3364 2381 et
3387 2327 3665 2398 pontiﬁcis

2068 2419 2298 2485 Christi,
2330 2418 2532 2489 quibus
2547 2418 2748 2471 Petrus
2773 2419 3061 2487 apostolus
3092 2416 3227 2469 dicit
3257 2430 3269 2463 :
3314 2418 3403 2469 Vos
3433 2419 3557 2469 estis
3575 2434 3667 2484 ge-

2070 2524 2176 2560 nus
2205 2509 2451 2567 electum,
2489 2509 2667 2573 regale
2697 2507 3061 2559 sacerdotium
3088 2507 3141 2573 (I
3171 2507 3314 2557 Petr.
3350 2510 3455 2561 III).
3483 2505 3665 2574 Reges

2071 2595 2276 2666 quippe
2297 2601 2448 2656 sunt,
2472 2594 2605 2663 quia
2633 2599 2690 2646 et
2710 2594 2769 2646 in
2794 2611 2854 2646 se
2884 2599 2941 2646 et
2973 2592 3028 2645 in
3058 2591 3313 2656 subditis,
3340 2598 3527 2645 motus
3541 2607 3666 2645 car-

2070 2684 2283 2737 nalium
2316 2682 2719 2752 cogitationum
2748 2680 2889 2734 bene
2917 2686 3139 2750 regunt.
3161 2681 3508 2745 Sacerdotes,
3534 2680 3667 2750 quia

2071 2771 2284 2842 seipsos
2298 2770 2729 2835 mortiﬁcant,ut
2748 2769 2932 2823 hostia
2943 2770 3065 2821 viva
3080 2768 3325 2822 fiant.De
3343 2767 3545 2838 quibus
3566 2784 3667 2838 per

2069 2860 2405 2930 prophetam
2427 2858 2650 2911 dicitur:
2661 2861 2760 2913 Isti
2770 2863 2901 2911 sunt
2913 2860 3025 2925 ﬁlii
3041 2858 3270 2923 Sadoch,
3286 2860 3386 2924 qui
3404 2859 3667 2910 accedunt

394 2942 624 3012 poribus
652 2942 859 2995 iterum
888 2941 958 2993 ad
987 2946 1226 2993 mortem
1256 2946 1545 2993 transeant
1564 2940 1986 3009 sempiternam.
2011 2953 2054 3012 Ο
2071 2950 2134 3002 de
2156 2951 2290 3014 ﬁliis
2303 2949 2426 3001 Levi
2436 2949 2509 3000 ad
2521 2948 2821 3000 Dominum
2842 2948 3239 2999 utministrent
3252 2948 3303 2998 ei
3315 2946 3527 3011 (Ezeeh.
3543 2949 3627 3013 xL)
3645 2989 3657 3001 .

394 3032 466 3084 Et
479 3047 591 3083 non
612 3035 745 3084 sunt
758 3029 957 3083 victuri
971 3029 1146 3082 donec
1167 3035 1630 3082 consummentur
1655 3028 1806 3081 mille
1829 3028 1983 3094 anni,

395 3119 452 3173 id
469 3126 555 3172 est
575 3136 672 3189 per
693 3119 881 3172 omnia
898 3117 1088 3171 futura
1105 3117 1466 3187 tempora,ita
1482 3117 1561 3169 illi
1576 3117 1766 3170 miseri
1783 3116 1991 3170 mortui

394 3214 581 3263 erunt,
614 3213 672 3261 et
701 3223 992 3277 nunquam
1014 3223 1048 3258 a
1076 3206 1191 3259 vita
1217 3204 1462 3275 separati
1492 3204 1672 3257 vivere
1701 3211 1983 3274 poterunt.

394 3296 600 3351 Mortui
618 3296 821 3367 quippe
842 3301 1004 3348 erant
1023 3301 1173 3359 ante,
1199 3293 1295 3347 sed
1316 3293 1375 3345 in
1399 3291 1489 3345 die
1504 3291 1703 3362 judicii
1734 3310 1884 3346 mors
1917 3294 1986 3346 il—

395 3387 582 3440 lorum
600 3402 713 3439 non
740 3384 975 3455 accipiet
1001 3383 1330 3447 terminum,
1356 3382 1452 3435 sed
1466 3383 1992 3453 augmentum,quia

397 3474 653 3527 videlicet
692 3473 753 3526 in
779 3479 897 3526 toto
923 3472 1042 3543 ipso
1070 3477 1325 3542 tempore
1354 3486 1464 3541 quo
1514 3470 1811 3523 volvuntur
1840 3470 1993 3523 mille

404 3563 559 3628 anni,
592 3562 894 3615 noluerunt
923 3560 1119 3613 audire
1147 3575 1333 3612 vocem
1355 3558 1480 3612 Filii
1509 3558 1707 3622 Dei,ut
1726 3559 1988 3612 viverent.

398 3653 515 3706 Has
548 3656 757 3704 mortes
786 3649 927 3702 duas
954 3647 1228 3701 Dominus
1246 3647 1302 3699 in
1325 3646 1624 3715 Evangelio
1650 3647 1993 3699 manifestat.

398 3742 481 3795 De
512 3737 773 3810 praesenti
804 3736 975 3799 enim,
994 3734 1126 3805 quia
1154 3733 1333 3786 sancti
1359 3733 1418 3786 in
1443 3733 1633 3785 anima
1652 3738 1778 3802 post
1798 3747 1993 3802 pecca-

399 3836 525 3885 tum
551 3832 791 3898 surgunt
816 3826 1087 3889 advitam,
1112 3823 1276 3877 dicit:
1312 3825 1459 3877 Venit
1478 3824 1633 3889 hora,
1657 3828 1706 3875 et
1727 3839 1877 3875 nunc
1895 3826 1987 3883 est,

404 3919 625 3990 quando
646 3919 854 3969 mortui
878 3916 1107 3968 audient
1130 3928 1307 3966 vocem
1332 3913 1463 3964 Filii
1480 3912 1593 3976 Dei,
1622 3916 1672 3964 et
1692 3913 1790 3978 qui
1799 3911 1994 3963 audie-

405 4011 545 4072 rint,
569 4008 751 4059 vivent
776 4004 953 4073 (Joan.
969 4001 1133 4067 v).De
1152 4000 1252 4053 illa
1270 4004 1461 4052 autem
1486 4016 1499 4053 :
1530 4000 1682 4051 Tunc
1700 4014 1884 4051 omnes
1898 3999 1997 4065 qui

408 4099 471 4150 in
496 4094 865 4148 monumentis
888 4095 1039 4155 sunt,
1061 4091 1292 4142 audient
1320 4104 1495 4140 vocem
1506 4088 1639 4140 Filii
1657 4087 1848 4141 Dei.Et
1868 4101 2000 4154 pro-

406 4185 611 4246 cedent,
643 4184 743 4250 qui
782 4182 920 4233 bona
957 4182 1225 4245 fecerunt,
1260 4179 1322 4230 in
1360 4178 1817 4229 resurrectionem
1855 4177 1994 4227 vitae.

2071 3038 2214 3091 Sunt
2241 3036 2430 3105 itaque
2448 3035 2766 3088 sacerdotes
2788 3040 2845 3088 et
2871 3050 3030 3104 rcges
3057 3033 3111 3086 in
3134 3033 3413 3103 praesenti.
3433 3033 3668 3087 Verum-

2070 3129 2262 3177 tamen
2293 3122 2668 3175 sacerdotium
2698 3128 2755 3174 et
2782 3137 3015 3191 regnum
3039 3121 3266 3174 illorum
3285 3122 3341 3174 in
3363 3122 3453 3175 die
3469 3121 3668 3190 judicii

2070 3228 2185 3265 non
2209 3211 2446 3281 accipiet
2467 3210 2797 3274 terminum,
2829 3211 2926 3263 sed
2956 3216 3345 3279 augmentum,
3370 3210 3592 3280 quando
3613 3214 3669 3263 et

2070 3300 2400 3370 semetipsos
2424 3304 2572 3353 totos
2592 3298 2708 3352 Deo
2723 3299 2976 3363 offerent,
3007 3304 3064 3351 et
3082 3286 3251 3369 super
3281 3299 3468 3352 omnia
3496 3314 3672 3368 regna

2071 3388 2504 3443 constituentur.
2526 3387 2647 3450 Quo
2664 3393 2860 3440 contra
2878 3386 3117 3456 reprobi,
3140 3387 3235 3456 qui
3250 3387 3338 3440 hic
3357 3387 3671 3440 mercedem

2074 3494 2233 3530 suam
2267 3476 2561 3545 recipiunt,
2596 3474 2854 3527 omnibus
2903 3473 3070 3526 rebus
3099 3474 3573 3542 exspoliabuntur.
3606 3475 3673 3528 In

2076 3566 2228 3618 mille
2257 3570 2447 3617 autem
2478 3562 2639 3616 annis
2661 3561 2861 3631 quibus
2907 3560 3223 3629 regnabunt
3250 3576 3376 3613 cum
3425 3561 3669 3627 Christo,

2075 3668 2241 3705 omne
2260 3658 2481 3720 tempus
2497 3650 2748 3703 futurum
2763 3648 3446 3717 intelligitur,sicutsupra
3459 3648 3672 3703 dictum

2076 3748 2179 3793 est.
2212 3741 2407 3807 Neque
2457 3738 2607 3791 enim
2662 3753 2949 3806 nunquam
2999 3752 3034 3788 a
3080 3736 3262 3805 gloria
3302 3736 3452 3789 illius
3490 3736 3668 3806 regni,

2076 3829 2384 3882 secundum
2415 3826 2563 3896 quod
2607 3825 2854 3879 haeretici
2891 3824 3208 3890 voluerunt,
3239 3823 3670 3894 separabuntur,

2077 3917 2175 3970 sed
2206 3931 2428 3986 semper
2456 3931 2582 3968 cum
2605 3914 2825 3968 Christo
2854 3913 3189 3983 regnabunt.
3208 3914 3374 3967 Juxta
3400 3913 3549 3984 quod
3567 3914 3675 3967 Do-

2080 4005 2268 4058 minus
2290 4004 2452 4057 dicit:
2477 4005 2642 4058 Ibunt
2662 4004 2722 4055 hi
2736 4006 2798 4055 in
2818 4005 2989 4054 vitam
3001 4006 3264 4055 {sternam
3290 4002 3503 4069 (Matth.
3523 4004 3670 4069 xxv).

2154 4094 2219 4147 Et
2246 4109 2371 4145 cum
2399 4093 2773 4145 consummati
2805 4092 3022 4156 fuerint
3050 4093 3203 4143 mille
3243 4093 3406 4153 anni,
3437 4092 3675 4143 solvetur

2084 4186 2309 4235 satanas
2340 4181 2403 4233 de
2429 4184 2641 4233 carcere
2670 4196 2785 4232 suo.
2817 4179 2980 4232 Nunc
3007 4179 3157 4232 redit
3185 4179 3255 4233 ad
3311 4178 3691 4239 describenda.

408 4271 552 4335 Quia
569 4286 701 4340 ergo
723 4267 943 4338 reprobi
958 4266 1046 4320 hic
1064 4266 1146 4335 (id
1159 4272 1244 4318 est
1270 4264 1328 4317 in
1358 4263 1541 4335 prima
1568 4262 2061 4351 resurrectionem
2079 4275 2336 4340 tempora
2391 4267 2735 4321 Antichristi.
2793 4267 3224 4322 Consummatos
3280 4274 3470 4322 autem
3523 4268 3678 4322 mille

406 4379 442 4415 a
468 4365 650 4414 morte
678 4356 891 4428 peccati
921 4355 1120 4409 nolunt
1149 4354 1332 4407 redire
1364 4353 1435 4406 ad
1462 4352 1652 4416 vitam,
1672 4350 1918 4422 profecto
1936 4350 1996 4404 in
2016 4350 2035 4351 η
2082 4374 2259 4412 annos
2279 4356 2434 4418 dicit,
2453 4373 2486 4408 a
2506 4362 2624 4409 toto
2654 4362 2872 4427 partem
2902 4357 3501 4427 comprehendens.Sic
3529 4358 3680 4412 enim

409 4448 652 4504 secunda
677 4444 1105 4509 resurrectione,
1141 4459 1262 4513 quae
1291 4441 1475 4495 carnis
1513 4446 1617 4506 est,
1651 4432 1722 4493 ad
1761 4446 2001 4493 mortem

411 4538 713 4592 secundam
733 4551 861 4590 cum
886 4533 1007 4603 ipsa
1027 4548 1194 4586 carne
1233 4530 1575 4584 transibunt.
1601 4529 1803 4598 Sicque
1841 4528 2003 4582 electi

413 4627 483 4681 de
505 4628 620 4679 vita
636 4623 889 4695 justitite,
905 4620 1226 4675 transibunt
1245 4619 1315 4672 ad
1335 4618 1503 4672 vitam
1525 4617 1888 4671 beatitudinis
1906 4634 2008 4687 per

411 4713 881 4768 resurrectionem
911 4709 1127 4775 carnis;
1161 4713 1218 4762 et
1238 4707 1461 4778 reprobi
1490 4706 1559 4760 de
1575 4712 1754 4759 morte
1775 4705 2005 4776 peccati,

412 4802 485 4855 ad
534 4801 808 4855 ultionem
859 4798 1055 4852 mortis
1100 4813 1202 4867 per
1238 4796 1495 4850 eamdem
1542 4795 2008 4849 resurrectionem

414 4891 618 4947 carnis.
640 4891 761 4943 Haec
787 4893 861 4941 est
893 4889 1221 4941 resurrectio
1246 4887 1829 4954 prima,nequaquam
1859 4884 2009 4936 dice-

414 4986 536 5036 ret:
556 4980 771 5040 Prima,
788 4976 896 5029 nisi
912 4981 1059 5029 esset
1088 4979 1146 5027 et
1173 4973 1435 5027 secunda.
1469 4973 1800 5041 Primaergo
1820 4987 2009 5024 resur-

413 5070 590 5125 rectio
610 5074 716 5132 est,
734 5083 857 5137 quas
883 5067 946 5119 ﬁt
965 5066 1024 5118 in
1050 5064 1260 5128 anima,
1283 5062 1431 5133 quod
1447 5068 1550 5128 est,
1581 5062 1650 5115 ab
1679 5062 2010 5115 inﬁdelitate

417 5159 603 5215 redire
632 5156 702 5210 ad
735 5155 923 5216 ﬁdem,
955 5170 990 5206 a
1014 5153 1161 5207 vitiis
1195 5152 1266 5205 ad
1300 5151 1532 5203 virtutes
1560 5165 1878 5218 resurgere.
1917 5148 2015 5203 Se-

418 5247 606 5303 cunda
631 5249 819 5298 autem
850 5242 958 5295 erit
987 5241 1044 5294 in
1080 5240 1169 5293 die
1212 5238 1428 5309 judicii,
1464 5237 1688 5307 quando
1718 5242 2016 5308 resurgent

421 5353 549 5392 cum
576 5331 901 5404 corporibus
916 5330 971 5382 in
985 5335 1253 5382 aeternum
1282 5325 1500 5379 victuri.
1528 5326 1684 5379 Sicut
1701 5326 1851 5379 enim
1882 5336 2014 5380 sunt

422 5426 547 5479 duae
592 5427 825 5484 mortes,
858 5434 972 5473 una
1011 5416 1222 5470 scilicet
1261 5415 1482 5479 animae,
1514 5414 1695 5467 altera
1732 5415 2010 5486 corporis;

422 5514 503 5570 sic
531 5516 666 5565 sunt
690 5514 748 5564 et
774 5508 899 5563 duae
922 5502 1380 5572 resurrectiones,
1420 5518 1534 5557 una
1572 5518 1694 5574 quae
1732 5504 1824 5558 hic
1859 5505 1923 5558 ﬁt
1956 5504 2016 5559 in

2085 4448 2332 4500 solvetur
2350 4452 2415 4499 ut
2441 4462 2611 4515 super
2631 4445 2745 4517 sint
2760 4463 2890 4499 anm
2919 4452 3033 4500 tres
3051 4452 3107 4500 et
3128 4464 3347 4501 menses
3375 4448 3679 4517 sex.Supra

2088 4537 2236 4590 enim
2253 4534 2405 4587 mille
2425 4534 2577 4599 anni,
2608 4551 2642 4587 a
2669 4534 2890 4588 Domini
2913 4536 3156 4588 adventu
3195 4552 3372 4604 usque
3402 4535 3472 4587 ad
3508 4535 3679 4586 ﬁnem

2089 4624 2279 4678 saeculi
2306 4623 2718 4693 intelliguntur,
2752 4622 2843 4675 hic
2887 4628 3078 4674 autem
3124 4638 3300 4691 usque
3340 4622 3410 4674 ad
3441 4636 3680 4690 regnum

2089 4712 2437 4774 Antichristi,
2481 4710 2702 4781 quando
2753 4710 2847 4763 ille
2887 4711 3133 4763 solvetur
3172 4711 3241 4763 de
3288 4725 3390 4763 suo
3436 4725 3679 4777 carcere,

2089 4801 2194 4853 hoc
2215 4806 2301 4853 est
2328 4800 2397 4852 de
2425 4798 2790 4869 reproborum
2821 4798 3100 4863 cordibus,
3124 4798 3179 4851 in
3203 4798 3406 4868 quibus
3424 4798 3591 4852 modo
3610 4799 3685 4852 1i-

2088 4896 2256 4957 gatus
2288 4893 2392 4947 est,
2421 4904 2492 4940 ne
2522 4892 2745 4939 tantum
2777 4885 2987 4951 saeviat,
3024 4891 3297 4956 quantum
3327 4888 3465 4940 vult.
3491 4886 3595 4940 Vel
3614 4887 3686 4943 de

2091 4992 2315 5030 carcere
2339 4976 2603 5036 solvetur,
2627 4974 2760 5045 quia
2789 4974 2857 5028 de
2894 4974 3165 5045 pravitate
3190 4975 3436 5043 perﬁdia:
3466 4976 3689 5031 Judan-

2091 5082 2219 5119 rum
2248 5069 2525 5117 nascetur.
2563 5063 2730 5117 Juxta
2749 5062 2886 5116 illud
2920 5082 2931 5116 :
2959 5064 3080 5115 Fiat
3101 5065 3223 5116 Dan
3246 5065 3464 5118 coluber
3492 5067 3554 5118 in
3595 5067 3687 5118 via

2100 5154 2244 5221 (Gen.
2269 5151 2438 5219 XLVI),
2467 5156 2573 5204 etc.
2607 5152 2674 5205 Et
2710 5152 2898 5215 exibit,
2930 5151 3001 5203 ad
3039 5157 3263 5222 apertas
3293 5153 3503 5207 scilicet
3537 5152 3689 5206 blas-

2098 5239 2351 5312 pnemias
2373 5246 2429 5293 et
2453 5239 2887 5310 persecutiones.
2913 5241 2978 5293 Et
3012 5242 3221 5294 seducet
3254 5248 3434 5309 gentes
3458 5244 3684 5305 multas,

2094 5346 2213 5397 qua
2242 5334 2373 5381 sunt
2402 5344 2565 5396 super
2588 5334 2829 5397 quatuor
2858 5332 3076 5397 angelos
3098 5335 3256 5383 terrae
3268 5331 3374 5396 Gog
3398 5333 3447 5381 et
3475 5329 3686 5394 Magog.

2096 5418 2177 5471 De
2198 5416 2284 5470 his
2303 5418 2567 5487 gentibus
2589 5417 2738 5470 varie
2759 5417 2984 5487 quidam
3005 5418 3330 5501 loquuntur,
3347 5414 3689 5469 aestimantes

2099 5522 2194 5561 eas
2226 5522 2349 5561 esse
2376 5512 2573 5579 gentes
2601 5507 2978 5579 aquilonares,
3006 5507 3066 5564 id
3094 5511 3180 5560 est
3206 5505 3376 5560 Getas
3396 5506 3454 5558 et
3479 5502 3696 5583 Massaf
