4048 6172
355 261 502 326 118⁴ἵ

751 265 1131 322 HAYMONIS
1169 265 1658 325 HALBERSTAT.
1698 264 1929 323 EPISC.
1970 262 2130 322 OPP.
2166 264 2353 322 PARS
2389 262 2435 322 1.
2476 292 2543 306 --
2580 265 2953 327 CDIMENT.
2991 266 3176 331 BIBL.

3482 266 3630 325 1188

352 397 535 463 getae,
569 409 692 463 qua
720 392 989 447 Bcanzam
1010 393 1254 447 insulam
1282 390 1619 446 inhabitant.
1644 390 1753 445 Sed
1774 388 1821 443 si
1848 389 2238 453 hasAcastra,
2267 388 2401 459 quia
2422 405 2650 459 semper
2695 390 2966 445 dimicant
3008 397 3205 446 contra
3231 392 3539 457 diabolum,
3572 398 3636 446 et

352 481 750 537 tantummodo
774 482 914 535 duas
941 487 1138 551 gentes
1152 480 1411 535 diabolus
1430 480 1767 535 seducturus
1779 482 1947 540 esset,

353 585 717 640 nequaquam
744 569 1029 623 diceretur
1051 570 1121 623 ad
1150 571 1254 623 hoc
1283 568 1453 633 exire,
1478 573 1542 622 ut
1561 568 1792 623 seducat
1814 566 1956 620 mul-

356 663 447 712 tas
473 663 668 727 gentes
711 675 835 728 quae
867 663 1001 712 sunt
1040 674 1210 727 super
1246 662 1490 727 quatuor
1536 661 1725 726 partes
1764 661 1949 719 terrae,

360 763 489 801 cum
509 748 593 800 hae
606 753 825 815 gentes,
840 762 951 799 non
974 752 1236 816 quatuor,
1255 747 1349 799 sed
1373 761 1541 799 unam
1565 743 1955 799 tantummodo

359 840 581 906 partem
604 835 801 888 mundi
820 834 1155 888 inhabitant.
1173 834 1377 889 Dicunt
1395 834 1566 888 etiam
1585 833 1683 886 alii
1697 833 1798 886 has
1816 848 1956 901 gen-

361 930 448 980 tes
489 924 560 978 ab
605 924 922 978 Alexandro
975 938 1180 994 magno
1224 923 1283 977 in
1328 921 1582 992 partibus
1619 919 1959 975 Macedoniae

358 1013 672 1077 conclusas,
699 1012 797 1066 ubi
819 1017 877 1065 et
902 1011 1185 1065 intentum
1210 1016 1345 1065 sunt
1371 1009 1772 1079 multiplicatae,
1797 1014 1861 1062 ut
1877 1007 1959 1060 vi—

356 1101 506 1171 ginti
534 1105 778 1171 quatuor
801 1115 974 1169 regna
999 1100 1068 1152 de
1106 1114 1167 1152 se
1206 1098 1598 1153 reddidissent.
1633 1096 1743 1151 Sed
1775 1111 1958 1165 neque

359 1189 484 1245 istm
520 1190 695 1244 etiam
742 1188 790 1242 si
828 1204 1021 1242 verum
1066 1192 1232 1249 esset,
1278 1202 1472 1240 omnes
1517 1185 1713 1240 mundi
1769 1190 1957 1254 partes

356 1282 554 1332 tenere
582 1280 830 1347 possent.
856 1260 1099 1344 Ideoque
1125 1276 1241 1329 haec
1265 1273 1551 1328 sententia
1577 1273 1826 1327 humana
1849 1277 1952 1336 est,

356 1382 474 1420 non
492 1366 699 1420 divina.
716 1366 862 1417 Nam
883 1364 942 1417 in
962 1363 1049 1416 bis
1073 1361 1288 1416 duabus
1308 1361 1589 1430 gentibus,
1604 1361 1789 1414 omnis
1815 1360 1955 1414 mul-

358 1453 546 1508 titudo
576 1451 915 1520 intelligitur
957 1450 1345 1520 reproborum,
1372 1450 1472 1519 qui
1509 1456 1679 1518 Super
1715 1454 1957 1518 quatuor

358 1546 552 1611 partes
576 1545 742 1593 terrai
765 1542 916 1602 sunt,
949 1538 1006 1593 id
1036 1544 1121 1591 est
1146 1554 1318 1608 super
1347 1538 1655 1597 Orientem,
1688 1536 1959 1591 Occiden-

2036 474 2288 531 membra
2313 476 2450 545 ejus.
2486 477 2577 531 Sic
2595 478 2745 532 enim
2775 478 2983 533 dicitur
3013 497 3024 532 :
3057 480 3436 535 Ascenderunl
3464 496 3635 549 super

2038 565 2395 619 latitudinem
2422 570 2598 631 terra},
2622 568 2922 620 cinxerunt
2940 573 3485 629 castrasanctorum;
3498 585 3570 621 ac
3587 568 3638 620 si

2038 651 2334 715 diceretur,
2342 669 2443 723 per
2460 670 2687 711 omnem
2708 659 2871 709 terrm
2893 655 3640 723 habitationem,electorum

2040 740 2345 796 Ecclesium
2367 742 2643 811 pressuris
2668 749 3044 800 arctaverunt.
3070 748 3217 800 Bene
3246 753 3436 800 autem
3471 745 3636 810 dicit,

2039 831 2427 898 ascenderunt,
2455 836 2652 885 contra
2686 832 2893 891 electos
2934 833 3211 897 videlicet,
3242 840 3544 900 tumentes,
3581 845 3642 887 et

2041 923 2211 987 caput
2234 934 2401 972 suum
2437 919 2745 985 imitantes,
2781 921 2879 991 qui
2906 920 3043 975 dicit
3073 939 3085 973 :
3117 924 3418 976 Ascendam
3459 938 3633 990 super

2039 1007 2395 1060 altitudinem
2444 1010 2702 1075 nubium,
2730 1015 2779 1062 et
2819 1026 2911 1063 ero
2946 1014 3149 1065 similis
3187 1014 3469 1066 Altissimo
3501 1015 3634 1082 (Isa.

2038 1096 2172 1161 ιη).
2208 1095 2277 1147 Et
2303 1094 2394 1148 hic
2420 1096 2644 1165 quidem
2679 1114 2851 1166 super
2877 1099 3230 1155 altitudinem
3260 1100 3517 1166 nubium,
3552 1100 3639 1153 illi

2038 1198 2168 1236 vero
2190 1199 2361 1257 super
2378 1184 2734 1241 latitudinem
2752 1193 2916 1242 terra:
2937 1189 3265 1252 ascendunt,
3290 1191 3424 1260 quia
3438 1189 3641 1243 videli-

2039 1276 2126 1323 cet
2171 1277 2341 1341 caput
2386 1273 2702 1342 specialiter
2749 1281 2945 1329 contra
2989 1274 3188 1341 Deum,
3223 1278 3478 1332 membra
3504 1293 3640 1332 vero

2036 1360 2380 1427 generaliter
2398 1367 2593 1415 contra
2613 1363 2817 1416 electos
2836 1364 3144 1419 elevantur.
3165 1367 3232 1419 Et
3250 1370 3528 1419 ciuitatem
3547 1368 3642 1419 di-

2042 1449 2254 1501 lectam.
2280 1448 2408 1517 Ipsa
2446 1449 2693 1503 Ecclesia
2733 1456 2821 1505 est
2846 1451 3040 1506 civitas
3090 1470 3124 1506 a
3169 1453 3284 1507 Deo
3313 1454 3537 1519 dilecta,
3568 1454 3641 1508 de

2039 1551 2151 1604 qua
2177 1537 2449 1591 Dominus
2478 1538 2650 1592 dicit:
2683 1541 2811 1593 Non
2835 1546 3009 1608 potest
3042 1544 3238 1595 civitas
3285 1544 3547 1596 abscondi
3574 1545 3639 1595 in

360 1626 1245 1698 tem,AquilonemetMeridiem.
1262 1626 1384 1689 Quo
1414 1626 1602 1681 inloco
1618 1625 1953 1690 ostenditur,
2039 1628 2413 1692 monteposita
2436 1627 2647 1694 (Matth.
2671 1631 2746 1692 v).
2778 1629 2846 1681 Et
2872 1629 3173 1683 Psalmista
3193 1630 3464 1685 :Gloriosa
3491 1632 3641 1683 dicta

359 1722 419 1771 et
441 1717 578 1770 ﬁdes
596 1722 921 1771 sanctorum
940 1714 998 1768 in
1019 1714 1278 1769 omnibus
1298 1715 1494 1769 mundi
1515 1712 1769 1784 partibus
1792 1714 1958 1767 inve-
1973 1698 2021 1758 Β
2039 1718 2171 1765 sunt
2198 1714 2262 1766 de
2293 1718 2359 1779 te,
2392 1717 2584 1768 ewitas
2609 1716 2709 1768 Dei
2728 1718 2899 1786 (Psal.
2933 1718 3173 1786 me).

356 1804 567 1860 nienda
594 1809 726 1861 ante
752 1805 924 1858 ﬁnem
952 1802 1160 1858 saeculi.
1191 1804 1359 1860 Juxta
1395 1803 1543 1873 quod
1569 1802 1840 1856 Dominus
1867 1802 1957 1857 di-

358 1894 437 1949 cit
470 1911 482 1946 :
506 1891 752 1963 Oportet
773 1892 1139 1962 Evangelium
1162 1892 1455 1961 praedicari
1480 1892 1536 1945 in
1576 1896 1695 1945 toto
1722 1891 1951 1955 mundo,

359 1986 418 2036 et
434 1986 567 2035 tunc
591 1980 772 2036 veniet
788 1980 937 2043 linis,
964 1984 1023 2033 et
1048 1980 1423 2034 numerositas
1453 1979 1778 2049 impiorum,
1796 1978 1955 2031 simi-

356 2070 491 2125 liter
520 2085 621 2140 per
646 2085 843 2124 omnes
871 2068 1069 2123 mundi
1098 2073 1286 2139 partes
1323 2068 1604 2123 saevitum.
1632 2067 1780 2130 Quia
1808 2066 1957 2121 enim

358 2158 569 2228 ubique
593 2162 762 2212 erunt
784 2158 1000 2223 fideles,
1022 2156 1228 2211 idcirco
1249 2156 1455 2226 ubique
1475 2172 1571 2210 eos
1590 2156 1958 2226 insequentur

354 2246 632 2301 inﬁdeles.
665 2246 789 2315 Gog
814 2247 1024 2316 quippe
1042 2245 1450 2315 interpretatur
1482 2250 1704 2306 tectum,
1727 2245 1951 2314 Magog,

359 2337 424 2389 de
457 2340 607 2403 tecto,
640 2334 790 2405 quod
811 2334 926 2388 tale
954 2338 1060 2398 est,
1093 2333 1254 2403 quasi
1283 2333 1502 2387 dicatur
1527 2334 1729 2387 domus
1757 2349 1954 2402 prooe-

359 2424 500 2478 dens
513 2423 582 2477 de
603 2424 789 2477 domo.
808 2424 916 2477 Per
930 2426 1140 2477 tectum
1161 2421 1352 2491 itaque
1374 2422 1668 2495 intelligun
1677 2426 1768 2483 tur
1782 2422 1956 2475 corda

358 2512 750 2583 reproborum,
785 2511 843 2566 in
873 2510 1075 2582 quibus
1103 2510 1269 2564 modo
1299 2510 1437 2564 latet
1474 2509 1745 2565 diabolus.
1786 2511 1953 2567 Juxta

354 2601 506 2672 quod
533 2600 793 2671 superius
811 2599 1053 2669 legimus
1092 2599 1152 2653 in
1178 2598 1380 2668 abysso
1414 2615 1547 2655 eum
1577 2615 1699 2653 esse
1724 2600 1952 2655 conclu-

352 2704 501 2743 sum.
533 2687 799 2743 Diabolus
824 2693 1017 2743 autem
1048 2691 1132 2742 est
1159 2687 1228 2740 de
1253 2691 1420 2750 tecto,
1446 2692 1713 2757 tanquam
1741 2688 1955 2743 scilicet

352 2777 423 2831 de
444 2776 808 2847 reproborum
838 2775 1097 2831 cordibus
1126 2775 1507 2845 progrediens.
1541 2775 1561 2827 l
1569 2792 1666 2845 pse
1705 2781 1792 2830 est
1817 2792 1950 2846 ergo

353 2864 521 2919 modo
549 2864 607 2919 in
636 2869 804 2929 tecto,
823 2869 881 2918 et
902 2869 1037 2918 tunc
1063 2863 1457 2935 progredietur
1479 2864 1550 2918 de
1564 2864 1948 2919 tecto.Tectus

356 2958 443 3009 est
490 2954 639 3009 enim
677 2952 842 3007 modo
901 2951 1156 3007 diabolus
1194 2951 1254 3006 in
1292 2952 1423 3016 illis,
1466 2953 1565 3006 sed
1600 2953 1947 3023 temporibus

2108 1802 2175 1855 Et
2195 1803 2469 1856 descendit
2490 1808 2635 1869 ignis
2655 1821 2691 1857 a
2711 1806 2813 1858 lleo
2835 1807 2897 1858 de
2926 1809 3069 1869 cado,
3094 1812 3145 1859 et
3179 1808 3459 1862 deuorauit
3488 1809 3635 1860 illos.

2036 1887 2147 1942 Per
2185 1889 2373 1959 ignem
2423 1892 2780 1961 repentinum
2828 1892 3118 1948 interitum
3163 1896 3520 1964 Antichristi,
3548 1897 3643 1949 vel

2035 1977 2420 2032 membrorum
2447 1979 2599 2033 illius
2613 1980 2929 2051 intelligere
2947 1982 3233 2037 debemus.
3254 1984 3415 2037 Unde
3426 1982 3641 2037 Paulus

2034 2066 2175 2120 dicit
2202 2085 2214 2120 :
2250 2068 2419 2133 Quem
2449 2070 2720 2123 Dominus
2744 2073 2899 2123 Iesus
2926 2074 3215 2138 inter/leid
3261 2076 3467 2140 spiritu
3521 2076 3641 2126 oris

2036 2158 2129 2208 sui
2153 2158 2233 2221 (ΙΙ
2275 2158 2451 2209 Thess.
2480 2157 2570 2226 ιι).
2609 2158 2679 2211 Et
2720 2158 2779 2211 in
2825 2159 3124 2229 Evangelio
3153 2160 3273 2231 ipse
3310 2161 3585 2214 Dominus
3622 2180 3636 2214 :

2037 2243 2176 2297 Cum
2198 2245 2445 2298 dixerint
2458 2261 2572 2313 pas:
2586 2252 2632 2299 et
2651 2250 2936 2309 securitas,
2960 2253 3093 2301 tunc
3114 2252 3429 2317 repentinus
3447 2253 3523 2302 eis
3544 2266 3641 2303 su-

2035 2336 2309 2400 perveniet
2326 2336 2591 2387 interitus
2610 2336 2661 2393 (Ι
2684 2336 2943 2399 Thess.v).
2968 2336 3126 2390 Sicut
3162 2337 3312 2390 enim
3345 2353 3496 2391 nunc
3524 2337 3639 2391 iste

2036 2421 2281 2475 mundus
2308 2422 2508 2491 plenus
2534 2427 2620 2476 est
2646 2422 2984 2490 hominibus,
3015 2424 3097 2477 sic
3145 2424 3253 2479 erit
3286 2426 3345 2478 in
3386 2426 3639 2480 adventu

2034 2509 2162 2563 Filii
2195 2510 2456 2564 hominis.
2491 2512 2692 2582 Sicque
2720 2529 2845 2566 cum
2870 2518 3103 2583 repente
3131 2513 3639 2570 Dominusvenerit

2033 2599 2107 2652 ad
2127 2599 2425 2668 judicium,
2448 2600 2609 2670 quasi
2627 2601 2797 2671 ignis,
2816 2601 2874 2655 id
2897 2607 2985 2655 est
3005 2602 3288 2656 sententia
3309 2602 3638 2657 damnatio-

2032 2687 2124 2741 nis
2147 2686 2331 2741 subito
2366 2688 2669 2743 descendet
2701 2689 2771 2743 de
2798 2690 2955 2755 cmlo,
2989 2698 3045 2744 et
3074 2689 3358 2745 devorabit
3394 2692 3628 2761 impios,

2030 2792 2146 2829 non
2180 2776 2363 2831 solum
2410 2777 2471 2831 in
2510 2793 2759 2847 corpore,
2793 2778 2892 2831 sed
2924 2779 3095 2832 etiam
3124 2777 3185 2831 in
3212 2779 3426 2835 anima.
3462 2778 3632 2833 Unde

2031 2865 2304 2920 Dominus
2349 2865 2409 2918 in
2446 2866 2747 2935 Evangelio
2785 2865 2921 2920 dicit
2949 2885 2962 2920 :
2996 2867 3153 2921 Sicut
3198 2867 3306 2921 fuit
3338 2868 3397 2920 in
3427 2866 3631 2922 diebus

2028 2953 2167 3020 Noe,
2196 2954 2278 3007 sic
2305 2954 2415 3007 erit
2454 2955 2515 3008 in
2550 2954 2793 3009 adventu
2835 2955 2961 3009 Filii
3007 2955 3250 3010 hominis
3276 2958 3422 3012 (Luc.
3452 2956 3619 3027 XVII).

348 3042 681 3097 Antichristi
705 3040 877 3095 exibit
902 3040 972 3094 de
999 3044 1166 3107 tecto,
1197 3040 1360 3110 quasi
1383 3040 1785 3111 discoopertus,
1812 3022 2005 3112 quiac
2026 3042 2205 3096 Aliter
2236 3061 2249 3095 :
2285 3043 2468 3113 Supra
2502 3042 2743 3113 legimus
2788 3044 2859 3097 de
2910 3044 3119 3097 sanctis
3163 3022 3628 3115 praedicatoribus

350 3130 501 3200 quod
530 3146 678 3185 nunc
705 3129 840 3184 facit
864 3129 1103 3193 occulte,
1135 3137 1274 3186 tunc
1302 3128 1472 3183 faciet
1494 3129 1809 3185 manifeste.
1841 3130 1944 3185 Vel

340 3223 500 3273 certe
524 3219 660 3289 ipsae
692 3222 889 3287 gentes
919 3224 1053 3273 sunt
1090 3222 1322 3281 tectum,
1358 3217 1490 3287 quia
1514 3216 1576 3272 in
1613 3218 1749 3288 ipsis
1777 3219 1944 3273 modo

346 3306 606 3376 tetigitur
630 3312 690 3360 et
719 3306 1069 3361 concluditur
1102 3305 1373 3369 diabolus,
1414 3310 1471 3359 et
1497 3306 1632 3375 ipsae
1678 3307 1748 3361 de
1794 3312 1943 3361 tecto

346 3400 539 3459 erunt,
571 3394 795 3465 quando
824 3394 883 3449 in
911 3399 1165 3464 apertam
1204 3393 1649 3463 persecutionem
1688 3411 1943 3464 prorum-

340 3488 503 3555 pent.
526 3483 712 3537 Exibit
737 3498 872 3552 ergo
902 3482 961 3536 in
990 3487 1240 3552 apertam
1270 3483 1736 3553 persecutionem,
1761 3488 1826 3537 ut
1851 3501 1941 3538 se-

346 3572 520 3631 ducat
547 3572 669 3642 Gog
699 3576 758 3626 et
783 3572 1002 3641 Magog,
1024 3571 1084 3624 id
1111 3576 1196 3625 est
1219 3570 1409 3625 omnia
1437 3571 1692 3626 membra
1706 3588 1826 3626 sua.
1849 3573 1946 3628 Se-

342 3661 538 3716 ductio
562 3666 753 3716 autem
776 3661 894 3715 haec
915 3661 1044 3726 erit,
1074 3676 1196 3730 quae
1235 3659 1487 3714 incitabit
1526 3677 1721 3714 omnes
1750 3676 1944 3730 repro-

345 3748 466 3816 bos,
492 3756 560 3805 ut
593 3750 805 3804 bellent
825 3755 1020 3804 contra
1049 3748 1353 3802 Christum.
1388 3749 1454 3802 Et
1483 3751 1827 3815 congregabit
1858 3765 1943 3803 eos

324 3842 411 3893 .in
434 3839 714 3908 praelium.
736 3839 863 3892 Non
888 3838 949 3911 in
976 3853 1153 3891 unum
1181 3837 1386 3902 locum,
1405 3836 1501 3891 sed
1531 3836 1591 3893 in
1618 3852 1939 3892 unumcon-

345 3943 595 3994 sensum,
625 3933 685 3983 et
705 3942 877 3982 unam
898 3927 1108 3979 malam
1130 3925 1493 3989 voluntatem,
1518 3941 1619 3995 per
1634 3941 1807 3996 quam
1824 3942 1939 3981 om-

345 4033 445 4072 nes
454 4016 627 4071 faciet
643 4016 961 4071 concordes.
980 4016 1224 4081 Quorum
1240 4029 1508 4067 numerus
1520 4018 1594 4067 est
1604 4016 1748 4068 sicut
1760 4030 1934 4069 arena

338 4109 547 4161 maris.
590 4104 853 4175 Legimus
896 4103 957 4157 in
1004 4101 1212 4157 Genesi
1252 4101 1402 4172 quod
1440 4101 1648 4156 dixerit
1679 4101 1831 4158 Deus
1867 4103 1939 4157 ad

341 4192 627 4247 Abraham
660 4210 673 4246 :
709 4192 1084 4259 Multipticabo
1111 4206 1292 4244 semen
1346 4196 1506 4243 tuum
1552 4193 1695 4245 sicut
1750 4194 1933 4246 stellas

341 4286 479 4344 caeli,
499 4287 551 4335 et
579 4284 723 4335 sicut
741 4296 993 4341 arenam,
1014 4296 1132 4347 qua:
1154 4284 1229 4332 est
1259 4281 1323 4332 in
1355 4281 1535 4332 littore
1564 4282 1741 4332 maris
1774 4280 1926 4345 iGen.

2028 3132 2176 3201 quod
2203 3131 2353 3201 ignis
2375 3130 2565 3185 exiens
2593 3132 2663 3186 de
2684 3148 2786 3185 ore
2814 3132 3039 3187 illorum
3059 3132 3344 3186 devoravit
3362 3133 3629 3189 inimicos

2029 3233 2244 3273 eorum.
2269 3220 2441 3283 Quasi
2473 3220 2622 3273 enim
2645 3220 2789 3290 ignis
2812 3220 2884 3273 de
2903 3221 3043 3274 cmlo
3069 3220 3375 3285 descendit,
3401 3236 3532 3274 cum
3554 3236 3625 3275 ex

2025 3307 2198 3361 divini
2224 3308 2378 3363 verbi
2400 3308 2816 3379 praedicatione,
2838 3309 3091 3380 reprobis
3120 3310 3261 3365 livor
3277 3309 3503 3363 invidia:
3522 3325 3624 3363 ac-

2020 3397 2241 3455 crescit,
2275 3396 2468 3467 sicque
2493 3398 2619 3467 ipsa
2646 3397 2989 3467 praedicatio,
3021 3413 3146 3468 qua:
3172 3397 3337 3467 iustis
3366 3403 3455 3451 est
3480 3398 3623 3464 vita,

2023 3486 2278 3556 reprobis
2307 3492 2391 3539 est
2417 3486 2704 3540 damnatio
2728 3492 3019 3557 perpetua.
3044 3486 3203 3541 Unde
3218 3487 3428 3540 Paulus
3449 3488 3624 3541 :Aliis

2027 3591 2220 3628 sumus
2248 3576 2380 3628 odor
2398 3577 2594 3628 mortis
2614 3578 2679 3629 in
2698 3581 2947 3628 mortem.
2974 3578 3107 3629 aliis
3132 3576 3266 3628 odor
3294 3579 3418 3629 vita
3443 3578 3508 3629 in
3534 3578 3623 3629 vi-

2028 3668 2140 3717 tam
2163 3663 2240 3716 ll!
2264 3664 2386 3717 Cor.
2418 3665 2499 3727 Il).
2528 3693 2594 3707 —
2623 3661 2691 3716 Et
2718 3663 2970 3717 diabolus
3000 3666 3099 3731 qui
3152 3664 3433 3717 seducebat
3472 3666 3617 3729 illos,

2025 3752 2141 3805 sive
2159 3767 2260 3822 per
2276 3767 2357 3815 se,
2381 3750 2496 3804 sive
2525 3766 2626 3820 per
2656 3749 2910 3803 membra
2929 3765 3053 3805 sua.
3085 3751 3283 3803 Missus
3306 3756 3385 3803 est
3414 3753 3477 3803 in
3503 3757 3620 3803 sta-

2020 3856 2197 3908 gnum
2218 3843 2365 3907 ignis
2384 3845 2435 3893 et
2453 3841 2761 3908 sulphuris,
2779 3839 2879 3891 ubi
2896 3844 2947 3893 et
2969 3837 3227 3905 bestia,id
3238 3837 3622 3893 estAntiohri-

2016 3932 2159 3982 stus.

2092 4019 2160 4071 Et
2181 4019 2673 4086 pseudoprophetz.
2706 4015 3062 4071 Praeteritum
3097 4022 3323 4087 tempus
3370 4017 3621 4088 positum

2022 4110 2109 4159 est
2132 4104 2221 4160 hic
2248 4122 2350 4177 pro
2377 4106 2567 4160 futuro
2596 4106 2799 4160 missus
2827 4110 2930 4171 est,
2959 4104 3177 4158 scilicet
3220 4121 3323 4176 pro
3352 4122 3420 4159 eo
3467 4106 3621 4175 quod

2016 4199 2103 4248 est
2127 4195 2403 4249 mittetur.
2438 4196 2547 4249 Par
2570 4199 2833 4265 stagnum
2860 4210 2992 4248 vero
3018 4194 3164 4264 ignis
3190 4194 3250 4247 in
3279 4210 3390 4264 quo
3411 4194 3621 4248 missus

2018 4288 2104 4336 est
2131 4282 2405 4349 diabolus,
2436 4283 2788 4354 proﬁmditas
2810 4283 3149 4353 intelligitur
3174 4281 3399 4347 inferni,
3416 4283 3478 4336 in
3502 4298 3618 4353 quo

341 4372 499 4438 avri).
526 4368 635 4423 Ubi
660 4370 720 4422 in
745 4368 924 4422 stellis
972 4367 1368 4436 intelliguntur
1403 4367 1583 4421 sancti
1609 4386 1621 4434 ;
1665 4368 1724 4422 in
1763 4355 1999 4423 arenaD
2016 4371 2178 4441 impii
2206 4387 2333 4427 cum
2354 4373 2536 4442 capite
2557 4388 2659 4425 suo
2687 4372 2941 4425 damnati
2966 4372 3024 4424 in
3048 4371 3335 4441 perpetuis
3364 4370 3618 4425 tenebris

338 4456 537 4522 maris,
567 4472 762 4510 omnes
785 4455 1010 4526 reprobi
1031 4454 1252 4509 steriles
1282 4460 1339 4509 et
1362 4454 1716 4510 infructuosi.

412 4546 480 4601 Et
507 4546 892 4611 ascenderunt,
923 4543 1190 4599 subaudis
1219 4542 1473 4598 diabolus
1501 4550 1558 4598 et
1586 4544 1839 4599 membra
1860 4546 1931 4600 il-

332 4637 467 4704 lius,
495 4636 624 4706 Gog
650 4640 709 4689 et
735 4636 942 4706 Magog
986 4650 1158 4705 super
1202 4633 1559 4688 latitudinem
1601 4640 1785 4688 terrae.
1830 4635 1932 4688 Hic

337 4727 759 4780 demonstratur
786 4723 1033 4779 Ecclesia
1069 4728 1392 4777 sanctorum
1422 4722 1481 4776 in
1506 4727 1625 4776 toto
1667 4722 1801 4776 orbe
1841 4722 1933 4777 di-

334 4813 586 4867 latanda.
627 4814 795 4867 Juxta
840 4813 989 4883 quod
1042 4812 1312 4867 Dominus
1354 4812 1415 4865 in
1460 4812 1760 4882 Evangelia
1802 4812 1926 4866 ait:

333 4903 645 4969 Oportebat,
658 4902 867 4973 inquit,
889 4904 1014 4970 pali
1036 4902 1325 4955 Christum
1348 4906 1399 4955 et
1420 4916 1705 4969 resurgere
1723 4918 1758 4954 a
1777 4917 1933 4957 mor-

340 4991 470 5054 tuis,
487 4993 537 5041 et
564 4992 862 5056 praedicari
888 4993 950 5044 in
978 4992 1202 5044 nomine
1225 4993 1341 5057 ejus
1364 4992 1747 5057 pwnitentiam
1767 4995 1816 5043 et
1841 5006 1930 5043 re-

328 5078 654 5130 missionem
674 5084 1023 5145 peccatorum
1051 5082 1114 5131 in
1142 5094 1329 5131 omnes
1358 5082 1536 5144 gentes
1560 5080 1715 5148 (Luc.
1744 5086 1891 5147 xxrv)
1908 5124 1919 5135 .

327 5169 406 5223 Et
423 5168 659 5222 iterum:
680 5170 1063 5225 Praaicabunt
1076 5171 1171 5224 hoc
1183 5169 1544 5236 Evangelia»:
1562 5173 1625 5223 in
1644 5175 1752 5223 toto
1780 5172 1923 5236 orbe,

331 5264 384 5314 et
412 5263 547 5312 tunc
568 5260 743 5311 veniet
764 5261 1184 5312 consummatio.
1216 5258 1372 5313 Sicut
1405 5274 1539 5327 ergo
1580 5256 1787 5328 ubique
1819 5259 1928 5313 erit

330 5346 602 5411 Ecclesia,
630 5346 715 5401 ita
744 5351 801 5400 et
829 5346 1037 5418 ubique
1064 5348 1172 5401 erit
1211 5347 1541 5417 persecutio,
1571 5356 1629 5400 et
1666 5348 1724 5400 in
1772 5348 1924 5401 nullo

248 5464 263 5474 ς
304 5436 455 5490 loco
475 5435 586 5489 erit
603 5420 850 5499 sanctus,
873 5451 1039 5507 quem
1070 5451 1180 5487 non
1202 5442 1572 5506 persequetur
1590 5435 1823 5506 impius.
1858 5436 1923 5489 Et

2015 4459 2395 4515 obvolventur.
2421 4460 2697 4523 Quoniam
2719 4459 2940 4517 licetsit
2959 4459 3035 4513 ibi
3059 4459 3226 4529 ignis,
3258 4475 3370 4513 non
3399 4460 3508 4513 erit
3538 4459 3614 4513 ad

2012 4549 2311 4605 lucendum
2324 4549 2421 4602 sed
2438 4549 2506 4602 ad
2526 4549 2855 4603 miserorum
2866 4564 3102 4619 corpora
3115 4548 3614 4604 concremandum.

2008 4637 2264 4708 Corpora
2288 4637 2442 4691 enim
2471 4637 2834 4708 reproborum
2861 4642 3031 4690 erunt
3073 4636 3386 4697 fomentum
3425 4636 3607 4706 ignis.

2014 4722 2257 4796 Ideoque
2276 4732 2333 4780 et
2361 4727 2480 4797 ipse
2510 4725 2655 4796 ignis
2682 4726 2793 4779 erit
2816 4724 3164 4788 indeflciens,
3192 4725 3331 4794 quia
3352 4732 3526 4779 erunt
3552 4731 3616 4779 et

2012 4829 2250 4884 corpora
2272 4815 2617 4868 immortalia
2636 4814 2838 4885 quibus
2857 4830 3079 4885 semper
3099 4813 3459 4867 acoendetur.
3486 4813 3615 4867 Sui-

2013 4903 2160 4974 pliur
2188 4907 2377 4961 autem
2410 4909 2466 4957 et
2490 4904 2678 4973 ignem
2705 4902 2957 4957 accendit
3003 4909 3059 4956 et
3086 4901 3320 4956 fetorem
3346 4908 3610 4972 generat,

2013 4991 2146 5062 quia
2167 4992 2313 5047 sicut
2341 4992 2553 5045 dictum
2582 4997 2686 5056 est,
2718 4996 2778 5044 et
2795 4991 2942 5061 ignis
2967 4989 3044 5043 ibi
3073 4990 3182 5044 erit
3200 4996 3527 5060 perpetuus,
3550 4996 3614 5045 et

2008 5082 2155 5135 fetor
2167 5069 2719 5134 intblerabilisﬂnde
2731 5080 3005 5150 sequitur:
3014 5079 3077 5133 Et
3091 5081 3501 5134 cruciabuatur
3518 5082 3611 5134 die

2009 5185 2076 5223 ac
2102 5176 2250 5223 nocte
2272 5173 2333 5222 in
2360 5172 2557 5222 secula
2579 5171 2923 5221 seculorum.
2956 5168 3099 5221 Cum
3126 5167 3187 5221 in
3212 5167 3433 5222 inferno
3460 5184 3612 5222 sem-

2009 5274 2112 5329 per
2128 5258 2371 5312 tenebm
2391 5258 2524 5323 sint,
2542 5256 2853 5327 juxtaillnd
2871 5274 2882 5308 :
2903 5258 3169 5310 Inutilcm
3188 5271 3410 5310 seruum
3427 5260 3609 5324 prqy‘i-

2009 5350 2109 5400 cite
2130 5350 2192 5400 in
2212 5348 2458 5399 tenebras
2480 5349 2770 5399 exteriores
2796 5346 3009 5414 (Matth.
3030 5352 3176 5414 xxv),
3195 5344 3330 5414 quid
3343 5350 3432 5398 est
3451 5345 3605 5414 quod

2006 5433 2097 5488 hic
2115 5434 2336 5499 dicitur,
2354 5435 2760 5488 cruciabuntur
2781 5434 2872 5486 die
2886 5449 2950 5486 ac
2964 5438 3114 5487 nocte
3136 5438 3160 5484 ν
3178 5432 3285 5487 Sed
3308 5432 3603 5487 sciendum

334 5525 683 5607 arcian
728 5530 920 5581 castra
962 5527 1302 5581 sanctorum.
1330 5524 1525 5582 Sancti
1569 5525 1923 5597 appellantur
2004 5524 2140 5596 quia
2166 5538 2278 5579 non
2304 5538 2408 5595 pro
2431 5522 2816 5579 vicissitudine
2852 5521 2965 5576 diei
3014 5536 3079 5576 ac
3121 5521 3323 5593 noctis,
3352 5521 3451 5577 hic
3473 5520 3600 5578 dies
