4006 6164
248 240 392 305 1189

1174 240 1557 304 EXPOSITIO
1584 238 1664 301 IN
1694 232 2216 299 APOCALYPSIN.
2235 268 2305 284 -
2331 238 2471 297 LIB.
2500 232 2630 296 VII.

3390 234 3530 296 1190

244 376 348 426 aut
365 382 476 427 nox
493 374 803 440 ponuntur,
818 370 915 423 sed
937 375 1166 441 propter
1188 371 1630 425 mutabilitatem
1651 384 1834 440 poena-

1917 382 2155 438 interius
2193 383 2527 438 candescere
2575 379 2845 433 videmus.
2877 377 3022 434 Hinc
3051 383 3109 434 et
3159 374 3433 434 Dominus
3462 376 3523 431 in

242 474 393 524 rum,
413 458 615 512 caloris
636 458 846 511 scilicet
867 464 923 511 et
941 448 1188 528 frigoris.
1206 460 1328 523 Quo
1344 462 1539 512 contra
1550 458 1619 511 de
1631 456 1841 510 sanctis

239 547 465 609 dicitur,
475 547 609 617 quia
621 548 742 616 jam
759 552 984 617 tempus
1006 563 1119 601 non
1141 549 1267 613 erit,
1294 548 1349 601 id
1364 553 1451 601 est
1463 547 1620 600 nulla
1642 546 1845 598 immu-

238 635 511 690 tabilitas.
544 634 707 699 Quod
737 651 1017 706 exponens
1057 636 1264 690 Paulus
1292 636 1428 690 dicit
1456 654 1466 688 :
1505 637 1699 689 Omnes
1725 636 1846 701 qui-

240 725 367 777 dem
402 738 771 791 resurgemus,
829 726 919 777 sed
962 741 1073 778 non
1105 734 1288 778 omnes
1326 725 1763 777 immutabimur
1794 723 1849 786 (Ι

242 812 368 866 Oor.
401 814 510 881 XV).
535 812 699 882 Apud
729 812 934 866 electos
963 813 1115 866 enim
1145 812 1354 866 nullius
1382 812 1464 866 rei
1495 812 1604 866 erit
1630 810 1844 863 vicissi-

239 901 403 967 tudo,
446 901 545 954 sed
575 901 723 953 sicut
742 905 909 954 erunt
934 901 1279 954 immortales
1308 917 1557 971 corpore,
1576 900 1657 953 sic
1679 902 1846 953 erunt

243 993 303 1042 et
328 988 713 1042 immutabiles
761 994 976 1045 mente.
1016 988 1259 1059 Reprobi
1290 994 1498 1052 autem;
1550 986 1685 1040 licet
1730 986 1844 1039 sint

239 1075 591 1130 immortales
619 1092 871 1147 corpore,
909 1082 1100 1131 tamen
1143 1077 1560 1146 corruptionem
1606 1074 1844 1128 sustine-
1870 1127 1891 1145 ,

243 1163 546 1234 bunt,quia
572 1181 607 1218 a
626 1164 910 1218 vermibus
931 1163 1316 1231 comedentur,
1332 1170 1389 1218 et
1409 1163 1843 1217 mutabilitatem

241 1251 422 1306 animi
450 1253 753 1323 patientur,
782 1270 1115 1324 semperque
1154 1253 1431 1319 deﬁcient,
1466 1258 1525 1307 et
1553 1269 1843 1323 nunquam

240 1339 314 1393 ad
334 1340 611 1395 detectum
639 1340 983 1411 pervenient.
1018 1342 1149 1397 Haec
1176 1343 1367 1412 itaque
1414 1341 1841 1395 immutabilitas

239 1442 538 1497 pcenarum
558 1430 650 1483 hic
667 1431 997 1500 exprimitur
1016 1448 1116 1503 per
1137 1432 1285 1485 diem
1310 1438 1366 1486 et
1379 1437 1599 1485 noctem
1615 1430 1836 1495 .Aliter,

240 1515 394 1570 diem
410 1532 709 1587 possumus
728 1520 935 1572 referre
960 1520 1028 1572 ad
1043 1519 1282 1588 gloriam
1299 1520 1601 1589 justorum,
1619 1523 1841 1571 noctem

239 1604 314 1657 a‘d
343 1621 567 1675 poenam
605 1606 992 1676 reproborum.
1045 1606 1132 1661 Illi
1180 1624 1311 1679 ergo
1367 1607 1464 1678 qui
1513 1607 1572 1660 in
1621 1604 1839 1660 inferno

1925 471 2225 541 Evangelia
2263 486 2501 541 regnum
2554 469 2822 523 ccelorum
2867 468 3050 522 testati
3094 472 3403 537 comparat.
3456 465 3525 519 Et

1929 561 2095 623 locus,
2126 559 2378 629 pristinae
2397 556 2734 610 subauditur
2758 554 3008 620 visionis,
3027 570 3138 609 non
3168 559 3242 607 est
3259 556 3517 608 inventus

1927 647 1995 698 ab
2014 650 2111 701 eis.
2144 648 2223 699 Ac
2260 645 2308 700 si
2338 646 2549 699 diceret
2582 662 2593 695 :
2624 643 2833 712 Figura
2861 642 3130 713 praeterit,
3172 646 3378 695 natura
3404 658 3528 712 per-

1925 738 2143 791 manet.
2183 733 2327 786 Hinc
2372 733 2581 785 Paulus
2610 724 2784 784 dicit:
2840 732 3091 784 Praeterit
3127 733 3311 798 ﬁgura
3359 731 3525 800 hujus

1924 824 2129 875 mundi
2165 823 2219 890 (Ι
2245 822 2367 876 Cor.
2399 821 2511 889 III).
2546 818 2853 873 Possumus
2877 823 2934 870 et
2963 833 3064 889 per
3091 818 3292 870 coelum
3321 816 3527 872 intelli-

1924 924 2059 978 gere
2089 908 2307 962 animas
2337 914 2679 961 sanctorum.
2712 906 2820 960 Per
2860 912 3073 959 terram
3112 921 3245 959 vero
3291 920 3527 977 corpora

1925 996 2172 1051 illorum.
2205 996 2338 1059 Quae
2366 1011 2480 1049 non
2508 995 2692 1047 solum
2716 1000 2851 1047 tunc
2877 994 3356 1064 incorruptionem
3400 1008 3525 1047 cor-

1926 1084 2097 1153 poris,
2121 1099 2310 1137 verum
2344 1083 2510 1136 etiam
2543 1081 3170 1136 incommutabilitatem
3199 1082 3405 1136 mentis
3433 1098 3525 1136 re-

1926 1170 2143 1241 cepturi
2203 1175 2353 1236 sunt,
2389 1170 2612 1240 quando
2643 1167 2713 1223 ab
2735 1187 2802 1223 ea
2830 1170 3033 1240 specie,
3062 1185 3229 1241 quam
3259 1186 3407 1224 nunc
3429 1168 3530 1223 ha-

1924 1257 2078 1322 bent,
2111 1263 2380 1328 tanquam
2421 1264 2633 1310 terram
2686 1263 2746 1310 et
2795 1258 2997 1311 cmlum
3040 1263 3420 1324 transeuntes,
3461 1256 3520 1311 in

1924 1345 2305 1416 pulchriorem
2334 1350 2544 1398 statum
2574 1340 3088 1398 commutabuntur.
3130 1342 3203 1398 Et
3229 1346 3382 1399 locus
3408 1345 3527 1416 pri-

1925 1434 2089 1486 stinae
2116 1432 2493 1503 corruptionis
2507 1437 2565 1485 et
2584 1430 2979 1486 mutabilitatis
2999 1448 3110 1486 non
3132 1431 3448 1486 invenietur
3466 1433 3527 1487 in

1923 1522 2021 1575 cis.
2059 1520 2233 1584 Quasi
2254 1520 2403 1573 enim
2427 1523 2549 1589 jam
2578 1536 2691 1573 non
2720 1520 2827 1590 ipsi
2848 1526 3000 1583 sunt,
3035 1518 3135 1574 scd
3164 1519 3282 1587 alii,
3324 1520 3461 1573 dum
3487 1536 3524 1573 a

1920 1614 2199 1662 vetustate
2222 1608 2417 1678 primae
2439 1608 2813 1680 corruptionis
2832 1608 2891 1662 in
2902 1607 3208 1663 novitatem
3225 1613 3525 1662 transeunt

242 1697 432 1757 erunt,
449 1693 540 1746 die
568 1709 632 1747 ac
659 1699 822 1747 nocte
851 1694 1270 1758 cruciabuntur,
1295 1695 1656 1749 recordantes
1668 1693 1839 1749 bono-
1854 1721 1901 1780 B
1924 1696 2180 1750 secundae
2201 1696 2667 1767 regenerationis.

241 1794 373 1833 rum
397 1782 684 1850 justorum
706 1786 767 1835 et
789 1782 1068 1836 malorum
1097 1798 1345 1837 suorum.

312 1868 381 1920 Et
409 1869 526 1921 vidi
546 1869 810 1922 thronum
828 1885 1098 1937 magnum
1118 1870 1440 1924 candidum.
1460 1868 1719 1923 Thronus
1740 1870 1842 1923 Ec-

240 1954 415 2008 clesia
441 1960 548 2022 est,
598 1956 687 2009 cui
714 1955 975 2010 Christus
1028 1956 1392 2027 singulariter
1421 1962 1477 2011 et
1503 1958 1843 2027 generaliter

238 2043 521 2113 praesidet.
542 2045 780 2114 Magnus
804 2045 1028 2109 dicitur,
1061 2045 1195 2115 quia
1222 2045 1465 2099 Ecclesia
1483 2062 1549 2099 ex
1579 2045 1839 2099 multitu-

239 2131 373 2185 dine
392 2132 581 2202 pOpuli
613 2138 852 2197 constat,
883 2141 941 2187 et
964 2150 1064 2204 per
1093 2134 1287 2187 mundi
1312 2140 1500 2203 partes
1526 2133 1825 2190 dilatatur.

240 2220 527 2273 Candidus
556 2221 690 2291 quia
715 2221 868 2274 fonte
907 2220 1261 2291 baptismatis
1290 2221 1359 2275 ab
1390 2222 1543 2275 omni
1587 2221 1837 2275 abluitur

238 2310 463 2362 macula
482 2309 749 2363 criminis.
768 2311 833 2363 Et
853 2312 1120 2363 sedentem
1143 2326 1307 2377 super
1325 2326 1468 2363 eum.
1490 2309 1837 2363 Subauditur

236 2397 372 2451 vidi.
406 2398 513 2451 Per
541 2414 707 2467 quem
734 2397 1003 2451 Dominus
1024 2399 1051 2451 J
1059 2414 1184 2451 esus
1204 2398 1457 2451 Christus
1480 2398 1833 2468 intelligitur,

239 2486 337 2556 qui
366 2483 585 2539 habitat
612 2486 671 2539 in
700 2485 960 2539 cordibus
980 2486 1426 2539 ﬁdeliumJuxta
1444 2486 1838 2551 illud,lnhabi-

238 2576 360 2627 tabo
380 2578 442 2628 in
460 2576 634 2627 illiset
651 2577 801 2627 inter
832 2590 913 2627 eos
934 2575 1229 2626 ambulabo
1252 2574 1837 2642 (IlCor.vi),—acujus

236 2668 521 2730 conspectu
541 2665 687 2729 fugit
699 2668 854 2715 terra
870 2667 919 2715 et
938 2663 1273 2717 cwlumﬂoc
1292 2667 1376 2714 est
1396 2661 1545 2731 quod
1564 2662 1836 2715 Dominus

237 2749 374 2803 dicit
401 2766 413 2801 :
438 2752 645 2805 Cretum
670 2755 720 2802 et
750 2754 901 2803 terra
933 2751 1282 2815 transibunt,
1315 2750 1475 2802 verba
1500 2756 1685 2803 autem
1714 2766 1835 2802 mea

240 2853 356 2891 non
390 2838 947 2904 transibunt(.llatrh.
976 2840 1143 2903 xxxv).
1175 2838 1521 2891 Transibunt
1543 2838 1747 2890 caelum
1778 2843 1836 2890 et

239 2930 412 2990 tem,
466 2940 582 2978 non
612 2931 675 2978 ut
715 2940 836 2977 esse
892 2922 1173 2989 desinant,
1224 2925 1321 2978 sed
1361 2925 1830 2979 immutabuntur.

1997 1784 2062 1838 Et
2092 1785 2211 1838 vidi
2231 1789 2475 1837 mortuos
2504 1799 2731 1851 magnos
2759 1788 2809 1837 et
2832 1785 3064 1851 pusillos
3088 1789 3291 1839 stantes
3313 1787 3375 1838 in
3392 1801 3522 1840 eon-

1923 1878 2104 1941 speclu
2121 1873 2326 1925 throni.
2344 1872 2533 1941 Magni
2562 1876 2694 1925 sunt
2722 1871 2791 1924 de
2816 1870 3017 1942 quibus
3048 1870 3321 1927 Dominus
3345 1871 3513 1927 dicit:

1929 1958 2036 2026 Qui
2067 1960 2255 2027 fecerit
2286 1965 2335 2013 et
2364 1962 2626 2025 docuerit,
2663 1962 2752 2013 hic
2771 1976 3009 2027 magnus
3036 1962 3317 2014 vocabitur
3338 1964 3403 2014 in
3431 1975 3522 2014 re-

1920 2062 2029 2113 gno
2062 2050 2323 2101 cwlorum
2357 2048 2575 2118 (Matth.
2605 2052 2685 2114 v).
2724 2045 2922 2101 Pusilli
2953 2047 3049 2117 qui
3102 2048 3521 2119 simplicitatem

1918 2135 2046 2189 vitae
2067 2141 2312 2199 servant,
2335 2151 2437 2189 nec
2450 2135 2652 2189 altiora
2675 2135 2944 2209 mysteria
2971 2151 3169 2205 capere
3195 2134 3511 2194 sufﬁciunt.

1918 2222 2127 2277 Omnes
2153 2223 2304 2276 enim
2330 2222 2423 2277 hic
2448 2225 2788 2293 generaliter
2815 2222 3521 2294 comprehenduntur,qui-

1922 2326 2141 2382 cunque
2173 2312 2229 2364 in
2256 2312 2530 2381 judicium
2556 2317 2693 2365 sunt
2742 2312 2959 2366 venturi
3004 2311 3063 2365 in
3119 2312 3377 2381 gloriam.
3414 2312 3521 2365 Vel

1921 2415 2156 2468 magnos
2194 2406 2253 2453 et
2289 2399 2523 2470 pusillos
2568 2417 2865 2470 possumus
2903 2399 3243 2471 intelligere,
3277 2417 3436 2471 reges
3465 2407 3523 2455 et

1918 2488 2199 2558 principes
2228 2488 2398 2557 hujus
2420 2488 2607 2541 saeculi
2658 2505 2786 2542 cum
2824 2486 2941 2541 suis
2971 2488 3077 2541 sibi
3118 2487 3408 2557 subjectis.
3449 2489 3521 2545 Hi

1921 2576 2071 2627 enim
2129 2591 2325 2628 omnes
2377 2580 2434 2628 et
2480 2575 2622 2644 justi
2648 2575 2865 2628 scilicet
2898 2581 2952 2627 et
2982 2575 3361 2645 perfectiores,
3387 2592 3520 2631 cum

1918 2661 2369 2729 simplicioribus,
2399 2666 2456 2714 et
2486 2661 2767 2731 principes
2810 2662 2980 2729 hujus
3008 2662 3196 2715 saeculi
3234 2677 3363 2715 cum
3399 2663 3519 2716 suis

1918 2748 2025 2802 sibi
2057 2749 2325 2819 subjectis
2355 2748 2586 2803 stabunt
2623 2750 2682 2803 in
2711 2748 2802 2802 die
2826 2749 3041 2819 judicii.
3073 2749 3161 2804 Illi
3193 2748 3423 2820 quidem
3454 2752 3519 2806 ut

1918 2843 2371 2903 remunerentur,
2427 2838 2524 2891 isti
2573 2854 2703 2892 vero
2750 2844 2813 2891 ut
2858 2837 3217 2892 damnentur.
3267 2839 3335 2892 Et
3383 2840 3519 2893 libri

1917 2929 2099 2993 aperti
2112 2932 2263 2987 sunt,
2299 2931 2345 2978 et
2371 2928 2520 2978 alius
2549 2928 2686 2979 liber
2704 2930 2927 2994 apertus
2952 2930 3152 2995 est,qui
3170 2933 3243 2980 est
3272 2928 3519 2982 vitar.Li-

237 2984 410 3067 Juxta
436 3008 586 3083 quod
626 3013 839 3066 Paulus
886 3012 1019 3065 dicit
1052 3030 1063 3064 :
1122 2984 1373 3067 P'rzterit
1419 3018 1605 3081 ﬁgura
1661 3014 1833 3081 hujus
1856 2984 2004 3066 Cbri
2035 2984 2257 3084 aperti,
2295 3013 2407 3067 duo
2455 3021 2589 3067 sunt
2615 2984 2994 3080 Testamenta,
3031 2984 3155 3085 quae
3201 3015 3261 3069 in
3303 3015 3515 3085 judicio

236 3103 441 3155 mundi
456 3103 512 3171 (Ι
532 3105 650 3155 Cor.
680 3111 801 3159 γη).
824 3101 945 3153 Erit
973 3101 1121 3154 enim
1142 3108 1281 3155 tunc
1309 3103 1512 3155 ccelum
1542 3118 1745 3155 novum
1777 3106 1832 3155 et
1914 3103 2255 3172 aperientur,
2285 3102 2508 3172 quando
2530 3102 2740 3172 singuli
2767 3102 3072 3157 electorum
3103 3103 3400 3158 manifeste
3430 3104 3514 3158 vi-

234 3195 392 3245 terra
427 3205 588 3244 nova.
630 3189 871 3258 Fugient
898 3189 1105 3260 quippe
1142 3207 1179 3243 a
1206 3197 1507 3260 conspectu
1526 3191 1733 3260 judicis
1762 3190 1832 3243 ab
1915 3190 2143 3256 debunt,
2176 3188 2309 3260 quid
2342 3208 2407 3243 ex
2430 3190 2514 3243 his
2544 3191 2965 3260 compleverint,
2993 3193 3079 3245 vel
3108 3193 3243 3262 quid
3274 3200 3512 3263 praeters

234 3294 300 3333 ea
319 3279 525 3349 specie,
548 3293 721 3347 quam
751 3292 899 3330 nunc
930 3277 1161 3345 habent,
1193 3285 1250 3331 et
1270 3279 1566 3333 ostendent
1592 3279 1833 3350 pulchri-

229 3368 507 3431 tudinem,
534 3383 704 3437 quam
738 3382 887 3419 nunc
906 3366 1110 3419 celant.
1139 3367 1298 3420 Unde
1328 3374 1384 3420 et
1412 3369 1471 3421 in
1496 3369 1603 3421 hac
1630 3368 1829 3422 eadem

227 3456 566 3528 Apocalypsi
610 3456 820 3509 dicitur
849 3466 861 3500 ε
920 3456 1037 3507 Victi
1065 3459 1257 3508 emtum
1290 3472 1492 3509 norum
1522 3462 1569 3510 et
1620 3462 1829 3510 terram

227 3549 559 3613 novamtAp.
576 3554 711 3615 xxI).
738 3544 995 3597 Primum
1017 3544 1165 3597 enim
1187 3546 1386 3598 coelum
1401 3552 1455 3599 et
1477 3546 1657 3616 prima
1676 3551 1829 3599 terra

225 3634 382 3688 abiit.
404 3635 561 3704 Ignis
591 3634 743 3687 enim
770 3632 1134 3687 comitabitur
1154 3633 1379 3687 Domini
1401 3630 1827 3703 adventum,qui

222 3728 448 3777 tantum
462 3722 705 3792 spatium
734 3722 879 3775 aeris
898 3720 1207 3792 occupabit,
1238 3726 1512 3792 quantum
1543 3723 1828 3791 occupavit

225 3825 376 3882 aqua
405 3810 618 3874 diluvii,
652 3810 873 3880 quando
906 3809 1224 3879 quindecim
1279 3810 1480 3862 cubitis
1524 3810 1633 3863 fuit
1660 3825 1829 3880 super

226 3915 424 3955 omnes
473 3904 708 3963 montes,
744 3898 840 3968 qui
866 3904 1031 3950 erant
1058 3896 1161 3951 sub
1193 3898 1452 3951 universo
1482 3899 1635 3951 caelo.
1672 3898 1826 3951 Inter

224 3990 348 4043 haec
371 3995 560 4043 autem
596 3987 906 4053 sciendum,
940 3986 1073 4056 quia
1092 3986 1318 4057 quidam
1343 3987 1529 4040 minus
1558 3997 1719 4040 caute
1747 3986 1827 4039 di-

226 4079 417 4131 vinam
446 4077 794 4147 Scripturam
817 4074 1687 4145 considerantes,priusdixerunt
1707 4091 1827 4127 cm-

227 4164 349 4217 lum
376 4169 435 4217 et
458 4168 670 4216 terram
698 4159 941 4214 transire
969 4174 1070 4228 per
1116 4159 1323 4228 ignem,
1359 4178 1527 4231 quam
1550 4159 1827 4231 judicium

226 4251 374 4307 ﬁeri.
404 4248 645 4317 Quidam
672 4265 803 4303 vero
832 4248 1138 4313 affirmant,
1172 4249 1327 4319 prius
1355 4249 1605 4304 futuram
1636 4266 1826 4304 resur-

1914 3279 2357 3332 miseriat.Alius
2383 3285 2578 3332 autem
2604 3278 2768 3345 liber,
2798 3283 2897 3347 qui
2919 3285 2993 3333 est
3036 3286 3177 3346 vita,
3212 3280 3515 3336 Dominum

1913 3367 2103 3421 Jesum
2138 3367 2427 3421 Christum
2455 3367 2756 3437 signiﬁcat,
2790 3368 2888 3438 qui
2916 3369 3088 3422 vitam
3107 3368 3226 3422 suis
3254 3369 3515 3425 fidelibus

1911 3456 2129 3509 tribuit.
2167 3457 2231 3509 1n
2257 3456 2352 3509 illo
2381 3456 2534 3509 enim
2564 3456 2711 3521 libri,
2734 3455 2841 3509 hoc
2867 3466 2953 3510 est
2990 3456 3100 3510 duo
3128 3458 3507 3526 Testamenta,

1912 3544 2403 3614 aperientur,quia
2430 3543 2489 3595 in
2518 3543 2615 3595 illo
2646 3558 2839 3595 omnes
2870 3543 3116 3596 actiones
3141 3545 3283 3612 justi
3327 3545 3514 3599 consi-

1911 3631 2207 3684 derabunt.
2233 3631 2333 3683 Vel
2375 3629 2503 3683 libri
2539 3630 2738 3699 aperti,
2789 3647 2961 3701 opera
2990 3632 3274 3700 justorum
3303 3632 3514 3702 signiﬁ-

1909 3723 2187 3788 cant,quaa
2215 3718 2272 3771 in
2294 3716 2507 3787 judicio
2533 3718 2793 3772 omnibus
2815 3719 3512 3775 manifestabuntur.Nunc

1910 3807 2061 3860 enim
2089 3807 2415 3860 abscondita
2443 3811 2576 3860 sunt
2597 3808 2881 3876 justorum
2911 3824 3102 3879 opera,
3135 3810 3266 3879 quia
3307 3811 3512 3865 huma-

1906 3911 2044 3948 num
2083 3896 2258 3948 vitare
2287 3895 2575 3965 cupientes
2604 3895 2871 3961 favorem,
2895 3913 3058 3950 omne
3088 3915 3227 3971 opus
3255 3916 3421 3953 suum
3450 3900 3512 3956 in

1906 3983 2232 4039 abscondito
2257 3984 2489 4050 faciunt,
2506 3988 2641 4037 tunc
2677 3991 2869 4038 autem
2895 3985 3189 4039 manifesta
3206 3987 3329 4042 luce
3357 4004 3511 4043 reve-

1909 4072 2193 4127 labuntur.
2226 4072 2384 4127 Unde
2409 4073 2710 4142 Apostolus
2734 4091 2745 4126 :
2794 4073 2967 4127 Veniet
2997 4076 3267 4130 Dominus
3294 4083 3344 4130 et
3374 4080 3506 4131 illu-

1909 4163 2482 4215 minabitabscondita
2504 4164 2880 4229 tenebrarum,
2901 4169 2949 4216 et
2974 4166 3353 4231 mani/'estabit
3386 4176 3510 4221 con-

1908 4252 2039 4303 silia
2070 4251 2348 4317 eordium,
2386 4253 2435 4302 et
2478 4253 2611 4302 tunc
2640 4251 2763 4303 laus
2798 4253 2901 4304 erit
2940 4254 3241 4322 unicuique
3268 4269 3303 4307 α
3328 4255 3431 4309 Deo
3458 4255 3515 4325 (Ι

231 4340 563 4405 rectionem,
625 4337 828 4392 deinde
890 4332 1017 4389 celi
1067 4346 1124 4393 et
1187 4344 1351 4391 terrae
1388 4326 2162 4405 innovationem.D00r.1v).
2196 4338 2297 4391 Vel
2326 4336 2455 4390 libri
2497 4337 2669 4391 etiam
2707 4338 3106 4409 intelliguntur
3155 4343 3511 4399 conscientiae

234 4429 347 4484 Sed
368 4435 429 4483 et
473 4429 573 4483 hos
621 4435 679 4482 et
704 4428 830 4483 illos
857 4430 1043 4485 minus
1068 4435 1234 4484 cauta
1262 4428 1578 4497 conspectio
1606 4427 1824 4493 fefellit,

233 4518 386 4588 quod
402 4518 610 4571 Paulus
632 4518 974 4582 manifestat,
1008 4518 1103 4589 qui
1133 4518 1269 4571 dicit
1295 4529 1305 4561 ε
1330 4518 1453 4570 Dies
1484 4517 1711 4570 Domini
1741 4518 1828 4570 de—

233 4609 636 4674 otarabit,quia
666 4610 728 4660 in
746 4611 873 4675 igne
902 4610 1237 4661 revelabitur
1256 4607 1303 4674 (Ι
1323 4607 1443 4661 Cor.
1467 4619 1569 4666 ιιι).
1587 4604 1659 4658 Et
1676 4603 1828 4658 Psal—

231 4695 404 4748 mista
432 4712 444 4746 :
474 4697 625 4762 Ignis
648 4698 708 4748 in
730 4700 1011 4764 conspectu
1038 4699 1154 4764 ejus
1180 4695 1393 4747 ardebit
1422 4697 1552 4746 etin
1581 4695 1824 4747 circuitu

234 4788 351 4852 ejus
386 4789 667 4853 tempestas
695 4786 879 4837 valida
914 4787 1077 4854 (Psal.
1109 4783 1278 4852 χιιι).
1312 4782 1490 4836 Simul
1530 4781 1679 4835 enim
1708 4778 1830 4835 Do-

233 4872 424 4925 minus
463 4871 650 4925 veniet
684 4872 754 4925 ad
779 4872 1075 4942 judicium,
1110 4876 1166 4925 et
1191 4871 1399 4924 mortui
1427 4875 1740 4941 resurgent,
1775 4875 1832 4923 et

234 4962 516 5015 elementa
532 4964 664 5031 igne
684 4962 989 5024 solventur,
1010 4965 1180 5031 atque
1193 4960 1524 5026 omnia,Deo
1541 4960 1828 5030 judicante

233 5067 336 5122 per
363 5051 574 5121 ignem,
604 5067 733 5105 cum
761 5051 1111 5104 adversarios
1140 5050 1286 5120 ignis
1324 5049 1638 5117 involverit,
1669 5053 1726 5101 et
1770 5048 1828 5102 in

233 5140 519 5195 infernum
547 5140 1078 5209 demerserit,atque
1108 5138 1313 5193 electos
1333 5138 1405 5192 ad
1427 5153 1663 5207 regnum
1692 5153 1830 5207 prze-

234 5230 474 5296 miserit,
489 5236 624 5283 tunc
643 5229 844 5283 omium
862 5236 922 5282 et
936 5236 1090 5282 terra
1122 5244 1265 5282 nova
1284 5227 1655 5298 apparebunt,
1679 5226 1827 5298 quod

233 5336 337 5373 nos
366 5334 589 5389 quoque
617 5318 868 5388 exemplo
898 5317 1330 5386 colligimus,qui
1358 5316 1685 5370 hiemalium
1713 5316 1825 5369 die-

234 5424 364 5462 rum
412 5407 849 5461 revolutionibus
897 5421 1129 5459 vernum
1177 5411 1400 5474 tempus
1430 5404 1827 5458 abundantiori

234 5497 368 5553 solis
386 5496 868 5571 luminesuperius
892 5494 1299 5571 splendescere,
1330 5493 1600 5547 varietate
1625 5494 1831 5547 ﬂorum

1911 4442 2033 4498 quae
2046 4426 2284 4496 singulis
2299 4425 2537 4479 invicem
2557 4426 3086 4496 manifestabuntur,
3096 4432 3227 4501 quia
3240 4430 3512 4503 quidquid

1908 4533 2056 4571 unus
2077 4515 2364 4585 cogitabit,
2387 4514 2459 4568 ab
2486 4516 2664 4569 altero
2695 4516 2856 4570 facile
2880 4517 3235 4588 intelligitur.
3267 4522 3334 4574 Et
3350 4522 3510 4587 judi-

1908 4609 2021 4659 oali
2037 4609 2169 4658 sunt
2190 4607 2403 4657 mortui
2422 4621 2486 4657 es:
2509 4604 2593 4657 his
2608 4621 2727 4671 qua:
2742 4609 2948 4672 scripta
2978 4613 3141 4659 erant
3162 4612 3222 4660 in
3244 4611 3403 4662 libris
3430 4624 3510 4662 se-

1910 4696 2158 4747 cundum
2208 4709 2370 4761 opera
2398 4695 2666 4760 ipsorum.
2700 4692 2763 4746 Id
2794 4698 2899 4758 est,
2931 4710 2997 4747 ex
3032 4700 3270 4764 utroque
3307 4696 3507 4750 Testa-

1909 4788 2101 4836 mento
2123 4766 2359 4853 judicati
2387 4785 2521 4834 sunt
2544 4781 2851 4834 secundum
2876 4783 3025 4851 quod
3053 4799 3118 4836 ex
3144 4778 3231 4837 his
3254 4783 3509 4840 fecerunt

1913 4877 2011 4925 aut
2039 4887 2152 4925 non
2182 4870 2453 4923 fecerunt.
2486 4869 2585 4923 Vel
2611 4869 2783 4927 etiam
2813 4885 2880 4923 ex
2921 4873 3339 4941 comparatione
3369 4891 3504 4945 ope-

1910 4977 2039 5013 rum
2064 4966 2389 5013 sanctorum
2414 4956 2821 5027 judicabuntur
2852 4958 3094 5029 reprobi,
3134 4960 3229 5030 qui
3258 4963 3419 5032 quasi
3446 4962 3506 5019 in

1911 5045 2249 5118 expansione
2280 5045 2552 5098 librorum
2578 5045 2774 5114 legunt
2801 5045 3185 5118 bonum,quod
3204 5065 3371 5121 agere
3402 5070 3508 5109 no-

1908 5138 2155 5201 luerunt,
2208 5134 2624 5188 considerantes
2676 5135 2849 5187 vitam
2897 5135 3201 5204 justorum,
3268 5156 3508 5210 quorum

1909 5223 2326 5297 comparatione
2373 5222 2732 5274 damnantur.
2765 5221 3119 5294 Quapropter
3148 5226 3370 5297 expedit
3396 5228 3508 5283 illis

1906 5318 1971 5367 ut
1996 5314 2054 5366 in
2084 5311 2343 5382 praesenti
2376 5311 2484 5363 vita
2509 5316 2667 5363 actus
2689 5325 2885 5363 eorum
2914 5311 3285 5380 considerent,
3320 5321 3377 5367 et
3412 5314 3506 5379 de-

1908 5402 2142 5456 teriores
2166 5416 2299 5453 usus
2320 5398 2676 5452 conversione
2706 5399 3030 5457 immutent.
3073 5401 3179 5466 Qui
3203 5402 3351 5455 enim
3379 5403 3504 5473 ple-

1911 5490 2143 5546 nissime
2186 5486 2500 5561 intelligere
2529 5487 2763 5560 appetit,
2798 5489 2978 5564 qualis
3007 5495 3110 5563 est,
3142 5486 3306 5543 debet
3331 5486 3503 5573 nimiq
