  <div class='ocr_page' id='page_1' title='image "/cluster/home/n/w/nwhite01/storage/ocr_20150623/117/hvd.32044054759816/601.png"; bbox 0 0 4048 6172; ppageno 0'>
   <div class='ocr_carea' id='block_1_1' title="bbox 503 226 636 283">
    <p class='ocr_par' dir='ltr' id='par_1_1' title="bbox 503 226 636 283">
     <span class='ocr_line' id='line_1_1' title="bbox 503 226 636 283; baseline 0 0"><span class='ocrx_word' id='word_1_1' title='bbox 503 226 636 283; x_wconf 84' lang='grc'>1191</span> 
     </span>
    </p>
   </div>
   <div class='ocr_carea' id='block_1_2' title="bbox 983 180 3308 288">
    <p class='ocr_par' dir='ltr' id='par_1_2' title="bbox 983 180 3308 288">
     <span class='ocr_line' id='line_1_2' title="bbox 983 180 3308 288; baseline 0.002 -9"><span class='ocrx_word' id='word_1_2' title='bbox 983 180 1362 279; x_wconf 59' lang='lat' dir='ltr'>HaYMONIS</span> <span class='ocrx_word' id='word_1_3' title='bbox 1394 224 1879 288; x_wconf 79' lang='lat' dir='ltr'>HALBERSTAT.</span> <span class='ocrx_word' id='word_1_4' title='bbox 1914 222 2142 280; x_wconf 83' lang='lat' dir='ltr'>EPISC.</span> <span class='ocrx_word' id='word_1_5' title='bbox 2172 224 2330 280; x_wconf 80' lang='lat' dir='ltr'>opp.</span> <span class='ocrx_word' id='word_1_6' title='bbox 2362 225 2547 282; x_wconf 80' lang='lat' dir='ltr'><strong>PARS</strong></span> <span class='ocrx_word' id='word_1_7' title='bbox 2572 227 2599 282; x_wconf 81' lang='grc' dir='ltr'><strong>ι</strong></span> <span class='ocrx_word' id='word_1_8' title='bbox 2627 256 2692 268; x_wconf 90' lang='grc'><strong><em>-</em></strong></span> <span class='ocrx_word' id='word_1_9' title='bbox 2723 227 3098 287; x_wconf 87' lang='lat' dir='ltr'>COMMENT.</span> <span class='ocrx_word' id='word_1_10' title='bbox 3127 229 3308 285; x_wconf 84' lang='lat' dir='ltr'>BIBL.</span> 
     </span>
    </p>
   </div>
   <div class='ocr_carea' id='block_1_3' title="bbox 3634 232 3774 290">
    <p class='ocr_par' dir='ltr' id='par_1_3' title="bbox 3634 232 3774 290">
     <span class='ocr_line' id='line_1_3' title="bbox 3634 232 3774 290; baseline -0.007 -3"><span class='ocrx_word' id='word_1_11' title='bbox 3634 232 3774 290; x_wconf 76' lang='grc'><strong>1192</strong></span> 
     </span>
    </p>
   </div>
   <div class='ocr_carea' id='block_1_4' title="bbox 500 346 3779 426">
    <p class='ocr_par' dir='ltr' id='par_1_4' title="bbox 500 346 3779 426">
     <span class='ocr_line' id='line_1_4' title="bbox 500 346 3779 426; baseline 0.002 -23"><span class='ocrx_word' id='word_1_12' title='bbox 500 365 627 403; x_wconf 90' lang='lat' dir='ltr'>rum</span> <span class='ocrx_word' id='word_1_13' title='bbox 651 348 795 403; x_wconf 86' lang='lat' dir='ltr'>tales</span> <span class='ocrx_word' id='word_1_14' title='bbox 820 346 1350 419; x_wconf 85' lang='lat' dir='ltr'>conspicere,qualis</span> <span class='ocrx_word' id='word_1_15' title='bbox 1370 365 1482 403; x_wconf 92' lang='lat' dir='ltr'>non</span> <span class='ocrx_word' id='word_1_16' title='bbox 1499 354 1584 404; x_wconf 89' lang='lat' dir='ltr'>est</span> <span class='ocrx_word' id='word_1_17' title='bbox 1611 367 1622 401; x_wconf 92' lang='lat'>:</span> <span class='ocrx_word' id='word_1_18' title='bbox 1653 354 1710 405; x_wconf 90' lang='lat' dir='ltr'>et</span> <span class='ocrx_word' id='word_1_19' title='bbox 1737 349 1796 403; x_wconf 91' lang='lat' dir='ltr'>in</span> <span class='ocrx_word' id='word_1_20' title='bbox 1815 350 2092 404; x_wconf 88' lang='lat' dir='ltr'>bonorum</span> <span class='ocrx_word' id='word_1_21' title='bbox 2109 350 2162 409; x_wconf 82' lang='grc' dir='ltr'><strong>Α</strong></span> <span class='ocrx_word' id='word_1_22' title='bbox 2182 350 2300 404; x_wconf 89' lang='lat' dir='ltr'>rius</span> <span class='ocrx_word' id='word_1_23' title='bbox 2328 349 2542 406; x_wconf 89' lang='lat' dir='ltr'>dictum</span> <span class='ocrx_word' id='word_1_24' title='bbox 2593 358 2694 407; x_wconf 87' lang='lat' dir='ltr'>est.</span> <span class='ocrx_word' id='word_1_25' title='bbox 2726 353 2879 407; x_wconf 81' lang='lat' dir='ltr'>Abiit</span> <span class='ocrx_word' id='word_1_26' title='bbox 2928 354 3178 424; x_wconf 89' lang='lat' dir='ltr'>primum</span> <span class='ocrx_word' id='word_1_27' title='bbox 3230 354 3449 419; x_wconf 63' lang='lat' dir='ltr'>coelum,</span> <span class='ocrx_word' id='word_1_28' title='bbox 3495 361 3553 408; x_wconf 90' lang='lat' dir='ltr'>et</span> <span class='ocrx_word' id='word_1_29' title='bbox 3599 356 3779 426; x_wconf 82' lang='lat' dir='ltr'>prima</span> 
     </span>
    </p>
   </div>
   <div class='ocr_carea' id='block_1_5' title="bbox 499 436 2093 507">
    <p class='ocr_par' dir='ltr' id='par_1_5' title="bbox 499 436 2093 507">
     <span class='ocr_line' id='line_1_5' title="bbox 499 436 2093 507; baseline 0 -17"><span class='ocrx_word' id='word_1_30' title='bbox 499 437 682 492; x_wconf 91' lang='lat' dir='ltr'>forma</span> <span class='ocrx_word' id='word_1_31' title='bbox 709 437 997 504; x_wconf 78' lang='lat' dir='ltr'>metiatur,</span> <span class='ocrx_word' id='word_1_32' title='bbox 1021 442 1231 507; x_wconf 88' lang='lat' dir='ltr'>quanto</span> <span class='ocrx_word' id='word_1_33' title='bbox 1261 436 1379 507; x_wconf 91' lang='lat' dir='ltr'>ipse</span> <span class='ocrx_word' id='word_1_34' title='bbox 1402 437 1624 491; x_wconf 86' lang='lat' dir='ltr'>deserto</span> <span class='ocrx_word' id='word_1_35' title='bbox 1655 437 1799 491; x_wconf 91' lang='lat' dir='ltr'>bono</span> <span class='ocrx_word' id='word_1_36' title='bbox 1829 437 2093 491; x_wconf 83' lang='lat' dir='ltr'>deformis</span> 
     </span>
    </p>
   </div>
   <div class='ocr_carea' id='block_1_6' title="bbox 500 530 604 579">
    <p class='ocr_par' dir='ltr' id='par_1_6' title="bbox 500 530 604 579">
     <span class='ocr_line' id='line_1_6' title="bbox 500 530 604 579; baseline 0.01 -1"><span class='ocrx_word' id='word_1_37' title='bbox 500 530 604 579; x_wconf 89' lang='lat' dir='ltr'>est.</span> 
     </span>
    </p>
   </div>
   <div class='ocr_carea' id='block_1_7' title="bbox 571 615 2097 682">
    <p class='ocr_par' dir='ltr' id='par_1_7' title="bbox 571 615 2097 682">
     <span class='ocr_line' id='line_1_7' title="bbox 571 615 2097 682; baseline -0.001 -15"><span class='ocrx_word' id='word_1_38' title='bbox 571 615 638 668; x_wconf 81' lang='lat' dir='ltr'>Et</span> <span class='ocrx_word' id='word_1_39' title='bbox 655 615 799 667; x_wconf 85' lang='lat' dir='ltr'>dedit</span> <span class='ocrx_word' id='word_1_40' title='bbox 830 630 981 667; x_wconf 87' lang='lat' dir='ltr'>mare</span> <span class='ocrx_word' id='word_1_41' title='bbox 1010 619 1253 667; x_wconf 85' lang='lat' dir='ltr'>mortuos</span> <span class='ocrx_word' id='word_1_42' title='bbox 1291 630 1416 667; x_wconf 88' lang='lat' dir='ltr'>suos</span> <span class='ocrx_word' id='word_1_43' title='bbox 1446 617 1546 682; x_wconf 89' lang='lat' dir='ltr'>qui</span> <span class='ocrx_word' id='word_1_44' title='bbox 1580 617 1645 668; x_wconf 83' lang='lat' dir='ltr'>in</span> <span class='ocrx_word' id='word_1_45' title='bbox 1681 631 1738 667; x_wconf 90' lang='lat' dir='ltr'>eo</span> <span class='ocrx_word' id='word_1_46' title='bbox 1767 622 1949 667; x_wconf 82' lang='lat' dir='ltr'>erant.</span> <span class='ocrx_word' id='word_1_47' title='bbox 1987 616 2097 668; x_wconf 83' lang='lat' dir='ltr'>Hoc</span> 
     </span>
    </p>
   </div>
   <div class='ocr_carea' id='block_1_8' title="bbox 501 701 2101 774">
    <p class='ocr_par' dir='ltr' id='par_1_8' title="bbox 501 701 2101 774">
     <span class='ocr_line' id='line_1_8' title="bbox 501 701 2101 774; baseline -0.001 -18"><span class='ocrx_word' id='word_1_48' title='bbox 501 702 659 774; x_wconf 90' lang='lat' dir='ltr'>prius</span> <span class='ocrx_word' id='word_1_49' title='bbox 710 703 809 755; x_wconf 88' lang='lat' dir='ltr'>ﬁet</span> <span class='ocrx_word' id='word_1_50' title='bbox 838 718 1005 773; x_wconf 86' lang='lat' dir='ltr'>quam</span> <span class='ocrx_word' id='word_1_51' title='bbox 1035 701 1166 755; x_wconf 85' lang='lat' dir='ltr'>libri</span> <span class='ocrx_word' id='word_1_52' title='bbox 1198 702 1545 772; x_wconf 84' lang='lat' dir='ltr'>aperiantur,</span> <span class='ocrx_word' id='word_1_53' title='bbox 1578 710 1636 756; x_wconf 89' lang='lat' dir='ltr'>et</span> <span class='ocrx_word' id='word_1_54' title='bbox 1666 720 1732 755; x_wconf 87' lang='lat' dir='ltr'>ex</span> <span class='ocrx_word' id='word_1_55' title='bbox 1774 703 1861 755; x_wconf 90' lang='lat' dir='ltr'>his</span> <span class='ocrx_word' id='word_1_56' title='bbox 1892 701 2101 773; x_wconf 78' lang='lat' dir='ltr'>mortui</span> 
     </span>
    </p>
   </div>
   <div class='ocr_carea' id='block_1_9' title="bbox 414 788 2100 860">
    <p class='ocr_par' dir='ltr' id='par_1_9' title="bbox 414 788 2100 860">
     <span class='ocr_line' id='line_1_9' title="bbox 414 788 2100 860; baseline -0.003 -15"><span class='ocrx_word' id='word_1_57' title='bbox 414 798 419 809; x_wconf 94' lang='lat'><em>‘</em></span> <span class='ocrx_word' id='word_1_58' title='bbox 496 792 822 860; x_wconf 87' lang='lat' dir='ltr'>judicentur</span> <span class='ocrx_word' id='word_1_59' title='bbox 857 790 1166 843; x_wconf 90' lang='lat' dir='ltr'>secundum</span> <span class='ocrx_word' id='word_1_60' title='bbox 1205 806 1374 860; x_wconf 83' lang='lat' dir='ltr'>opera</span> <span class='ocrx_word' id='word_1_61' title='bbox 1402 790 1672 860; x_wconf 89' lang='lat' dir='ltr'>ipsorum.</span> <span class='ocrx_word' id='word_1_62' title='bbox 1706 790 1990 853; x_wconf 84' lang='lat' dir='ltr'>Quantum</span> <span class='ocrx_word' id='word_1_63' title='bbox 2029 788 2100 840; x_wconf 91' lang='lat' dir='ltr'>ad</span> 
     </span>
    </p>
   </div>
   <div class='ocr_carea' id='block_1_10' title="bbox 502 877 2102 948">
    <p class='ocr_par' dir='ltr' id='par_1_10' title="bbox 502 877 2102 948">
     <span class='ocr_line' id='line_1_10' title="bbox 502 877 2102 948; baseline -0.004 -15"><span class='ocrx_word' id='word_1_64' title='bbox 502 880 749 933; x_wconf 76' lang='lat' dir='ltr'>litteram</span> <span class='ocrx_word' id='word_1_65' title='bbox 779 878 1041 948; x_wconf 79' lang='lat' dir='ltr'>pertinet,</span> <span class='ocrx_word' id='word_1_66' title='bbox 1067 893 1243 942; x_wconf 89' lang='lat' dir='ltr'>mare,</span> <span class='ocrx_word' id='word_1_67' title='bbox 1273 877 1526 942; x_wconf 88' lang='lat' dir='ltr'>ﬂumina,</span> <span class='ocrx_word' id='word_1_68' title='bbox 1554 883 1612 930; x_wconf 89' lang='lat' dir='ltr'>et</span> <span class='ocrx_word' id='word_1_69' title='bbox 1638 878 1827 929; x_wconf 84' lang='lat' dir='ltr'>omnia</span> <span class='ocrx_word' id='word_1_70' title='bbox 1872 881 2102 944; x_wconf 85' lang='lat' dir='ltr'>stagna,</span> 
     </span>
    </p>
   </div>
   <div class='ocr_carea' id='block_1_11' title="bbox 502 964 2104 1037">
    <p class='ocr_par' dir='ltr' id='par_1_11' title="bbox 502 964 2104 1037">
     <span class='ocr_line' id='line_1_11' title="bbox 502 964 2104 1037; baseline -0.004 -16"><span class='ocrx_word' id='word_1_71' title='bbox 502 967 750 1037; x_wconf 10' lang='lat' dir='ltr'>suosrqui</span> <span class='ocrx_word' id='word_1_72' title='bbox 772 967 831 1020; x_wconf 89' lang='lat' dir='ltr'>in</span> <span class='ocrx_word' id='word_1_73' title='bbox 856 967 937 1021; x_wconf 90' lang='lat' dir='ltr'>eis</span> <span class='ocrx_word' id='word_1_74' title='bbox 956 973 1223 1019; x_wconf 89' lang='lat' dir='ltr'>tenentur</span> <span class='ocrx_word' id='word_1_75' title='bbox 1252 972 1504 1019; x_wconf 88' lang='lat' dir='ltr'>mortuos</span> <span class='ocrx_word' id='word_1_76' title='bbox 1525 964 1758 1018; x_wconf 80' lang='lat' dir='ltr'>dabunt.</span> <span class='ocrx_word' id='word_1_77' title='bbox 1787 964 1889 1018; x_wconf 89' lang='lat' dir='ltr'>Cui</span> <span class='ocrx_word' id='word_1_78' title='bbox 1913 969 2104 1017; x_wconf 90' lang='lat' dir='ltr'>autem</span> 
     </span>
    </p>
   </div>
   <div class='ocr_carea' id='block_1_12' title="bbox 502 1050 2105 1119">
    <p class='ocr_par' dir='ltr' id='par_1_12' title="bbox 502 1050 2105 1119">
     <span class='ocr_line' id='line_1_12' title="bbox 502 1050 2105 1119; baseline -0.004 -9"><span class='ocrx_word' id='word_1_79' title='bbox 502 1055 807 1119; x_wconf 89' lang='lat' dir='ltr'>dabuntur,</span> <span class='ocrx_word' id='word_1_80' title='bbox 832 1055 940 1108; x_wconf 86' lang='lat' dir='ltr'>nisi</span> <span class='ocrx_word' id='word_1_81' title='bbox 968 1055 1092 1108; x_wconf 82' lang='lat' dir='ltr'>vitae</span> <span class='ocrx_word' id='word_1_82' title='bbox 1111 1055 1135 1107; x_wconf 84' lang='lat'><strong>?</strong></span> <span class='ocrx_word' id='word_1_83' title='bbox 1154 1055 1308 1107; x_wconf 91' lang='lat' dir='ltr'>Tunc</span> <span class='ocrx_word' id='word_1_84' title='bbox 1331 1054 1481 1107; x_wconf 86' lang='lat' dir='ltr'>enim</span> <span class='ocrx_word' id='word_1_85' title='bbox 1510 1070 1703 1107; x_wconf 89' lang='lat' dir='ltr'>omnes</span> <span class='ocrx_word' id='word_1_86' title='bbox 1732 1050 2105 1106; x_wconf 82' lang='lat' dir='ltr'>resurrecturi</span> 
     </span>
    </p>
   </div>
   <div class='ocr_carea' id='block_1_13' title="bbox 502 1140 2103 1215">
    <p class='ocr_par' dir='ltr' id='par_1_13' title="bbox 502 1140 2103 1215">
     <span class='ocr_line' id='line_1_13' title="bbox 502 1140 2103 1215; baseline -0.005 -16"><span class='ocrx_word' id='word_1_87' title='bbox 502 1149 635 1199; x_wconf 90' lang='lat' dir='ltr'>sunt</span> <span class='ocrx_word' id='word_1_88' title='bbox 661 1160 995 1215; x_wconf 90' lang='lat' dir='ltr'>quacunque</span> <span class='ocrx_word' id='word_1_89' title='bbox 1026 1148 1206 1196; x_wconf 90' lang='lat' dir='ltr'>morte</span> <span class='ocrx_word' id='word_1_90' title='bbox 1228 1141 1501 1212; x_wconf 84' lang='lat' dir='ltr'>perempti</span> <span class='ocrx_word' id='word_1_91' title='bbox 1521 1142 1753 1207; x_wconf 85' lang='lat' dir='ltr'>fuerint,</span> <span class='ocrx_word' id='word_1_92' title='bbox 1787 1148 1844 1194; x_wconf 91' lang='lat' dir='ltr'>et</span> <span class='ocrx_word' id='word_1_93' title='bbox 1873 1140 2103 1210; x_wconf 88' lang='lat' dir='ltr'>quibus-</span> 
     </span>
    </p>
   </div>
   <div class='ocr_carea' id='block_1_14' title="bbox 504 1227 2109 1302">
    <p class='ocr_par' dir='ltr' id='par_1_14' title="bbox 504 1227 2109 1302">
     <span class='ocr_line' id='line_1_14' title="bbox 504 1227 2109 1302; baseline -0.006 -15"><span class='ocrx_word' id='word_1_94' title='bbox 504 1229 724 1302; x_wconf 80' lang='lat' dir='ltr'>cunque</span> <span class='ocrx_word' id='word_1_95' title='bbox 755 1232 891 1286; x_wconf 91' lang='lat' dir='ltr'>locis</span> <span class='ocrx_word' id='word_1_96' title='bbox 918 1229 1248 1283; x_wconf 89' lang='lat' dir='ltr'>absconditi.</span> <span class='ocrx_word' id='word_1_97' title='bbox 1284 1229 1467 1282; x_wconf 84' lang='lat' dir='ltr'>Altius</span> <span class='ocrx_word' id='word_1_98' title='bbox 1510 1235 1700 1281; x_wconf 88' lang='lat' dir='ltr'>autem</span> <span class='ocrx_word' id='word_1_99' title='bbox 1728 1244 1902 1285; x_wconf 83' lang='lat' dir='ltr'>mare.</span> <span class='ocrx_word' id='word_1_100' title='bbox 1934 1227 1993 1279; x_wconf 91' lang='lat' dir='ltr'>id</span> <span class='ocrx_word' id='word_1_101' title='bbox 2023 1230 2109 1279; x_wconf 91' lang='lat' dir='ltr'>est</span> 
     </span>
    </p>
   </div>
   <div class='ocr_carea' id='block_1_15' title="bbox 503 1315 2111 1387">
    <p class='ocr_par' dir='ltr' id='par_1_15' title="bbox 503 1315 2111 1387">
     <span class='ocr_line' id='line_1_15' title="bbox 503 1315 2111 1387; baseline -0.004 -13"><span class='ocrx_word' id='word_1_102' title='bbox 503 1321 594 1374; x_wconf 92' lang='lat' dir='ltr'>hic</span> <span class='ocrx_word' id='word_1_103' title='bbox 616 1320 860 1374; x_wconf 88' lang='lat' dir='ltr'>mundus</span> <span class='ocrx_word' id='word_1_104' title='bbox 883 1320 942 1372; x_wconf 90' lang='lat' dir='ltr'>in</span> <span class='ocrx_word' id='word_1_105' title='bbox 971 1317 1333 1372; x_wconf 89' lang='lat' dir='ltr'>ﬂuctuatione</span> <span class='ocrx_word' id='word_1_106' title='bbox 1369 1315 1774 1387; x_wconf 90' lang='lat' dir='ltr'>positus,dabit</span> <span class='ocrx_word' id='word_1_107' title='bbox 1801 1331 1931 1369; x_wconf 91' lang='lat' dir='ltr'>suos</span> <span class='ocrx_word' id='word_1_108' title='bbox 1959 1331 2111 1367; x_wconf 87' lang='lat' dir='ltr'>mor-</span> 
     </span>
    </p>
   </div>
   <div class='ocr_carea' id='block_1_16' title="bbox 504 1404 2099 1478">
    <p class='ocr_par' dir='ltr' id='par_1_16' title="bbox 504 1404 2099 1478">
     <span class='ocr_line' id='line_1_16' title="bbox 504 1404 2099 1478; baseline -0.006 -14"><span class='ocrx_word' id='word_1_109' title='bbox 504 1418 651 1475; x_wconf 90' lang='lat' dir='ltr'>tuos,</span> <span class='ocrx_word' id='word_1_110' title='bbox 677 1408 1020 1478; x_wconf 86' lang='lat' dir='ltr'>generaliter</span> <span class='ocrx_word' id='word_1_111' title='bbox 1047 1406 1260 1458; x_wconf 87' lang='lat' dir='ltr'>scilicet</span> <span class='ocrx_word' id='word_1_112' title='bbox 1288 1406 1465 1459; x_wconf 90' lang='lat' dir='ltr'>bonos</span> <span class='ocrx_word' id='word_1_113' title='bbox 1486 1410 1543 1458; x_wconf 85' lang='lat' dir='ltr'>ct</span> <span class='ocrx_word' id='word_1_114' title='bbox 1567 1406 1744 1457; x_wconf 89' lang='lat' dir='ltr'>malos</span> <span class='ocrx_word' id='word_1_115' title='bbox 1768 1404 2099 1474; x_wconf 88' lang='lat' dir='ltr'>producens.</span> 
     </span>
    </p>
   </div>
   <div class='ocr_carea' id='block_1_17' title="bbox 505 1488 2099 1566">
    <p class='ocr_par' dir='ltr' id='par_1_17' title="bbox 505 1488 2099 1566">
     <span class='ocr_line' id='line_1_17' title="bbox 505 1488 2099 1566; baseline -0.005 -15"><span class='ocrx_word' id='word_1_116' title='bbox 505 1499 671 1551; x_wconf 86' lang='lat' dir='ltr'>Juxta</span> <span class='ocrx_word' id='word_1_117' title='bbox 686 1497 833 1566; x_wconf 90' lang='lat' dir='ltr'>quod</span> <span class='ocrx_word' id='word_1_118' title='bbox 858 1495 1155 1565; x_wconf 80' lang='lat' dir='ltr'>Apostolus</span> <span class='ocrx_word' id='word_1_119' title='bbox 1176 1494 1325 1547; x_wconf 89' lang='lat' dir='ltr'>dicit:</span> <span class='ocrx_word' id='word_1_120' title='bbox 1346 1494 1540 1548; x_wconf 86' lang='lat' dir='ltr'>Omnes</span> <span class='ocrx_word' id='word_1_121' title='bbox 1561 1497 1709 1547; x_wconf 89' lang='lat' dir='ltr'>enim</span> <span class='ocrx_word' id='word_1_122' title='bbox 1730 1488 2099 1560; x_wconf 81' lang='lat' dir='ltr'>resurgemus.</span> 
     </span>
    </p>
   </div>
   <div class='ocr_carea' id='block_1_18' title="bbox 505 1583 2107 1653">
    <p class='ocr_par' dir='ltr' id='par_1_18' title="bbox 505 1583 2107 1653">
     <span class='ocr_line' id='line_1_18' title="bbox 505 1583 2107 1653; baseline -0.002 -17"><span class='ocrx_word' id='word_1_123' title='bbox 505 1585 609 1639; x_wconf 85' lang='lat' dir='ltr'>Vel</span> <span class='ocrx_word' id='word_1_124' title='bbox 637 1590 891 1638; x_wconf 90' lang='lat' dir='ltr'>mortuos</span> <span class='ocrx_word' id='word_1_125' title='bbox 919 1600 1057 1653; x_wconf 91' lang='lat' dir='ltr'>quos</span> <span class='ocrx_word' id='word_1_126' title='bbox 1088 1600 1242 1636; x_wconf 89' lang='lat' dir='ltr'>mare</span> <span class='ocrx_word' id='word_1_127' title='bbox 1272 1583 1446 1646; x_wconf 88' lang='lat' dir='ltr'>dabit,</span> <span class='ocrx_word' id='word_1_128' title='bbox 1471 1600 1771 1652; x_wconf 90' lang='lat' dir='ltr'>possumus</span> <span class='ocrx_word' id='word_1_129' title='bbox 1791 1583 2107 1652; x_wconf 84' lang='lat' dir='ltr'>intelligere</span> 
     </span>
    </p>
   </div>
   <div class='ocr_carea' id='block_1_19' title="bbox 2176 440 3775 510">
    <p class='ocr_par' dir='ltr' id='par_1_19' title="bbox 2176 440 3775 510">
     <span class='ocr_line' id='line_1_19' title="bbox 2176 440 3775 510; baseline 0.003 -18"><span class='ocrx_word' id='word_1_130' title='bbox 2176 444 2347 505; x_wconf 88' lang='lat' dir='ltr'>terra,</span> <span class='ocrx_word' id='word_1_131' title='bbox 2373 440 2478 492; x_wconf 91' lang='lat' dir='ltr'>hoc</span> <span class='ocrx_word' id='word_1_132' title='bbox 2506 445 2591 493; x_wconf 92' lang='lat' dir='ltr'>est</span> <span class='ocrx_word' id='word_1_133' title='bbox 2620 457 2719 510; x_wconf 89' lang='lat' dir='ltr'>per</span> <span class='ocrx_word' id='word_1_134' title='bbox 2746 441 3163 496; x_wconf 89' lang='lat' dir='ltr'>innovationem</span> <span class='ocrx_word' id='word_1_135' title='bbox 3195 442 3496 496; x_wconf 84' lang='lat' dir='ltr'>immutata</span> <span class='ocrx_word' id='word_1_136' title='bbox 3532 449 3684 508; x_wconf 89' lang='lat' dir='ltr'>sunt,</span> <span class='ocrx_word' id='word_1_137' title='bbox 3718 450 3775 498; x_wconf 90' lang='lat' dir='ltr'>et</span> 
     </span>
    </p>
   </div>
   <div class='ocr_carea' id='block_1_20' title="bbox 2177 527 3776 602">
    <p class='ocr_par' dir='ltr' id='par_1_20' title="bbox 2177 527 3776 602">
     <span class='ocr_line' id='line_1_20' title="bbox 2177 527 3776 602; baseline 0.002 -22"><span class='ocrx_word' id='word_1_138' title='bbox 2177 545 2212 580; x_wconf 89' lang='lat' dir='ltr'>a</span> <span class='ocrx_word' id='word_1_139' title='bbox 2240 527 2479 598; x_wconf 89' lang='lat' dir='ltr'>pristina</span> <span class='ocrx_word' id='word_1_140' title='bbox 2508 528 2690 597; x_wconf 85' lang='lat' dir='ltr'>ﬁgura</span> <span class='ocrx_word' id='word_1_141' title='bbox 2717 535 3089 583; x_wconf 85' lang='lat' dir='ltr'>recesserunt.</span> <span class='ocrx_word' id='word_1_142' title='bbox 3116 531 3283 583; x_wconf 80' lang='lat' dir='ltr'>Juxta</span> <span class='ocrx_word' id='word_1_143' title='bbox 3308 530 3446 584; x_wconf 91' lang='lat' dir='ltr'>illud</span> <span class='ocrx_word' id='word_1_144' title='bbox 3477 532 3731 602; x_wconf 81' lang='lat' dir='ltr'>Apostoli</span> <span class='ocrx_word' id='word_1_145' title='bbox 3764 550 3776 583; x_wconf 91' lang='lat'>:</span> 
     </span>
    </p>
   </div>
   <div class='ocr_carea' id='block_1_21' title="bbox 2183 617 3781 685">
    <p class='ocr_par' dir='ltr' id='par_1_21' title="bbox 2183 617 3781 685">
     <span class='ocr_line' id='line_1_21' title="bbox 2183 617 3781 685; baseline 0.003 -17"><span class='ocrx_word' id='word_1_146' title='bbox 2183 618 2432 669; x_wconf 60' lang='lat' dir='ltr'>Praeterit</span> <span class='ocrx_word' id='word_1_147' title='bbox 2457 618 2645 683; x_wconf 78' lang='lat' dir='ltr'>ﬁgura</span> <span class='ocrx_word' id='word_1_148' title='bbox 2699 617 2870 685; x_wconf 80' lang='lat' dir='ltr'><em>hujus</em></span> <span class='ocrx_word' id='word_1_149' title='bbox 2901 619 3106 671; x_wconf 86' lang='lat' dir='ltr'>mundi</span> <span class='ocrx_word' id='word_1_150' title='bbox 3152 618 3209 685; x_wconf 89' lang='grc' dir='ltr'>(Ι</span> <span class='ocrx_word' id='word_1_151' title='bbox 3259 618 3382 671; x_wconf 78' lang='lat' dir='ltr'>Cor.</span> <span class='ocrx_word' id='word_1_152' title='bbox 3434 623 3542 685; x_wconf 80' lang='lat' dir='ltr'>In),</span> <span class='ocrx_word' id='word_1_153' title='bbox 3568 619 3781 673; x_wconf 85' lang='lat' dir='ltr'>Verum</span> 
     </span>
    </p>
   </div>
   <div class='ocr_carea' id='block_1_22' title="bbox 2148 704 3788 774">
    <p class='ocr_par' dir='ltr' id='par_1_22' title="bbox 2148 704 3788 774">
     <span class='ocr_line' id='line_1_22' title="bbox 2148 704 3788 774; baseline 0.002 -17"><span class='ocrx_word' id='word_1_154' title='bbox 2148 736 2159 739; x_wconf 97' lang='lat'><em>-</em></span> <span class='ocrx_word' id='word_1_155' title='bbox 2184 704 2330 774; x_wconf 90' lang='lat' dir='ltr'>quod</span> <span class='ocrx_word' id='word_1_156' title='bbox 2361 704 2638 774; x_wconf 86' lang='lat' dir='ltr'>sequitur,</span> <span class='ocrx_word' id='word_1_157' title='bbox 2670 710 2719 757; x_wconf 87' lang='lat' dir='ltr'>et</span> <span class='ocrx_word' id='word_1_158' title='bbox 2749 720 2903 756; x_wconf 85' lang='lat' dir='ltr'>mare</span> <span class='ocrx_word' id='word_1_159' title='bbox 2922 709 3047 772; x_wconf 83' lang='lat' dir='ltr'>jam</span> <span class='ocrx_word' id='word_1_160' title='bbox 3079 721 3188 758; x_wconf 88' lang='lat' dir='ltr'>non</span> <span class='ocrx_word' id='word_1_161' title='bbox 3217 710 3311 770; x_wconf 86' lang='lat' dir='ltr'>est,</span> <span class='ocrx_word' id='word_1_162' title='bbox 3335 712 3527 759; x_wconf 91' lang='lat' dir='ltr'>utrum</span> <span class='ocrx_word' id='word_1_163' title='bbox 3548 707 3621 759; x_wconf 88' lang='lat' dir='ltr'>ad</span> <span class='ocrx_word' id='word_1_164' title='bbox 3643 708 3788 761; x_wconf 86' lang='lat' dir='ltr'>litte-</span> 
     </span>
    </p>
   </div>
   <div class='ocr_carea' id='block_1_23' title="bbox 2183 791 3789 867">
    <p class='ocr_par' dir='ltr' id='par_1_23' title="bbox 2183 791 3789 867">
     <span class='ocr_line' id='line_1_23' title="bbox 2183 791 3789 867; baseline 0.002 -22"><span class='ocrx_word' id='word_1_165' title='bbox 2183 808 2325 858; x_wconf 86' lang='lat' dir='ltr'>ram,</span> <span class='ocrx_word' id='word_1_166' title='bbox 2357 791 2412 845; x_wconf 91' lang='lat' dir='ltr'>id</span> <span class='ocrx_word' id='word_1_167' title='bbox 2434 798 2537 857; x_wconf 88' lang='lat' dir='ltr'>est,</span> <span class='ocrx_word' id='word_1_168' title='bbox 2562 796 2625 845; x_wconf 93' lang='lat' dir='ltr'>ut</span> <span class='ocrx_word' id='word_1_169' title='bbox 2644 807 2801 844; x_wconf 89' lang='lat' dir='ltr'>mare</span> <span class='ocrx_word' id='word_1_170' title='bbox 2819 808 2947 844; x_wconf 88' lang='lat' dir='ltr'>cum</span> <span class='ocrx_word' id='word_1_171' title='bbox 2967 792 3290 846; x_wconf 88' lang='lat' dir='ltr'>ﬂuminibus</span> <span class='ocrx_word' id='word_1_172' title='bbox 3319 793 3789 867; x_wconf 83' lang='lat' dir='ltr'>exsiccetur.pos-</span> 
     </span>
    </p>
   </div>
   <div class='ocr_carea' id='block_1_24' title="bbox 2184 879 3789 951">
    <p class='ocr_par' dir='ltr' id='par_1_24' title="bbox 2184 879 3789 951">
     <span class='ocr_line' id='line_1_24' title="bbox 2184 879 3789 951; baseline 0.002 -19"><span class='ocrx_word' id='word_1_173' title='bbox 2184 879 2260 933; x_wconf 86' lang='lat' dir='ltr'>sit</span> <span class='ocrx_word' id='word_1_174' title='bbox 2287 880 2545 949; x_wconf 86' lang='lat' dir='ltr'>intelligi,</span> <span class='ocrx_word' id='word_1_175' title='bbox 2576 895 2649 932; x_wconf 89' lang='lat' dir='ltr'>an</span> <span class='ocrx_word' id='word_1_176' title='bbox 2676 879 2845 932; x_wconf 83' lang='lat' dir='ltr'>etiam</span> <span class='ocrx_word' id='word_1_177' title='bbox 2875 879 3227 933; x_wconf 87' lang='lat' dir='ltr'>solummodo</span> <span class='ocrx_word' id='word_1_178' title='bbox 3282 881 3659 951; x_wconf 88' lang='lat' dir='ltr'>spiritualiter</span> <span class='ocrx_word' id='word_1_179' title='bbox 3687 884 3789 937; x_wconf 89' lang='lat' dir='ltr'>hoc</span> 
     </span>
    </p>
   </div>
   <div class='ocr_carea' id='block_1_25' title="bbox 2185 967 3787 1040">
    <p class='ocr_par' dir='ltr' id='par_1_25' title="bbox 2185 967 3787 1040">
     <span class='ocr_line' id='line_1_25' title="bbox 2185 967 3787 1040; baseline 0.002 -19"><span class='ocrx_word' id='word_1_180' title='bbox 2185 968 2403 1022; x_wconf 86' lang='lat' dir='ltr'>dicatur</span> <span class='ocrx_word' id='word_1_181' title='bbox 2428 967 2662 1021; x_wconf 90' lang='lat' dir='ltr'>dubium</span> <span class='ocrx_word' id='word_1_182' title='bbox 2703 973 2808 1022; x_wconf 90' lang='lat' dir='ltr'>est.</span> <span class='ocrx_word' id='word_1_183' title='bbox 2839 968 3013 1021; x_wconf 88' lang='lat' dir='ltr'>Terra</span> <span class='ocrx_word' id='word_1_184' title='bbox 3043 968 3193 1021; x_wconf 88' lang='lat' dir='ltr'>enim</span> <span class='ocrx_word' id='word_1_185' title='bbox 3240 985 3512 1039; x_wconf 89' lang='lat' dir='ltr'>aquarum</span> <span class='ocrx_word' id='word_1_186' title='bbox 3546 972 3787 1040; x_wconf 83' lang='lat' dir='ltr'>conjun-</span> 
     </span>
    </p>
   </div>
   <div class='ocr_carea' id='block_1_26' title="bbox 2186 1054 3790 1129">
    <p class='ocr_par' dir='ltr' id='par_1_26' title="bbox 2186 1054 3790 1129">
     <span class='ocr_line' id='line_1_26' title="bbox 2186 1054 3790 1129; baseline 0.002 -21"><span class='ocrx_word' id='word_1_187' title='bbox 2186 1056 2368 1109; x_wconf 91' lang='lat' dir='ltr'>ctione</span> <span class='ocrx_word' id='word_1_188' title='bbox 2396 1054 2670 1118; x_wconf 76' lang='lat' dir='ltr'>subsistit,</span> <span class='ocrx_word' id='word_1_189' title='bbox 2702 1054 2970 1124; x_wconf 90' lang='lat' dir='ltr'>quoniam</span> <span class='ocrx_word' id='word_1_190' title='bbox 2999 1060 3059 1108; x_wconf 92' lang='lat' dir='ltr'>et</span> <span class='ocrx_word' id='word_1_191' title='bbox 3086 1055 3233 1108; x_wconf 87' lang='lat' dir='ltr'>infra</span> <span class='ocrx_word' id='word_1_192' title='bbox 3261 1062 3317 1109; x_wconf 91' lang='lat' dir='ltr'>et</span> <span class='ocrx_word' id='word_1_193' title='bbox 3354 1066 3512 1110; x_wconf 80' lang='lat' dir='ltr'>extra</span> <span class='ocrx_word' id='word_1_194' title='bbox 3532 1064 3588 1110; x_wconf 89' lang='lat' dir='ltr'>et</span> <span class='ocrx_word' id='word_1_195' title='bbox 3616 1075 3790 1129; x_wconf 83' lang='lat' dir='ltr'>supra</span> 
     </span>
    </p>
   </div>
   <div class='ocr_carea' id='block_1_27' title="bbox 2188 1143 3789 1216">
    <p class='ocr_par' dir='ltr' id='par_1_27' title="bbox 2188 1143 3789 1216">
     <span class='ocr_line' id='line_1_27' title="bbox 2188 1143 3789 1216; baseline 0.002 -20"><span class='ocrx_word' id='word_1_196' title='bbox 2188 1161 2248 1197; x_wconf 89' lang='lat' dir='ltr'>se</span> <span class='ocrx_word' id='word_1_197' title='bbox 2266 1159 2441 1213; x_wconf 87' lang='lat' dir='ltr'>aquas</span> <span class='ocrx_word' id='word_1_198' title='bbox 2452 1143 2720 1202; x_wconf 86' lang='lat' dir='ltr'>continet,</span> <span class='ocrx_word' id='word_1_199' title='bbox 2743 1158 2813 1195; x_wconf 89' lang='lat' dir='ltr'>ne</span> <span class='ocrx_word' id='word_1_200' title='bbox 2834 1143 3078 1196; x_wconf 85' lang='lat' dir='ltr'>naturali</span> <span class='ocrx_word' id='word_1_201' title='bbox 3098 1143 3359 1197; x_wconf 86' lang='lat' dir='ltr'>ariditate</span> <span class='ocrx_word' id='word_1_202' title='bbox 3378 1144 3629 1209; x_wconf 85' lang='lat' dir='ltr'>fatiscat,</span> <span class='ocrx_word' id='word_1_203' title='bbox 3650 1163 3789 1216; x_wconf 88' lang='lat' dir='ltr'>quo-</span> 
     </span>
    </p>
   </div>
   <div class='ocr_carea' id='block_1_28' title="bbox 2190 1230 3791 1303">
    <p class='ocr_par' dir='ltr' id='par_1_28' title="bbox 2190 1230 3791 1303">
     <span class='ocr_line' id='line_1_28' title="bbox 2190 1230 3791 1303; baseline 0.002 -18"><span class='ocrx_word' id='word_1_204' title='bbox 2190 1233 2341 1285; x_wconf 88' lang='lat' dir='ltr'>niam</span> <span class='ocrx_word' id='word_1_205' title='bbox 2365 1230 2656 1300; x_wconf 69' lang='lat' dir='ltr'>nisi—aquis</span> <span class='ocrx_word' id='word_1_206' title='bbox 2683 1234 3115 1300; x_wconf 80' lang='lat' dir='ltr'>temperaretur,</span> <span class='ocrx_word' id='word_1_207' title='bbox 3148 1232 3207 1284; x_wconf 90' lang='lat' dir='ltr'>in</span> <span class='ocrx_word' id='word_1_208' title='bbox 3234 1233 3479 1286; x_wconf 89' lang='lat' dir='ltr'>cinerem</span> <span class='ocrx_word' id='word_1_209' title='bbox 3508 1234 3791 1303; x_wconf 86' lang='lat' dir='ltr'>redigere-</span> 
     </span>
    </p>
   </div>
   <div class='ocr_carea' id='block_1_29' title="bbox 2193 1319 3792 1389">
    <p class='ocr_par' dir='ltr' id='par_1_29' title="bbox 2193 1319 3792 1389">
     <span class='ocr_line' id='line_1_29' title="bbox 2193 1319 3792 1389; baseline 0.002 -15"><span class='ocrx_word' id='word_1_210' title='bbox 2193 1328 2305 1374; x_wconf 90' lang='lat' dir='ltr'>tur.</span> <span class='ocrx_word' id='word_1_211' title='bbox 2348 1319 2592 1389; x_wconf 88' lang='lat' dir='ltr'>Ideoque</span> <span class='ocrx_word' id='word_1_212' title='bbox 2623 1323 2813 1372; x_wconf 91' lang='lat' dir='ltr'>utrum</span> <span class='ocrx_word' id='word_1_213' title='bbox 2848 1319 3092 1372; x_wconf 82' lang='lat' dir='ltr'>maxime</span> <span class='ocrx_word' id='word_1_214' title='bbox 3130 1320 3226 1373; x_wconf 91' lang='lat' dir='ltr'>illo</span> <span class='ocrx_word' id='word_1_215' title='bbox 3249 1321 3449 1375; x_wconf 88' lang='lat' dir='ltr'>ardore</span> <span class='ocrx_word' id='word_1_216' title='bbox 3478 1339 3641 1376; x_wconf 89' lang='lat' dir='ltr'>mare</span> <span class='ocrx_word' id='word_1_217' title='bbox 3664 1339 3792 1377; x_wconf 88' lang='lat' dir='ltr'>cum</span> 
     </span>
    </p>
   </div>
   <div class='ocr_carea' id='block_1_30' title="bbox 2190 1406 3787 1476">
    <p class='ocr_par' dir='ltr' id='par_1_30' title="bbox 2190 1406 3787 1476">
     <span class='ocr_line' id='line_1_30' title="bbox 2190 1406 3787 1476; baseline 0.001 -13"><span class='ocrx_word' id='word_1_218' title='bbox 2190 1407 2515 1463; x_wconf 88' lang='lat' dir='ltr'>ﬂuminibus</span> <span class='ocrx_word' id='word_1_219' title='bbox 2533 1406 2793 1470; x_wconf 86' lang='lat' dir='ltr'>siccetur,</span> <span class='ocrx_word' id='word_1_220' title='bbox 2825 1422 2897 1459; x_wconf 88' lang='lat' dir='ltr'>an</span> <span class='ocrx_word' id='word_1_221' title='bbox 2924 1412 2981 1460; x_wconf 91' lang='lat' dir='ltr'>et</span> <span class='ocrx_word' id='word_1_222' title='bbox 3005 1408 3187 1476; x_wconf 88' lang='lat' dir='ltr'>ipsum</span> <span class='ocrx_word' id='word_1_223' title='bbox 3207 1415 3455 1462; x_wconf 87' lang='lat' dir='ltr'>vertatur</span> <span class='ocrx_word' id='word_1_224' title='bbox 3474 1410 3533 1463; x_wconf 91' lang='lat' dir='ltr'>in</span> <span class='ocrx_word' id='word_1_225' title='bbox 3558 1411 3787 1476; x_wconf 86' lang='lat' dir='ltr'>melius,</span> 
     </span>
    </p>
   </div>
   <div class='ocr_carea' id='block_1_31' title="bbox 2188 1493 3787 1568">
    <p class='ocr_par' dir='ltr' id='par_1_31' title="bbox 2188 1493 3787 1568">
     <span class='ocr_line' id='line_1_31' title="bbox 2188 1493 3787 1568; baseline 0.001 -17"><span class='ocrx_word' id='word_1_226' title='bbox 2188 1513 2302 1551; x_wconf 89' lang='lat' dir='ltr'>non</span> <span class='ocrx_word' id='word_1_227' title='bbox 2339 1495 2500 1548; x_wconf 85' lang='lat' dir='ltr'>facile</span> <span class='ocrx_word' id='word_1_228' title='bbox 2533 1493 2855 1547; x_wconf 84' lang='lat' dir='ltr'>dixerimus.</span> <span class='ocrx_word' id='word_1_229' title='bbox 2889 1495 3048 1557; x_wconf 85' lang='lat' dir='ltr'>Quod</span> <span class='ocrx_word' id='word_1_230' title='bbox 3080 1501 3139 1548; x_wconf 90' lang='lat' dir='ltr'>et</span> <span class='ocrx_word' id='word_1_231' title='bbox 3166 1497 3215 1549; x_wconf 75' lang='lat' dir='ltr'>si</span> <span class='ocrx_word' id='word_1_232' title='bbox 3241 1497 3452 1551; x_wconf 82' lang='lat' dir='ltr'>factum</span> <span class='ocrx_word' id='word_1_233' title='bbox 3482 1498 3658 1551; x_wconf 79' lang='lat' dir='ltr'>fuerit</span> <span class='ocrx_word' id='word_1_234' title='bbox 3688 1515 3787 1568; x_wconf 90' lang='lat' dir='ltr'>per</span> 
     </span>
    </p>
   </div>
   <div class='ocr_carea' id='block_1_32' title="bbox 2189 1582 3795 1653">
    <p class='ocr_par' dir='ltr' id='par_1_32' title="bbox 2189 1582 3795 1653">
     <span class='ocr_line' id='line_1_32' title="bbox 2189 1582 3795 1653; baseline 0.002 -15"><span class='ocrx_word' id='word_1_235' title='bbox 2189 1584 2291 1639; x_wconf 91' lang='lat' dir='ltr'>Dei</span> <span class='ocrx_word' id='word_1_236' title='bbox 2324 1582 2654 1653; x_wconf 87' lang='lat' dir='ltr'>potentiam,</span> <span class='ocrx_word' id='word_1_237' title='bbox 2675 1582 2805 1636; x_wconf 88' lang='lat' dir='ltr'>licet</span> <span class='ocrx_word' id='word_1_238' title='bbox 2832 1583 2992 1635; x_wconf 89' lang='lat' dir='ltr'>arida</span> <span class='ocrx_word' id='word_1_239' title='bbox 3012 1582 3085 1636; x_wconf 90' lang='lat' dir='ltr'>sit</span> <span class='ocrx_word' id='word_1_240' title='bbox 3117 1589 3287 1650; x_wconf 87' lang='lat' dir='ltr'>terra,</span> <span class='ocrx_word' id='word_1_241' title='bbox 3318 1586 3453 1638; x_wconf 86' lang='lat' dir='ltr'>satis</span> <span class='ocrx_word' id='word_1_242' title='bbox 3482 1586 3795 1641; x_wconf 84' lang='lat' dir='ltr'>subsistere</span> 
     </span>
    </p>
   </div>
   <div class='ocr_carea' id='block_1_33' title="bbox 507 1651 3792 1745">
    <p class='ocr_par' dir='ltr' id='par_1_33' title="bbox 507 1651 3792 1745">
     <span class='ocr_line' id='line_1_33' title="bbox 507 1651 3792 1745; baseline 0.001 -19"><span class='ocrx_word' id='word_1_243' title='bbox 507 1690 620 1739; x_wconf 89' lang='lat' dir='ltr'>eos,</span> <span class='ocrx_word' id='word_1_244' title='bbox 655 1674 752 1743; x_wconf 91' lang='lat' dir='ltr'>qui</span> <span class='ocrx_word' id='word_1_245' title='bbox 782 1673 887 1725; x_wconf 83' lang='lat' dir='ltr'>vivi</span> <span class='ocrx_word' id='word_1_246' title='bbox 911 1673 968 1725; x_wconf 90' lang='lat' dir='ltr'>in</span> <span class='ocrx_word' id='word_1_247' title='bbox 1000 1672 1243 1725; x_wconf 89' lang='lat' dir='ltr'>adventu</span> <span class='ocrx_word' id='word_1_248' title='bbox 1266 1671 1492 1725; x_wconf 89' lang='lat' dir='ltr'>Domini</span> <span class='ocrx_word' id='word_1_249' title='bbox 1512 1679 1646 1725; x_wconf 91' lang='lat' dir='ltr'>sunt</span> <span class='ocrx_word' id='word_1_250' title='bbox 1666 1670 2107 1742; x_wconf 89' lang='lat' dir='ltr'>reperiendi,qui</span> <span class='ocrx_word' id='word_1_251' title='bbox 2129 1651 2417 1743; x_wconf 86' lang='lat' dir='ltr'>Bpoterit.</span> <span class='ocrx_word' id='word_1_252' title='bbox 2460 1671 2713 1734; x_wconf 83' lang='lat' dir='ltr'>Quatuor</span> <span class='ocrx_word' id='word_1_253' title='bbox 2737 1670 3015 1740; x_wconf 85' lang='lat' dir='ltr'>siquidem</span> <span class='ocrx_word' id='word_1_254' title='bbox 3053 1678 3187 1725; x_wconf 91' lang='lat' dir='ltr'>sunt</span> <span class='ocrx_word' id='word_1_255' title='bbox 3229 1673 3529 1740; x_wconf 86' lang='lat' dir='ltr'>elementa,</span> <span class='ocrx_word' id='word_1_256' title='bbox 3564 1691 3635 1728; x_wconf 79' lang='lat' dir='ltr'>ex</span> <span class='ocrx_word' id='word_1_257' title='bbox 3669 1676 3792 1745; x_wconf 88' lang='lat' dir='ltr'>qui-</span> 
     </span>
    </p>
   </div>
   <div class='ocr_carea' id='block_1_34' title="bbox 505 1760 2113 1831">
    <p class='ocr_par' dir='ltr' id='par_1_34' title="bbox 505 1760 2113 1831">
     <span class='ocr_line' id='line_1_34' title="bbox 505 1760 2113 1831; baseline -0.001 -17"><span class='ocrx_word' id='word_1_258' title='bbox 505 1761 702 1831; x_wconf 90' lang='lat' dir='ltr'>utique</span> <span class='ocrx_word' id='word_1_259' title='bbox 721 1760 906 1814; x_wconf 91' lang='lat' dir='ltr'>subito</span> <span class='ocrx_word' id='word_1_260' title='bbox 922 1761 1131 1814; x_wconf 88' lang='lat' dir='ltr'>mortui</span> <span class='ocrx_word' id='word_1_261' title='bbox 1150 1760 1273 1813; x_wconf 85' lang='lat' dir='ltr'>vitae</span> <span class='ocrx_word' id='word_1_262' title='bbox 1293 1760 1688 1813; x_wconf 83' lang='lat' dir='ltr'>reddentur.Et</span> <span class='ocrx_word' id='word_1_263' title='bbox 1710 1776 1858 1813; x_wconf 86' lang='lat' dir='ltr'>mors</span> <span class='ocrx_word' id='word_1_264' title='bbox 1874 1767 1922 1813; x_wconf 88' lang='lat' dir='ltr'>et</span> <span class='ocrx_word' id='word_1_265' title='bbox 1940 1764 1961 1813; x_wconf 70' lang='grc' dir='ltr'><strong><em>ἰ</em></strong></span> <span class='ocrx_word' id='word_1_266' title='bbox 1966 1777 1997 1813; x_wconf 83' lang='grc' dir='ltr'><em>η</em></span> <span class='ocrx_word' id='word_1_267' title='bbox 2004 1762 2113 1826; x_wconf 80' lang='lat' dir='ltr'>fer-</span> 
     </span>
    </p>
   </div>
   <div class='ocr_carea' id='block_1_35' title="bbox 508 1847 2114 1917">
    <p class='ocr_par' dir='ltr' id='par_1_35' title="bbox 508 1847 2114 1917">
     <span class='ocr_line' id='line_1_35' title="bbox 508 1847 2114 1917; baseline -0.001 -14"><span class='ocrx_word' id='word_1_268' title='bbox 508 1865 614 1903; x_wconf 81' lang='lat' dir='ltr'>nus</span> <span class='ocrx_word' id='word_1_269' title='bbox 634 1849 907 1902; x_wconf 80' lang='lat' dir='ltr'>dederunt</span> <span class='ocrx_word' id='word_1_270' title='bbox 929 1854 1174 1901; x_wconf 87' lang='lat' dir='ltr'>mortuos</span> <span class='ocrx_word' id='word_1_271' title='bbox 1197 1851 1297 1915; x_wconf 92' lang='lat' dir='ltr'>qui</span> <span class='ocrx_word' id='word_1_272' title='bbox 1314 1851 1374 1901; x_wconf 85' lang='lat' dir='ltr'>in</span> <span class='ocrx_word' id='word_1_273' title='bbox 1394 1851 1529 1917; x_wconf 81' lang='lat' dir='ltr'>ipsis</span> <span class='ocrx_word' id='word_1_274' title='bbox 1544 1853 1707 1902; x_wconf 86' lang='lat' dir='ltr'>erant</span> <span class='ocrx_word' id='word_1_275' title='bbox 1720 1893 1731 1903; x_wconf 91' lang='lat'>.</span> <span class='ocrx_word' id='word_1_276' title='bbox 1745 1847 1901 1901; x_wconf 90' lang='lat' dir='ltr'>Mors</span> <span class='ocrx_word' id='word_1_277' title='bbox 1917 1848 2114 1901; x_wconf 88' lang='lat' dir='ltr'>diabo-</span> 
     </span>
    </p>
   </div>
   <div class='ocr_carea' id='block_1_36' title="bbox 506 1936 2114 2007">
    <p class='ocr_par' dir='ltr' id='par_1_36' title="bbox 506 1936 2114 2007">
     <span class='ocr_line' id='line_1_36' title="bbox 506 1936 2114 2007; baseline -0.001 -19"><span class='ocrx_word' id='word_1_278' title='bbox 506 1936 627 1991; x_wconf 90' lang='lat' dir='ltr'>lum</span> <span class='ocrx_word' id='word_1_279' title='bbox 643 1937 1347 2007; x_wconf 89' lang='lat' dir='ltr'>signiﬁcat,dequoPaulus</span> <span class='ocrx_word' id='word_1_280' title='bbox 1358 1936 1737 1990; x_wconf 78' lang='lat' dir='ltr'>dicitzlnvidia</span> <span class='ocrx_word' id='word_1_281' title='bbox 1749 1937 1958 1989; x_wconf 82' lang='lat' dir='ltr'>diaboli</span> <span class='ocrx_word' id='word_1_282' title='bbox 1968 1952 2114 1989; x_wconf 83' lang='lat' dir='ltr'>mors</span> 
     </span>
    </p>
   </div>
   <div class='ocr_carea' id='block_1_37' title="bbox 509 2025 2113 2094">
    <p class='ocr_par' dir='ltr' id='par_1_37' title="bbox 509 2025 2113 2094">
     <span class='ocr_line' id='line_1_37' title="bbox 509 2025 2113 2094; baseline 0 -15"><span class='ocrx_word' id='word_1_283' title='bbox 509 2028 764 2079; x_wconf 79' lang='lat' dir='ltr'>introivit</span> <span class='ocrx_word' id='word_1_284' title='bbox 786 2029 849 2078; x_wconf 80' lang='lat' dir='ltr'>in</span> <span class='ocrx_word' id='word_1_285' title='bbox 871 2028 1056 2079; x_wconf 78' lang='lat' dir='ltr'>orbem</span> <span class='ocrx_word' id='word_1_286' title='bbox 1078 2025 1618 2094; x_wconf 81' lang='lat' dir='ltr'>terrarum(Sap.n).</span> <span class='ocrx_word' id='word_1_287' title='bbox 1640 2025 1899 2079; x_wconf 88' lang='lat' dir='ltr'>Infernus</span> <span class='ocrx_word' id='word_1_288' title='bbox 1920 2026 2113 2079; x_wconf 89' lang='lat' dir='ltr'>omnia</span> 
     </span>
    </p>
   </div>
   <div class='ocr_carea' id='block_1_38' title="bbox 508 2114 2112 2184">
    <p class='ocr_par' dir='ltr' id='par_1_38' title="bbox 508 2114 2112 2184">
     <span class='ocr_line' id='line_1_38' title="bbox 508 2114 2112 2184; baseline 0 -16"><span class='ocrx_word' id='word_1_289' title='bbox 508 2114 764 2168; x_wconf 89' lang='lat' dir='ltr'>membra</span> <span class='ocrx_word' id='word_1_290' title='bbox 776 2115 983 2168; x_wconf 84' lang='lat' dir='ltr'>diaboli</span> <span class='ocrx_word' id='word_1_291' title='bbox 993 2114 1111 2167; x_wconf 86' lang='lat' dir='ltr'>.Vel</span> <span class='ocrx_word' id='word_1_292' title='bbox 1126 2130 1227 2184; x_wconf 90' lang='lat' dir='ltr'>per</span> <span class='ocrx_word' id='word_1_293' title='bbox 1238 2120 1477 2167; x_wconf 89' lang='lat' dir='ltr'>mortem</span> <span class='ocrx_word' id='word_1_294' title='bbox 1493 2131 1790 2184; x_wconf 85' lang='lat' dir='ltr'>possumus</span> <span class='ocrx_word' id='word_1_295' title='bbox 1800 2114 2112 2184; x_wconf 81' lang='lat' dir='ltr'>intelligere</span> 
     </span>
    </p>
   </div>
   <div class='ocr_carea' id='block_1_39' title="bbox 510 2202 2100 2273">
    <p class='ocr_par' dir='ltr' id='par_1_39' title="bbox 510 2202 2100 2273">
     <span class='ocr_line' id='line_1_39' title="bbox 510 2202 2100 2273; baseline 0.001 -17"><span class='ocrx_word' id='word_1_296' title='bbox 510 2203 838 2273; x_wconf 88' lang='lat' dir='ltr'>simpliciter</span> <span class='ocrx_word' id='word_1_297' title='bbox 868 2209 1106 2256; x_wconf 90' lang='lat' dir='ltr'>mortem</span> <span class='ocrx_word' id='word_1_298' title='bbox 1137 2202 1340 2256; x_wconf 89' lang='lat' dir='ltr'>carnis.</span> <span class='ocrx_word' id='word_1_299' title='bbox 1376 2203 1587 2257; x_wconf 82' lang='lat' dir='ltr'>Inferni</span> <span class='ocrx_word' id='word_1_300' title='bbox 1619 2208 1809 2258; x_wconf 89' lang='lat' dir='ltr'>autem</span> <span class='ocrx_word' id='word_1_301' title='bbox 1858 2204 2100 2268; x_wconf 85' lang='lat' dir='ltr'>nomine,</span> 
     </span>
    </p>
   </div>
   <div class='ocr_carea' id='block_1_40' title="bbox 509 2290 2108 2363">
    <p class='ocr_par' dir='ltr' id='par_1_40' title="bbox 509 2290 2108 2363">
     <span class='ocr_line' id='line_1_40' title="bbox 509 2290 2108 2363; baseline 0.002 -20"><span class='ocrx_word' id='word_1_302' title='bbox 509 2290 632 2343; x_wconf 89' lang='lat' dir='ltr'>loca</span> <span class='ocrx_word' id='word_1_303' title='bbox 654 2290 1044 2360; x_wconf 86' lang='lat' dir='ltr'>signiﬁcantur</span> <span class='ocrx_word' id='word_1_304' title='bbox 1062 2290 1423 2344; x_wconf 88' lang='lat' dir='ltr'>tenebrarum</span> <span class='ocrx_word' id='word_1_305' title='bbox 1439 2336 1450 2347; x_wconf 91' lang='lat'>.</span> <span class='ocrx_word' id='word_1_306' title='bbox 1464 2292 1533 2345; x_wconf 91' lang='lat' dir='ltr'>Et</span> <span class='ocrx_word' id='word_1_307' title='bbox 1551 2308 1701 2345; x_wconf 91' lang='lat' dir='ltr'>mors</span> <span class='ocrx_word' id='word_1_308' title='bbox 1728 2293 1916 2363; x_wconf 87' lang='lat' dir='ltr'>itaque</span> <span class='ocrx_word' id='word_1_309' title='bbox 1946 2302 2003 2346; x_wconf 90' lang='lat' dir='ltr'>et</span> <span class='ocrx_word' id='word_1_310' title='bbox 2026 2293 2108 2346; x_wconf 90' lang='lat' dir='ltr'>in-</span> 
     </span>
    </p>
   </div>
   <div class='ocr_carea' id='block_1_41' title="bbox 510 2377 2110 2447">
    <p class='ocr_par' dir='ltr' id='par_1_41' title="bbox 510 2377 2110 2447">
     <span class='ocr_line' id='line_1_41' title="bbox 510 2377 2110 2447; baseline 0.002 -16"><span class='ocrx_word' id='word_1_311' title='bbox 510 2377 704 2432; x_wconf 84' lang='lat' dir='ltr'>fernus</span> <span class='ocrx_word' id='word_1_312' title='bbox 733 2395 862 2432; x_wconf 91' lang='lat' dir='ltr'>suos</span> <span class='ocrx_word' id='word_1_313' title='bbox 888 2387 1141 2432; x_wconf 88' lang='lat' dir='ltr'>mortuos</span> <span class='ocrx_word' id='word_1_314' title='bbox 1161 2378 1399 2447; x_wconf 86' lang='lat' dir='ltr'>dabunt,</span> <span class='ocrx_word' id='word_1_315' title='bbox 1411 2380 1517 2433; x_wconf 90' lang='lat' dir='ltr'>hoc</span> <span class='ocrx_word' id='word_1_316' title='bbox 1536 2385 1619 2433; x_wconf 86' lang='lat' dir='ltr'>est</span> <span class='ocrx_word' id='word_1_317' title='bbox 1641 2380 1894 2434; x_wconf 88' lang='lat' dir='ltr'>diabolus</span> <span class='ocrx_word' id='word_1_318' title='bbox 1906 2386 1964 2434; x_wconf 87' lang='lat' dir='ltr'>et</span> <span class='ocrx_word' id='word_1_319' title='bbox 1987 2398 2110 2434; x_wconf 88' lang='lat' dir='ltr'>om-</span> 
     </span>
    </p>
   </div>
   <div class='ocr_carea' id='block_1_42' title="bbox 511 2467 2105 2537">
    <p class='ocr_par' dir='ltr' id='par_1_42' title="bbox 511 2467 2105 2537">
     <span class='ocr_line' id='line_1_42' title="bbox 511 2467 2105 2537; baseline 0 -15"><span class='ocrx_word' id='word_1_320' title='bbox 511 2468 608 2522; x_wconf 87' lang='lat' dir='ltr'>nia</span> <span class='ocrx_word' id='word_1_321' title='bbox 636 2467 890 2521; x_wconf 89' lang='lat' dir='ltr'>membra</span> <span class='ocrx_word' id='word_1_322' title='bbox 919 2468 1059 2537; x_wconf 89' lang='lat' dir='ltr'>ejus.</span> <span class='ocrx_word' id='word_1_323' title='bbox 1120 2468 1220 2521; x_wconf 86' lang='lat' dir='ltr'>Vel</span> <span class='ocrx_word' id='word_1_324' title='bbox 1269 2468 1440 2522; x_wconf 87' lang='lat' dir='ltr'>etiam</span> <span class='ocrx_word' id='word_1_325' title='bbox 1470 2470 1659 2522; x_wconf 88' lang='lat' dir='ltr'>omnia</span> <span class='ocrx_word' id='word_1_326' title='bbox 1711 2469 1832 2523; x_wconf 92' lang='lat' dir='ltr'>loca</span> <span class='ocrx_word' id='word_1_327' title='bbox 1881 2469 2105 2535; x_wconf 88' lang='lat' dir='ltr'>inferni,</span> 
     </span>
    </p>
   </div>
   <div class='ocr_carea' id='block_1_43' title="bbox 512 2558 2104 2628">
    <p class='ocr_par' dir='ltr' id='par_1_43' title="bbox 512 2558 2104 2628">
     <span class='ocr_line' id='line_1_43' title="bbox 512 2558 2104 2628; baseline 0.001 -18"><span class='ocrx_word' id='word_1_328' title='bbox 512 2572 874 2628; x_wconf 89' lang='lat' dir='ltr'>quoscunque</span> <span class='ocrx_word' id='word_1_329' title='bbox 899 2573 1001 2627; x_wconf 89' lang='lat' dir='ltr'>per</span> <span class='ocrx_word' id='word_1_330' title='bbox 1038 2560 1279 2609; x_wconf 89' lang='lat' dir='ltr'>mortem</span> <span class='ocrx_word' id='word_1_331' title='bbox 1308 2558 1558 2628; x_wconf 88' lang='lat' dir='ltr'>corporis</span> <span class='ocrx_word' id='word_1_332' title='bbox 1597 2558 1860 2611; x_wconf 88' lang='lat' dir='ltr'>astrictos</span> <span class='ocrx_word' id='word_1_333' title='bbox 1889 2562 2104 2623; x_wconf 89' lang='lat' dir='ltr'>tenent,</span> 
     </span>
    </p>
   </div>
   <div class='ocr_carea' id='block_1_44' title="bbox 512 2644 2109 2715">
    <p class='ocr_par' dir='ltr' id='par_1_44' title="bbox 512 2644 2109 2715">
     <span class='ocr_line' id='line_1_44' title="bbox 512 2644 2109 2715; baseline -0.001 -16"><span class='ocrx_word' id='word_1_334' title='bbox 512 2652 647 2699; x_wconf 87' lang='lat' dir='ltr'>tunc</span> <span class='ocrx_word' id='word_1_335' title='bbox 669 2644 797 2697; x_wconf 27' lang='lat' dir='ltr'>vitae.</span> <span class='ocrx_word' id='word_1_336' title='bbox 823 2645 1455 2715; x_wconf 87' lang='lat' dir='ltr'>restituent.Postquam</span> <span class='ocrx_word' id='word_1_337' title='bbox 1486 2651 1678 2700; x_wconf 89' lang='lat' dir='ltr'>autem</span> <span class='ocrx_word' id='word_1_338' title='bbox 1708 2662 1901 2700; x_wconf 89' lang='lat' dir='ltr'>omnes</span> <span class='ocrx_word' id='word_1_339' title='bbox 1928 2662 2109 2700; x_wconf 87' lang='lat' dir='ltr'>resur-</span> 
     </span>
    </p>
   </div>
   <div class='ocr_carea' id='block_1_45' title="bbox 510 2732 2111 2804">
    <p class='ocr_par' dir='ltr' id='par_1_45' title="bbox 510 2732 2111 2804">
     <span class='ocr_line' id='line_1_45' title="bbox 510 2732 2111 2804; baseline 0.001 -18"><span class='ocrx_word' id='word_1_340' title='bbox 510 2732 780 2786; x_wconf 85' lang='lat' dir='ltr'>rexerint.</span> <span class='ocrx_word' id='word_1_341' title='bbox 814 2733 1138 2785; x_wconf 81' lang='lat' dir='ltr'>Judicatum</span> <span class='ocrx_word' id='word_1_342' title='bbox 1167 2738 1242 2785; x_wconf 82' lang='lat' dir='ltr'>est</span> <span class='ocrx_word' id='word_1_343' title='bbox 1269 2734 1332 2786; x_wconf 78' lang='lat' dir='ltr'>de</span> <span class='ocrx_word' id='word_1_344' title='bbox 1361 2736 1620 2800; x_wconf 83' lang='lat' dir='ltr'>singulis,</span> <span class='ocrx_word' id='word_1_345' title='bbox 1636 2750 1737 2804; x_wconf 90' lang='lat' dir='ltr'>pro</span> <span class='ocrx_word' id='word_1_346' title='bbox 1758 2751 1823 2787; x_wconf 91' lang='lat' dir='ltr'>eo</span> <span class='ocrx_word' id='word_1_347' title='bbox 1848 2734 1997 2804; x_wconf 88' lang='lat' dir='ltr'>quod</span> <span class='ocrx_word' id='word_1_348' title='bbox 2027 2740 2111 2787; x_wconf 89' lang='lat' dir='ltr'>est</span> 
     </span>
    </p>
   </div>
   <div class='ocr_carea' id='block_1_46' title="bbox 507 2819 2109 2890">
    <p class='ocr_par' dir='ltr' id='par_1_46' title="bbox 507 2819 2109 2890">
     <span class='ocr_line' id='line_1_46' title="bbox 507 2819 2109 2890; baseline 0.001 -17"><span class='ocrx_word' id='word_1_349' title='bbox 507 2819 870 2890; x_wconf 84' lang='lat' dir='ltr'>judicabitur,</span> <span class='ocrx_word' id='word_1_350' title='bbox 902 2821 1203 2873; x_wconf 81' lang='lat' dir='ltr'>secundum</span> <span class='ocrx_word' id='word_1_351' title='bbox 1233 2836 1397 2888; x_wconf 86' lang='lat' dir='ltr'>opera</span> <span class='ocrx_word' id='word_1_352' title='bbox 1429 2825 1695 2888; x_wconf 84' lang='lat' dir='ltr'>ipsorum.</span> <span class='ocrx_word' id='word_1_353' title='bbox 1730 2822 1848 2875; x_wconf 90' lang='lat' dir='ltr'>Hoc</span> <span class='ocrx_word' id='word_1_354' title='bbox 1878 2828 1980 2887; x_wconf 90' lang='lat' dir='ltr'>est,</span> <span class='ocrx_word' id='word_1_355' title='bbox 2009 2821 2109 2874; x_wconf 91' lang='lat' dir='ltr'>da-</span> 
     </span>
    </p>
   </div>
   <div class='ocr_carea' id='block_1_47' title="bbox 511 2907 1717 2985">
    <p class='ocr_par' dir='ltr' id='par_1_47' title="bbox 511 2907 1717 2985">
     <span class='ocr_line' id='line_1_47' title="bbox 511 2907 1717 2985; baseline 0.002 -24"><span class='ocrx_word' id='word_1_356' title='bbox 511 2907 996 2985; x_wconf 70' lang='lat' dir='ltr'>biturunicuique</span> <span class='ocrx_word' id='word_1_357' title='bbox 1024 2908 1334 2961; x_wconf 87' lang='lat' dir='ltr'>secundum</span> <span class='ocrx_word' id='word_1_358' title='bbox 1364 2925 1503 2979; x_wconf 93' lang='lat' dir='ltr'>opus</span> <span class='ocrx_word' id='word_1_359' title='bbox 1532 2925 1717 2964; x_wconf 85' lang='lat' dir='ltr'>suum.</span> 
     </span>
    </p>
   </div>
   <div class='ocr_carea' id='block_1_48' title="bbox 2197 1759 3792 1825">
    <p class='ocr_par' dir='ltr' id='par_1_48' title="bbox 2197 1759 3792 1825">
     <span class='ocr_line' id='line_1_48' title="bbox 2197 1759 3792 1825; baseline 0.001 -10"><span class='ocrx_word' id='word_1_360' title='bbox 2197 1761 2301 1815; x_wconf 89' lang='lat' dir='ltr'>bus</span> <span class='ocrx_word' id='word_1_361' title='bbox 2329 1761 2441 1814; x_wconf 90' lang='lat' dir='ltr'>duo</span> <span class='ocrx_word' id='word_1_362' title='bbox 2484 1765 2623 1812; x_wconf 85' lang='lat' dir='ltr'>sunt</span> <span class='ocrx_word' id='word_1_363' title='bbox 2650 1759 3002 1812; x_wconf 87' lang='lat' dir='ltr'>immutanda</span> <span class='ocrx_word' id='word_1_364' title='bbox 3025 1760 3082 1813; x_wconf 91' lang='lat' dir='ltr'>in</span> <span class='ocrx_word' id='word_1_365' title='bbox 3114 1760 3335 1825; x_wconf 89' lang='lat' dir='ltr'>melius,</span> <span class='ocrx_word' id='word_1_366' title='bbox 3361 1762 3507 1816; x_wconf 89' lang='lat' dir='ltr'>sicut</span> <span class='ocrx_word' id='word_1_367' title='bbox 3535 1763 3630 1816; x_wconf 87' lang='lat' dir='ltr'>hic</span> <span class='ocrx_word' id='word_1_368' title='bbox 3662 1763 3792 1816; x_wconf 80' lang='lat' dir='ltr'>dici-</span> 
     </span>
    </p>
   </div>
   <div class='ocr_carea' id='block_1_49' title="bbox 2193 1847 3792 1917">
    <p class='ocr_par' dir='ltr' id='par_1_49' title="bbox 2193 1847 3792 1917">
     <span class='ocr_line' id='line_1_49' title="bbox 2193 1847 3792 1917; baseline 0 -13"><span class='ocrx_word' id='word_1_369' title='bbox 2193 1857 2307 1915; x_wconf 90' lang='lat' dir='ltr'>tur,</span> <span class='ocrx_word' id='word_1_370' title='bbox 2342 1853 2400 1902; x_wconf 90' lang='lat' dir='ltr'>et</span> <span class='ocrx_word' id='word_1_371' title='bbox 2419 1847 2690 1901; x_wconf 90' lang='lat' dir='ltr'>Dominus</span> <span class='ocrx_word' id='word_1_372' title='bbox 2723 1847 2779 1900; x_wconf 92' lang='lat' dir='ltr'>in</span> <span class='ocrx_word' id='word_1_373' title='bbox 2811 1848 3111 1917; x_wconf 87' lang='lat' dir='ltr'>Evangelio</span> <span class='ocrx_word' id='word_1_374' title='bbox 3134 1850 3474 1914; x_wconf 86' lang='lat' dir='ltr'>manifestat,</span> <span class='ocrx_word' id='word_1_375' title='bbox 3508 1852 3717 1905; x_wconf 65' lang='lat' dir='ltr'>caelum</span> <span class='ocrx_word' id='word_1_376' title='bbox 3737 1856 3792 1906; x_wconf 87' lang='lat' dir='ltr'>et</span> 
     </span>
    </p>
   </div>
   <div class='ocr_carea' id='block_1_50' title="bbox 2195 1935 3790 1998">
    <p class='ocr_par' dir='ltr' id='par_1_50' title="bbox 2195 1935 3790 1998">
     <span class='ocr_line' id='line_1_50' title="bbox 2195 1935 3790 1998; baseline 0.002 -7"><span class='ocrx_word' id='word_1_377' title='bbox 2195 1945 2350 1991; x_wconf 90' lang='lat' dir='ltr'>terra</span> <span class='ocrx_word' id='word_1_378' title='bbox 2375 1935 2716 1998; x_wconf 89' lang='lat' dir='ltr'>transibunt,</span> <span class='ocrx_word' id='word_1_379' title='bbox 2740 1935 2799 1988; x_wconf 95' lang='lat' dir='ltr'>id</span> <span class='ocrx_word' id='word_1_380' title='bbox 2842 1942 2928 1988; x_wconf 90' lang='lat' dir='ltr'>est</span> <span class='ocrx_word' id='word_1_381' title='bbox 2952 1936 3420 1992; x_wconf 85' lang='lat' dir='ltr'>immutabuntur.</span> <span class='ocrx_word' id='word_1_382' title='bbox 3456 1939 3664 1994; x_wconf 84' lang='lat' dir='ltr'>Utrum</span> <span class='ocrx_word' id='word_1_383' title='bbox 3688 1957 3790 1993; x_wconf 80' lang='lat' dir='ltr'>au-</span> 
     </span>
    </p>
   </div>
   <div class='ocr_carea' id='block_1_51' title="bbox 2194 2023 3791 2094">
    <p class='ocr_par' dir='ltr' id='par_1_51' title="bbox 2194 2023 3791 2094">
     <span class='ocr_line' id='line_1_51' title="bbox 2194 2023 3791 2094; baseline 0.003 -15"><span class='ocrx_word' id='word_1_384' title='bbox 2194 2032 2308 2079; x_wconf 89' lang='lat' dir='ltr'>tem</span> <span class='ocrx_word' id='word_1_385' title='bbox 2330 2041 2484 2077; x_wconf 87' lang='lat' dir='ltr'>mare</span> <span class='ocrx_word' id='word_1_386' title='bbox 2506 2024 2591 2077; x_wconf 89' lang='lat' dir='ltr'>vel</span> <span class='ocrx_word' id='word_1_387' title='bbox 2610 2023 2757 2094; x_wconf 82' lang='lat' dir='ltr'>ignis</span> <span class='ocrx_word' id='word_1_388' title='bbox 2776 2029 3047 2088; x_wconf 87' lang='lat' dir='ltr'>transeat,</span> <span class='ocrx_word' id='word_1_389' title='bbox 3070 2025 3129 2078; x_wconf 88' lang='lat' dir='ltr'>id</span> <span class='ocrx_word' id='word_1_390' title='bbox 3154 2032 3241 2080; x_wconf 88' lang='lat' dir='ltr'>est</span> <span class='ocrx_word' id='word_1_391' title='bbox 3264 2028 3613 2087; x_wconf 88' lang='lat' dir='ltr'>immutetur,</span> <span class='ocrx_word' id='word_1_392' title='bbox 3642 2029 3791 2083; x_wconf 86' lang='lat' dir='ltr'>Deus</span> 
     </span>
    </p>
   </div>
   <div class='ocr_carea' id='block_1_52' title="bbox 2193 2112 3789 2183">
    <p class='ocr_par' dir='ltr' id='par_1_52' title="bbox 2193 2112 3789 2183">
     <span class='ocr_line' id='line_1_52' title="bbox 2193 2112 3789 2183; baseline 0.003 -16"><span class='ocrx_word' id='word_1_393' title='bbox 2193 2114 2315 2177; x_wconf 89' lang='lat' dir='ltr'>scit,</span> <span class='ocrx_word' id='word_1_394' title='bbox 2350 2113 2480 2165; x_wconf 90' lang='lat' dir='ltr'>licet</span> <span class='ocrx_word' id='word_1_395' title='bbox 2517 2112 2606 2165; x_wconf 89' lang='lat' dir='ltr'>hic</span> <span class='ocrx_word' id='word_1_396' title='bbox 2655 2113 2928 2182; x_wconf 88' lang='lat' dir='ltr'>legamus,</span> <span class='ocrx_word' id='word_1_397' title='bbox 2972 2120 3019 2167; x_wconf 85' lang='lat' dir='ltr'>et</span> <span class='ocrx_word' id='word_1_398' title='bbox 3059 2130 3213 2168; x_wconf 84' lang='lat' dir='ltr'>mare</span> <span class='ocrx_word' id='word_1_399' title='bbox 3245 2120 3373 2183; x_wconf 87' lang='lat' dir='ltr'>jam</span> <span class='ocrx_word' id='word_1_400' title='bbox 3420 2133 3532 2170; x_wconf 85' lang='lat' dir='ltr'>non</span> <span class='ocrx_word' id='word_1_401' title='bbox 3579 2123 3678 2170; x_wconf 85' lang='lat' dir='ltr'>est.</span> <span class='ocrx_word' id='word_1_402' title='bbox 3726 2118 3789 2171; x_wconf 85' lang='lat' dir='ltr'>Et</span> 
     </span>
    </p>
   </div>
   <div class='ocr_carea' id='block_1_53' title="bbox 2194 2201 3787 2259">
    <p class='ocr_par' dir='ltr' id='par_1_53' title="bbox 2194 2201 3787 2259">
     <span class='ocr_line' id='line_1_53' title="bbox 2194 2201 3787 2259; baseline 0.003 -4"><span class='ocrx_word' id='word_1_403' title='bbox 2194 2201 2326 2255; x_wconf 87' lang='lat' dir='ltr'>alibi</span> <span class='ocrx_word' id='word_1_404' title='bbox 2364 2218 2375 2252; x_wconf 91' lang='lat'><strong>:</strong></span> <span class='ocrx_word' id='word_1_405' title='bbox 2408 2203 2617 2255; x_wconf 89' lang='lat' dir='ltr'>Lumen</span> <span class='ocrx_word' id='word_1_406' title='bbox 2646 2203 2882 2254; x_wconf 71' lang='lat' dir='ltr'>lucerna:</span> <span class='ocrx_word' id='word_1_407' title='bbox 2912 2218 3023 2255; x_wconf 88' lang='lat' dir='ltr'>non</span> <span class='ocrx_word' id='word_1_408' title='bbox 3055 2205 3253 2257; x_wconf 77' lang='lat' dir='ltr'>lucebit</span> <span class='ocrx_word' id='word_1_409' title='bbox 3280 2208 3342 2258; x_wconf 80' lang='lat' dir='ltr'>in</span> <span class='ocrx_word' id='word_1_410' title='bbox 3372 2222 3452 2259; x_wconf 87' lang='lat' dir='ltr'>ea.</span> <span class='ocrx_word' id='word_1_411' title='bbox 3477 2206 3612 2258; x_wconf 61' lang='lat' dir='ltr'>Haec</span> <span class='ocrx_word' id='word_1_412' title='bbox 3641 2205 3787 2258; x_wconf 88' lang='lat' dir='ltr'>enim</span> 
     </span>
    </p>
   </div>
   <div class='ocr_carea' id='block_1_54' title="bbox 2192 2289 3787 2361">
    <p class='ocr_par' dir='ltr' id='par_1_54' title="bbox 2192 2289 3787 2361">
     <span class='ocr_line' id='line_1_54' title="bbox 2192 2289 3787 2361; baseline 0.003 -19"><span class='ocrx_word' id='word_1_413' title='bbox 2192 2290 2434 2359; x_wconf 87' lang='lat' dir='ltr'>qualiter</span> <span class='ocrx_word' id='word_1_414' title='bbox 2463 2290 2620 2355; x_wconf 89' lang='lat' dir='ltr'>ﬁant,</span> <span class='ocrx_word' id='word_1_415' title='bbox 2644 2305 2773 2342; x_wconf 89' lang='lat' dir='ltr'>cum</span> <span class='ocrx_word' id='word_1_416' title='bbox 2796 2289 2930 2343; x_wconf 90' lang='lat' dir='ltr'>illuc</span> <span class='ocrx_word' id='word_1_417' title='bbox 2958 2292 3400 2361; x_wconf 88' lang='lat' dir='ltr'>pervenerimus,</span> <span class='ocrx_word' id='word_1_418' title='bbox 3420 2293 3626 2347; x_wconf 90' lang='lat' dir='ltr'>melius</span> <span class='ocrx_word' id='word_1_419' title='bbox 3648 2294 3787 2347; x_wconf 84' lang='lat' dir='ltr'>scie-</span> 
     </span>
    </p>
   </div>
   <div class='ocr_carea' id='block_1_55' title="bbox 2190 2394 2338 2433">
    <p class='ocr_par' dir='ltr' id='par_1_55' title="bbox 2190 2394 2338 2433">
     <span class='ocr_line' id='line_1_55' title="bbox 2190 2394 2338 2433; baseline 0.02 -3"><span class='ocrx_word' id='word_1_420' title='bbox 2190 2394 2338 2433; x_wconf 87' lang='lat' dir='ltr'>mus.</span> 
     </span>
    </p>
   </div>
   <div class='ocr_carea' id='block_1_56' title="bbox 2262 2467 3783 2525">
    <p class='ocr_par' dir='ltr' id='par_1_56' title="bbox 2262 2467 3783 2525">
     <span class='ocr_line' id='line_1_56' title="bbox 2262 2467 3783 2525; baseline 0.003 -5"><span class='ocrx_word' id='word_1_421' title='bbox 2262 2467 2328 2520; x_wconf 85' lang='lat' dir='ltr'>Et</span> <span class='ocrx_word' id='word_1_422' title='bbox 2359 2468 2636 2520; x_wconf 81' lang='lat' dir='ltr'>civitatem</span> <span class='ocrx_word' id='word_1_423' title='bbox 2667 2471 2916 2519; x_wconf 81' lang='lat' dir='ltr'>sanctam</span> <span class='ocrx_word' id='word_1_424' title='bbox 2946 2468 3294 2523; x_wconf 79' lang='lat' dir='ltr'>Hierusalem</span> <span class='ocrx_word' id='word_1_425' title='bbox 3322 2486 3520 2523; x_wconf 78' lang='lat' dir='ltr'>novam</span> <span class='ocrx_word' id='word_1_426' title='bbox 3550 2474 3671 2525; x_wconf 71' lang='lat' dir='ltr'>vidi</span> <span class='ocrx_word' id='word_1_427' title='bbox 3696 2474 3783 2525; x_wconf 80' lang='lat' dir='ltr'>de—</span> 
     </span>
    </p>
   </div>
   <div class='ocr_carea' id='block_1_57' title="bbox 2190 2555 3787 2616">
    <p class='ocr_par' dir='ltr' id='par_1_57' title="bbox 2190 2555 3787 2616">
     <span class='ocr_line' id='line_1_57' title="bbox 2190 2555 3787 2616; baseline 0.005 -10"><span class='ocrx_word' id='word_1_428' title='bbox 2190 2556 2529 2607; x_wconf 86' lang='lat' dir='ltr'>scendentem</span> <span class='ocrx_word' id='word_1_429' title='bbox 2550 2555 2613 2606; x_wconf 91' lang='lat' dir='ltr'>de</span> <span class='ocrx_word' id='word_1_430' title='bbox 2632 2557 2756 2608; x_wconf 78' lang='lat' dir='ltr'>cwlo</span> <span class='ocrx_word' id='word_1_431' title='bbox 2784 2571 2819 2607; x_wconf 88' lang='lat' dir='ltr'>a</span> <span class='ocrx_word' id='word_1_432' title='bbox 2840 2557 2964 2609; x_wconf 84' lang='lat' dir='ltr'>Deo.</span> <span class='ocrx_word' id='word_1_433' title='bbox 2997 2556 3125 2609; x_wconf 60' lang='lat' dir='ltr'>Haec</span> <span class='ocrx_word' id='word_1_434' title='bbox 3154 2557 3349 2611; x_wconf 87' lang='lat' dir='ltr'>civitas</span> <span class='ocrx_word' id='word_1_435' title='bbox 3379 2564 3575 2613; x_wconf 88' lang='lat' dir='ltr'>sancta</span> <span class='ocrx_word' id='word_1_436' title='bbox 3606 2561 3787 2616; x_wconf 86' lang='lat' dir='ltr'>Eccle-</span> 
     </span>
    </p>
   </div>
   <div class='ocr_carea' id='block_1_58' title="bbox 2190 2641 3790 2717">
    <p class='ocr_par' dir='ltr' id='par_1_58' title="bbox 2190 2641 3790 2717">
     <span class='ocr_line' id='line_1_58' title="bbox 2190 2641 3790 2717; baseline 0.004 -23"><span class='ocrx_word' id='word_1_437' title='bbox 2190 2641 2276 2695; x_wconf 88' lang='lat' dir='ltr'>sia</span> <span class='ocrx_word' id='word_1_438' title='bbox 2307 2647 2410 2702; x_wconf 90' lang='lat' dir='ltr'>est,</span> <span class='ocrx_word' id='word_1_439' title='bbox 2446 2658 2568 2712; x_wconf 65' lang='lat' dir='ltr'>qua:</span> <span class='ocrx_word' id='word_1_440' title='bbox 2599 2642 2803 2696; x_wconf 90' lang='lat' dir='ltr'>idcirco</span> <span class='ocrx_word' id='word_1_441' title='bbox 2834 2643 3028 2697; x_wconf 86' lang='lat' dir='ltr'>civitas</span> <span class='ocrx_word' id='word_1_442' title='bbox 3076 2646 3412 2714; x_wconf 85' lang='lat' dir='ltr'>appellatur,</span> <span class='ocrx_word' id='word_1_443' title='bbox 3446 2648 3715 2717; x_wconf 89' lang='lat' dir='ltr'>quoniam</span> <span class='ocrx_word' id='word_1_444' title='bbox 3756 2664 3790 2701; x_wconf 87' lang='lat' dir='ltr'>a</span> 
     </span>
    </p>
   </div>
   <div class='ocr_carea' id='block_1_59' title="bbox 2192 2729 3790 2805">
    <p class='ocr_par' dir='ltr' id='par_1_59' title="bbox 2192 2729 3790 2805">
     <span class='ocr_line' id='line_1_59' title="bbox 2192 2729 3790 2805; baseline 0.005 -23"><span class='ocrx_word' id='word_1_445' title='bbox 2192 2730 2387 2783; x_wconf 90' lang='lat' dir='ltr'>multis</span> <span class='ocrx_word' id='word_1_446' title='bbox 2410 2729 2774 2793; x_wconf 76' lang='lat' dir='ltr'>inhabitatur,</span> <span class='ocrx_word' id='word_1_447' title='bbox 2809 2737 2866 2784; x_wconf 89' lang='lat' dir='ltr'>et</span> <span class='ocrx_word' id='word_1_448' title='bbox 2894 2731 2952 2784; x_wconf 91' lang='lat' dir='ltr'>in</span> <span class='ocrx_word' id='word_1_449' title='bbox 2979 2740 3222 2801; x_wconf 88' lang='lat' dir='ltr'>quatuor</span> <span class='ocrx_word' id='word_1_450' title='bbox 3250 2735 3445 2788; x_wconf 90' lang='lat' dir='ltr'>mundi</span> <span class='ocrx_word' id='word_1_451' title='bbox 3477 2742 3666 2805; x_wconf 85' lang='lat' dir='ltr'>partes</span> <span class='ocrx_word' id='word_1_452' title='bbox 3685 2737 3790 2790; x_wconf 81' lang='lat' dir='ltr'>dis-</span> 
     </span>
    </p>
   </div>
   <div class='ocr_carea' id='block_1_60' title="bbox 2191 2817 3789 2884">
    <p class='ocr_par' dir='ltr' id='par_1_60' title="bbox 2191 2817 3789 2884">
     <span class='ocr_line' id='line_1_60' title="bbox 2191 2817 3789 2884; baseline 0.004 -13"><span class='ocrx_word' id='word_1_453' title='bbox 2191 2818 2679 2884; x_wconf 88' lang='lat' dir='ltr'>tenditur,habens</span> <span class='ocrx_word' id='word_1_454' title='bbox 2693 2817 3063 2874; x_wconf 87' lang='lat' dir='ltr'>habitatorem</span> <span class='ocrx_word' id='word_1_455' title='bbox 3095 2822 3288 2875; x_wconf 89' lang='lat' dir='ltr'>Deum.</span> <span class='ocrx_word' id='word_1_456' title='bbox 3313 2823 3457 2876; x_wconf 86' lang='lat' dir='ltr'>Hinc</span> <span class='ocrx_word' id='word_1_457' title='bbox 3477 2824 3685 2878; x_wconf 86' lang='lat' dir='ltr'>Paulus</span> <span class='ocrx_word' id='word_1_458' title='bbox 3706 2825 3789 2878; x_wconf 88' lang='lat' dir='ltr'>di-</span> 
     </span>
    </p>
   </div>
   <div class='ocr_carea' id='block_1_61' title="bbox 2195 2907 3785 2981">
    <p class='ocr_par' dir='ltr' id='par_1_61' title="bbox 2195 2907 3785 2981">
     <span class='ocr_line' id='line_1_61' title="bbox 2195 2907 3785 2981; baseline 0.003 -22"><span class='ocrx_word' id='word_1_459' title='bbox 2195 2907 2305 2960; x_wconf 89' lang='lat' dir='ltr'>cit:</span> <span class='ocrx_word' id='word_1_460' title='bbox 2338 2908 2619 2974; x_wconf 84' lang='lat' dir='ltr'>Templum</span> <span class='ocrx_word' id='word_1_461' title='bbox 2653 2909 2747 2961; x_wconf 81' lang='lat' dir='ltr'>Dei</span> <span class='ocrx_word' id='word_1_462' title='bbox 2776 2914 3031 2962; x_wconf 85' lang='lat' dir='ltr'>sanctum</span> <span class='ocrx_word' id='word_1_463' title='bbox 3051 2912 3297 2977; x_wconf 86' lang='lat' dir='ltr'>est,quod</span> <span class='ocrx_word' id='word_1_464' title='bbox 3324 2915 3449 2964; x_wconf 85' lang='lat' dir='ltr'>estis</span> <span class='ocrx_word' id='word_1_465' title='bbox 3483 2928 3573 2965; x_wconf 73' lang='lat' dir='ltr'>vos</span> <span class='ocrx_word' id='word_1_466' title='bbox 3592 2914 3651 2981; x_wconf 79' lang='grc' dir='ltr'>(Ι</span> <span class='ocrx_word' id='word_1_467' title='bbox 3669 2914 3785 2967; x_wconf 81' lang='lat' dir='ltr'>Gor.</span> 
     </span>
    </p>
   </div>
   <div class='ocr_carea' id='block_1_62' title="bbox 584 2994 3787 3069">
    <p class='ocr_par' dir='ltr' id='par_1_62' title="bbox 584 2994 3787 3069">
     <span class='ocr_line' id='line_1_62' title="bbox 584 2994 3787 3069; baseline 0.001 -18"><span class='ocrx_word' id='word_1_468' title='bbox 584 2998 653 3051; x_wconf 86' lang='lat' dir='ltr'>Et</span> <span class='ocrx_word' id='word_1_469' title='bbox 676 2998 940 3064; x_wconf 83' lang='lat' dir='ltr'>infernus</span> <span class='ocrx_word' id='word_1_470' title='bbox 957 3001 1005 3049; x_wconf 84' lang='lat' dir='ltr'>et</span> <span class='ocrx_word' id='word_1_471' title='bbox 1024 3012 1171 3049; x_wconf 86' lang='lat' dir='ltr'>mors</span> <span class='ocrx_word' id='word_1_472' title='bbox 1200 2997 1319 3049; x_wconf 90' lang='lat' dir='ltr'>Hoc</span> <span class='ocrx_word' id='word_1_473' title='bbox 1339 3003 1425 3050; x_wconf 84' lang='lat' dir='ltr'>est</span> <span class='ocrx_word' id='word_1_474' title='bbox 1445 2997 1634 3050; x_wconf 86' lang='lat' dir='ltr'>omnia</span> <span class='ocrx_word' id='word_1_475' title='bbox 1654 2997 1904 3051; x_wconf 89' lang='lat' dir='ltr'>membra</span> <span class='ocrx_word' id='word_1_476' title='bbox 1919 2997 2181 3056; x_wconf 90' lang='lat' dir='ltr'>diaboliC</span> <span class='ocrx_word' id='word_1_477' title='bbox 2206 2994 2314 3053; x_wconf 82' lang='lat' dir='ltr'>In).</span> <span class='ocrx_word' id='word_1_478' title='bbox 2358 2995 2563 3048; x_wconf 88' lang='lat' dir='ltr'>Sancta</span> <span class='ocrx_word' id='word_1_479' title='bbox 2591 2995 2815 3059; x_wconf 89' lang='lat' dir='ltr'>dicitur,</span> <span class='ocrx_word' id='word_1_480' title='bbox 2861 2996 2995 3065; x_wconf 87' lang='lat' dir='ltr'>quia</span> <span class='ocrx_word' id='word_1_481' title='bbox 3024 2998 3272 3067; x_wconf 87' lang='lat' dir='ltr'>quotidie</span> <span class='ocrx_word' id='word_1_482' title='bbox 3324 3015 3425 3069; x_wconf 90' lang='lat' dir='ltr'>per</span> <span class='ocrx_word' id='word_1_483' title='bbox 3450 2999 3787 3069; x_wconf 88' lang='lat' dir='ltr'>baptismum</span> 
     </span>
    </p>
   </div>
   <div class='ocr_carea' id='block_1_63' title="bbox 513 3085 2117 3155">
    <p class='ocr_par' dir='ltr' id='par_1_63' title="bbox 513 3085 2117 3155">
     <span class='ocr_line' id='line_1_63' title="bbox 513 3085 2117 3155; baseline -0.001 -13"><span class='ocrx_word' id='word_1_484' title='bbox 513 3102 637 3142; x_wconf 89' lang='lat' dir='ltr'>cum</span> <span class='ocrx_word' id='word_1_485' title='bbox 661 3085 843 3155; x_wconf 89' lang='lat' dir='ltr'>capite</span> <span class='ocrx_word' id='word_1_486' title='bbox 865 3102 985 3138; x_wconf 93' lang='lat' dir='ltr'>suo.</span> <span class='ocrx_word' id='word_1_487' title='bbox 1011 3086 1166 3137; x_wconf 78' lang='lat' dir='ltr'>Missi</span> <span class='ocrx_word' id='word_1_488' title='bbox 1192 3089 1324 3137; x_wconf 84' lang='lat' dir='ltr'>sunt</span> <span class='ocrx_word' id='word_1_489' title='bbox 1342 3089 1403 3138; x_wconf 82' lang='lat' dir='ltr'>in</span> <span class='ocrx_word' id='word_1_490' title='bbox 1424 3091 1685 3152; x_wconf 88' lang='lat' dir='ltr'>stagnum</span> <span class='ocrx_word' id='word_1_491' title='bbox 1708 3090 1872 3153; x_wconf 82' lang='lat' dir='ltr'>ignis.</span> <span class='ocrx_word' id='word_1_492' title='bbox 1892 3088 2011 3141; x_wconf 90' lang='lat' dir='ltr'>Hoc</span> <span class='ocrx_word' id='word_1_493' title='bbox 2030 3094 2117 3141; x_wconf 91' lang='lat' dir='ltr'>est</span> 
     </span>
    </p>
   </div>
   <div class='ocr_carea' id='block_1_64' title="bbox 512 3173 2113 3244">
    <p class='ocr_par' dir='ltr' id='par_1_64' title="bbox 512 3173 2113 3244">
     <span class='ocr_line' id='line_1_64' title="bbox 512 3173 2113 3244; baseline 0.002 -17"><span class='ocrx_word' id='word_1_494' title='bbox 512 3174 573 3228; x_wconf 89' lang='lat' dir='ltr'>in</span> <span class='ocrx_word' id='word_1_495' title='bbox 600 3174 936 3244; x_wconf 85' lang='lat' dir='ltr'>profundam</span> <span class='ocrx_word' id='word_1_496' title='bbox 974 3173 1396 3226; x_wconf 87' lang='lat' dir='ltr'>damnationem</span> <span class='ocrx_word' id='word_1_497' title='bbox 1425 3173 1649 3228; x_wconf 83' lang='lat' dir='ltr'>inferni.</span> <span class='ocrx_word' id='word_1_498' title='bbox 1707 3176 1876 3229; x_wconf 90' lang='lat' dir='ltr'>Recte</span> <span class='ocrx_word' id='word_1_499' title='bbox 1923 3182 2113 3230; x_wconf 90' lang='lat' dir='ltr'>autem</span> 
     </span>
    </p>
   </div>
   <div class='ocr_carea' id='block_1_65' title="bbox 512 3260 2114 3334">
    <p class='ocr_par' dir='ltr' id='par_1_65' title="bbox 512 3260 2114 3334">
     <span class='ocr_line' id='line_1_65' title="bbox 512 3260 2114 3334; baseline 0.002 -20"><span class='ocrx_word' id='word_1_500' title='bbox 512 3278 616 3332; x_wconf 89' lang='lat' dir='ltr'>per</span> <span class='ocrx_word' id='word_1_501' title='bbox 642 3261 923 3314; x_wconf 91' lang='lat' dir='ltr'>infernum</span> <span class='ocrx_word' id='word_1_502' title='bbox 954 3277 1148 3314; x_wconf 90' lang='lat' dir='ltr'>omnes</span> <span class='ocrx_word' id='word_1_503' title='bbox 1176 3260 1399 3330; x_wconf 87' lang='lat' dir='ltr'>reprobi</span> <span class='ocrx_word' id='word_1_504' title='bbox 1420 3263 1861 3331; x_wconf 89' lang='lat' dir='ltr'>ﬁgurantur.Vel</span> <span class='ocrx_word' id='word_1_505' title='bbox 1882 3264 2015 3334; x_wconf 89' lang='lat' dir='ltr'>quia</span> <span class='ocrx_word' id='word_1_506' title='bbox 2036 3264 2114 3317; x_wconf 90' lang='lat' dir='ltr'>ibi</span> 
     </span>
    </p>
   </div>
   <div class='ocr_carea' id='block_1_66' title="bbox 513 3348 2116 3419">
    <p class='ocr_par' dir='ltr' id='par_1_66' title="bbox 513 3348 2116 3419">
     <span class='ocr_line' id='line_1_66' title="bbox 513 3348 2116 3419; baseline 0.003 -18"><span class='ocrx_word' id='word_1_507' title='bbox 513 3348 834 3402; x_wconf 87' lang='lat' dir='ltr'>habitantes</span> <span class='ocrx_word' id='word_1_508' title='bbox 862 3365 976 3401; x_wconf 88' lang='lat' dir='ltr'>una</span> <span class='ocrx_word' id='word_1_509' title='bbox 1010 3364 1139 3401; x_wconf 90' lang='lat' dir='ltr'>cum</span> <span class='ocrx_word' id='word_1_510' title='bbox 1193 3348 1416 3402; x_wconf 85' lang='lat' dir='ltr'>inferno</span> <span class='ocrx_word' id='word_1_511' title='bbox 1449 3350 1507 3402; x_wconf 92' lang='lat' dir='ltr'>in</span> <span class='ocrx_word' id='word_1_512' title='bbox 1554 3367 1664 3419; x_wconf 92' lang='lat' dir='ltr'>quo</span> <span class='ocrx_word' id='word_1_513' title='bbox 1694 3350 1968 3417; x_wconf 88' lang='lat' dir='ltr'>habitant,</span> <span class='ocrx_word' id='word_1_514' title='bbox 2001 3369 2116 3406; x_wconf 89' lang='lat' dir='ltr'>una</span> 
     </span>
    </p>
   </div>
   <div class='ocr_carea' id='block_1_67' title="bbox 514 3436 2109 3508">
    <p class='ocr_par' dir='ltr' id='par_1_67' title="bbox 514 3436 2109 3508">
     <span class='ocr_line' id='line_1_67' title="bbox 514 3436 2109 3508; baseline 0.002 -17"><span class='ocrx_word' id='word_1_515' title='bbox 514 3441 650 3491; x_wconf 88' lang='lat' dir='ltr'>sunt</span> <span class='ocrx_word' id='word_1_516' title='bbox 674 3437 874 3490; x_wconf 91' lang='lat' dir='ltr'>domus</span> <span class='ocrx_word' id='word_1_517' title='bbox 897 3449 907 3482; x_wconf 78' lang='grc' dir='ltr'>ε</span> <span class='ocrx_word' id='word_1_518' title='bbox 935 3436 1033 3489; x_wconf 86' lang='lat' dir='ltr'>Vel</span> <span class='ocrx_word' id='word_1_519' title='bbox 1049 3436 1217 3489; x_wconf 87' lang='lat' dir='ltr'>etiam</span> <span class='ocrx_word' id='word_1_520' title='bbox 1237 3437 1371 3506; x_wconf 87' lang='lat' dir='ltr'>quia</span> <span class='ocrx_word' id='word_1_521' title='bbox 1389 3436 1677 3491; x_wconf 89' lang='lat' dir='ltr'>imitantes</span> <span class='ocrx_word' id='word_1_522' title='bbox 1698 3454 1868 3508; x_wconf 89' lang='lat' dir='ltr'>opera</span> <span class='ocrx_word' id='word_1_523' title='bbox 1884 3439 2109 3506; x_wconf 89' lang='lat' dir='ltr'>diaboli,</span> 
     </span>
    </p>
   </div>
   <div class='ocr_carea' id='block_1_68' title="bbox 514 3525 2113 3599">
    <p class='ocr_par' dir='ltr' id='par_1_68' title="bbox 514 3525 2113 3599">
     <span class='ocr_line' id='line_1_68' title="bbox 514 3525 2113 3599; baseline 0.003 -20"><span class='ocrx_word' id='word_1_524' title='bbox 514 3541 805 3597; x_wconf 86' lang='lat' dir='ltr'>nunquam</span> <span class='ocrx_word' id='word_1_525' title='bbox 829 3531 1159 3579; x_wconf 89' lang='lat' dir='ltr'>saturantur</span> <span class='ocrx_word' id='word_1_526' title='bbox 1186 3525 1372 3592; x_wconf 86' lang='lat' dir='ltr'>malis,</span> <span class='ocrx_word' id='word_1_527' title='bbox 1393 3526 1538 3580; x_wconf 89' lang='lat' dir='ltr'>sicut</span> <span class='ocrx_word' id='word_1_528' title='bbox 1554 3526 1806 3581; x_wconf 82' lang='lat' dir='ltr'>infernus</span> <span class='ocrx_word' id='word_1_529' title='bbox 1825 3544 2113 3599; x_wconf 89' lang='lat' dir='ltr'>nunquam</span> 
     </span>
    </p>
   </div>
   <div class='ocr_carea' id='block_1_69' title="bbox 514 3613 1623 3682">
    <p class='ocr_par' dir='ltr' id='par_1_69' title="bbox 514 3613 1623 3682">
     <span class='ocr_line' id='line_1_69' title="bbox 514 3613 1623 3682; baseline 0.002 -11"><span class='ocrx_word' id='word_1_530' title='bbox 514 3614 667 3681; x_wconf 83' lang='lat' dir='ltr'>dicit,</span> <span class='ocrx_word' id='word_1_531' title='bbox 700 3613 942 3682; x_wconf 79' lang='lat' dir='ltr'>Sufﬁcit.</span> <span class='ocrx_word' id='word_1_532' title='bbox 1612 3668 1623 3673; x_wconf 38' lang='grc' dir='ltr'>ε</span> 
     </span>
    </p>
   </div>
   <div class='ocr_carea' id='block_1_70' title="bbox 583 3704 2116 3775">
    <p class='ocr_par' dir='ltr' id='par_1_70' title="bbox 583 3704 2116 3775">
     <span class='ocr_line' id='line_1_70' title="bbox 583 3704 2116 3775; baseline 0.003 -18"><span class='ocrx_word' id='word_1_533' title='bbox 583 3704 651 3757; x_wconf 87' lang='lat' dir='ltr'>Et</span> <span class='ocrx_word' id='word_1_534' title='bbox 681 3706 779 3770; x_wconf 85' lang='lat' dir='ltr'>qui</span> <span class='ocrx_word' id='word_1_535' title='bbox 810 3718 922 3756; x_wconf 84' lang='lat' dir='ltr'>non</span> <span class='ocrx_word' id='word_1_536' title='bbox 950 3707 1026 3755; x_wconf 83' lang='lat' dir='ltr'>est</span> <span class='ocrx_word' id='word_1_537' title='bbox 1056 3705 1312 3756; x_wconf 80' lang='lat' dir='ltr'>inventus</span> <span class='ocrx_word' id='word_1_538' title='bbox 1337 3707 1397 3757; x_wconf 86' lang='lat' dir='ltr'>in</span> <span class='ocrx_word' id='word_1_539' title='bbox 1426 3705 1568 3758; x_wconf 81' lang='lat' dir='ltr'>libro</span> <span class='ocrx_word' id='word_1_540' title='bbox 1588 3709 1709 3759; x_wconf 61' lang='lat' dir='ltr'>vitae</span> <span class='ocrx_word' id='word_1_541' title='bbox 1735 3708 2116 3775; x_wconf 72' lang='lat' dir='ltr'>scriptuslloc</span> 
     </span>
    </p>
   </div>
   <div class='ocr_carea' id='block_1_71' title="bbox 515 3791 2115 3862">
    <p class='ocr_par' dir='ltr' id='par_1_71' title="bbox 515 3791 2115 3862">
     <span class='ocr_line' id='line_1_71' title="bbox 515 3791 2115 3862; baseline 0.002 -17"><span class='ocrx_word' id='word_1_542' title='bbox 515 3796 620 3857; x_wconf 89' lang='lat' dir='ltr'>est,</span> <span class='ocrx_word' id='word_1_543' title='bbox 661 3791 758 3862; x_wconf 90' lang='lat' dir='ltr'>qui</span> <span class='ocrx_word' id='word_1_544' title='bbox 779 3807 892 3844; x_wconf 89' lang='lat' dir='ltr'>non</span> <span class='ocrx_word' id='word_1_545' title='bbox 925 3797 1012 3844; x_wconf 91' lang='lat' dir='ltr'>est</span> <span class='ocrx_word' id='word_1_546' title='bbox 1036 3796 1166 3844; x_wconf 91' lang='lat' dir='ltr'>ante</span> <span class='ocrx_word' id='word_1_547' title='bbox 1204 3791 1398 3845; x_wconf 89' lang='lat' dir='ltr'>mundi</span> <span class='ocrx_word' id='word_1_548' title='bbox 1427 3793 1887 3848; x_wconf 85' lang='lat' dir='ltr'>constitutionem</span> <span class='ocrx_word' id='word_1_549' title='bbox 1932 3795 2003 3848; x_wconf 89' lang='lat' dir='ltr'>ad</span> <span class='ocrx_word' id='word_1_550' title='bbox 2031 3795 2115 3848; x_wconf 92' lang='lat' dir='ltr'>vi-</span> 
     </span>
    </p>
   </div>
   <div class='ocr_carea' id='block_1_72' title="bbox 517 3880 2113 3950">
    <p class='ocr_par' dir='ltr' id='par_1_72' title="bbox 517 3880 2113 3950">
     <span class='ocr_line' id='line_1_72' title="bbox 517 3880 2113 3950; baseline 0.003 -16"><span class='ocrx_word' id='word_1_551' title='bbox 517 3889 632 3934; x_wconf 89' lang='lat' dir='ltr'>tam</span> <span class='ocrx_word' id='word_1_552' title='bbox 652 3880 1099 3950; x_wconf 69' lang='lat' dir='ltr'>przedestinatus.</span> <span class='ocrx_word' id='word_1_553' title='bbox 1128 3881 1325 3933; x_wconf 79' lang='lat' dir='ltr'>Missus</span> <span class='ocrx_word' id='word_1_554' title='bbox 1344 3885 1418 3933; x_wconf 84' lang='lat' dir='ltr'>est</span> <span class='ocrx_word' id='word_1_555' title='bbox 1450 3884 1511 3934; x_wconf 87' lang='lat' dir='ltr'>in</span> <span class='ocrx_word' id='word_1_556' title='bbox 1531 3886 1795 3949; x_wconf 75' lang='lat' dir='ltr'>stagnum</span> <span class='ocrx_word' id='word_1_557' title='bbox 1825 3886 1988 3950; x_wconf 81' lang='lat' dir='ltr'>ignis.</span> <span class='ocrx_word' id='word_1_558' title='bbox 2020 3884 2113 3938; x_wconf 92' lang='lat' dir='ltr'>Li-</span> 
     </span>
    </p>
   </div>
   <div class='ocr_carea' id='block_1_73' title="bbox 517 3966 2113 4041">
    <p class='ocr_par' dir='ltr' id='par_1_73' title="bbox 517 3966 2113 4041">
     <span class='ocr_line' id='line_1_73' title="bbox 517 3966 2113 4041; baseline 0.002 -19"><span class='ocrx_word' id='word_1_559' title='bbox 517 3968 615 4022; x_wconf 90' lang='lat' dir='ltr'>ber</span> <span class='ocrx_word' id='word_1_560' title='bbox 640 3968 846 4039; x_wconf 91' lang='lat' dir='ltr'>quippe</span> <span class='ocrx_word' id='word_1_561' title='bbox 871 3968 1018 4029; x_wconf 67' lang='lat' dir='ltr'>vitae,</span> <span class='ocrx_word' id='word_1_562' title='bbox 1048 3966 1194 4019; x_wconf 91' lang='lat' dir='ltr'>sicut</span> <span class='ocrx_word' id='word_1_563' title='bbox 1221 3983 1393 4037; x_wconf 89' lang='lat' dir='ltr'>supra</span> <span class='ocrx_word' id='word_1_564' title='bbox 1417 3967 1628 4022; x_wconf 89' lang='lat' dir='ltr'>dictum</span> <span class='ocrx_word' id='word_1_565' title='bbox 1651 3975 1753 4033; x_wconf 86' lang='lat' dir='ltr'>est,</span> <span class='ocrx_word' id='word_1_566' title='bbox 1782 3972 1877 4041; x_wconf 85' lang='lat' dir='ltr'>jus</span> <span class='ocrx_word' id='word_1_567' title='bbox 1909 3970 2113 4025; x_wconf 89' lang='lat' dir='ltr'>divini-</span> 
     </span>
    </p>
   </div>
   <div class='ocr_carea' id='block_1_74' title="bbox 514 4054 2112 4130">
    <p class='ocr_par' dir='ltr' id='par_1_74' title="bbox 514 4054 2112 4130">
     <span class='ocr_line' id='line_1_74' title="bbox 514 4054 2112 4130; baseline 0.001 -19"><span class='ocrx_word' id='word_1_568' title='bbox 514 4056 647 4111; x_wconf 89' lang='lat' dir='ltr'>tatis</span> <span class='ocrx_word' id='word_1_569' title='bbox 667 4056 1023 4126; x_wconf 88' lang='lat' dir='ltr'>intelligitur,</span> <span class='ocrx_word' id='word_1_570' title='bbox 1046 4054 1103 4108; x_wconf 91' lang='lat' dir='ltr'>id</span> <span class='ocrx_word' id='word_1_571' title='bbox 1143 4061 1228 4108; x_wconf 88' lang='lat' dir='ltr'>est</span> <span class='ocrx_word' id='word_1_572' title='bbox 1259 4054 1365 4109; x_wconf 91' lang='lat' dir='ltr'>Dei</span> <span class='ocrx_word' id='word_1_573' title='bbox 1398 4057 1764 4126; x_wconf 63' lang='lat' dir='ltr'>praescientia,</span> <span class='ocrx_word' id='word_1_574' title='bbox 1792 4060 1849 4112; x_wconf 90' lang='lat' dir='ltr'>in</span> <span class='ocrx_word' id='word_1_575' title='bbox 1877 4076 1988 4130; x_wconf 91' lang='lat' dir='ltr'>qua</span> <span class='ocrx_word' id='word_1_576' title='bbox 2016 4060 2112 4130; x_wconf 89' lang='lat' dir='ltr'>qui</span> 
     </span>
    </p>
   </div>
   <div class='ocr_carea' id='block_1_75' title="bbox 516 4143 2108 4216">
    <p class='ocr_par' dir='ltr' id='par_1_75' title="bbox 516 4143 2108 4216">
     <span class='ocr_line' id='line_1_75' title="bbox 516 4143 2108 4216; baseline 0.001 -17"><span class='ocrx_word' id='word_1_577' title='bbox 516 4161 628 4199; x_wconf 90' lang='lat' dir='ltr'>non</span> <span class='ocrx_word' id='word_1_578' title='bbox 656 4145 829 4199; x_wconf 89' lang='lat' dir='ltr'>fuerit</span> <span class='ocrx_word' id='word_1_579' title='bbox 858 4143 1285 4214; x_wconf 73' lang='lat' dir='ltr'>praeordinatus,</span> <span class='ocrx_word' id='word_1_580' title='bbox 1303 4144 1362 4198; x_wconf 90' lang='lat' dir='ltr'>in</span> <span class='ocrx_word' id='word_1_581' title='bbox 1384 4150 1646 4214; x_wconf 81' lang='lat' dir='ltr'>stagnum</span> <span class='ocrx_word' id='word_1_582' title='bbox 1663 4146 1808 4216; x_wconf 89' lang='lat' dir='ltr'>ignis</span> <span class='ocrx_word' id='word_1_583' title='bbox 1832 4148 2108 4201; x_wconf 88' lang='lat' dir='ltr'>mittetur.</span> 
     </span>
    </p>
   </div>
   <div class='ocr_carea' id='block_1_76' title="bbox 515 4231 2110 4305">
    <p class='ocr_par' dir='ltr' id='par_1_76' title="bbox 515 4231 2110 4305">
     <span class='ocr_line' id='line_1_76' title="bbox 515 4231 2110 4305; baseline 0.002 -18"><span class='ocrx_word' id='word_1_584' title='bbox 515 4234 635 4287; x_wconf 88' lang='lat' dir='ltr'>Hoc</span> <span class='ocrx_word' id='word_1_585' title='bbox 663 4240 749 4287; x_wconf 90' lang='lat' dir='ltr'>est</span> <span class='ocrx_word' id='word_1_586' title='bbox 766 4233 1131 4303; x_wconf 89' lang='lat' dir='ltr'>reproborum</span> <span class='ocrx_word' id='word_1_587' title='bbox 1149 4231 1441 4285; x_wconf 88' lang='lat' dir='ltr'>hominum</span> <span class='ocrx_word' id='word_1_588' title='bbox 1469 4233 1723 4287; x_wconf 88' lang='lat' dir='ltr'>societati</span> <span class='ocrx_word' id='word_1_589' title='bbox 1741 4235 2110 4305; x_wconf 81' lang='lat' dir='ltr'>capulabitur.</span> 
     </span>
    </p>
   </div>
   <div class='ocr_carea' id='block_1_77' title="bbox 517 4319 2116 4389">
    <p class='ocr_par' dir='ltr' id='par_1_77' title="bbox 517 4319 2116 4389">
     <span class='ocr_line' id='line_1_77' title="bbox 517 4319 2116 4389; baseline 0.003 -15"><span class='ocrx_word' id='word_1_590' title='bbox 517 4322 678 4384; x_wconf 88' lang='lat' dir='ltr'>Quod</span> <span class='ocrx_word' id='word_1_591' title='bbox 734 4321 886 4374; x_wconf 88' lang='lat' dir='ltr'>enim</span> <span class='ocrx_word' id='word_1_592' title='bbox 938 4319 1094 4382; x_wconf 90' lang='lat' dir='ltr'>dicit,</span> <span class='ocrx_word' id='word_1_593' title='bbox 1127 4320 1220 4389; x_wconf 91' lang='lat' dir='ltr'>qui</span> <span class='ocrx_word' id='word_1_594' title='bbox 1250 4336 1363 4374; x_wconf 90' lang='lat' dir='ltr'>non</span> <span class='ocrx_word' id='word_1_595' title='bbox 1415 4328 1500 4374; x_wconf 88' lang='lat' dir='ltr'>est</span> <span class='ocrx_word' id='word_1_596' title='bbox 1530 4322 1806 4387; x_wconf 87' lang='lat' dir='ltr'>inventus,</span> <span class='ocrx_word' id='word_1_597' title='bbox 1860 4325 1999 4379; x_wconf 87' lang='lat' dir='ltr'>nihil</span> <span class='ocrx_word' id='word_1_598' title='bbox 2030 4331 2116 4379; x_wconf 90' lang='lat' dir='ltr'>est</span> 
     </span>
    </p>
   </div>
   <div class='ocr_carea' id='block_1_78' title="bbox 518 4407 2114 4478">
    <p class='ocr_par' dir='ltr' id='par_1_78' title="bbox 518 4407 2114 4478">
     <span class='ocr_line' id='line_1_78' title="bbox 518 4407 2114 4478; baseline 0.005 -18"><span class='ocrx_word' id='word_1_599' title='bbox 518 4408 689 4472; x_wconf 90' lang='lat' dir='ltr'>aliud,</span> <span class='ocrx_word' id='word_1_600' title='bbox 726 4407 835 4460; x_wconf 90' lang='lat' dir='ltr'>nisi</span> <span class='ocrx_word' id='word_1_601' title='bbox 863 4423 974 4459; x_wconf 91' lang='lat' dir='ltr'>non</span> <span class='ocrx_word' id='word_1_602' title='bbox 1002 4408 1427 4478; x_wconf 67' lang='lat' dir='ltr'>praeordinatus.</span> <span class='ocrx_word' id='word_1_603' title='bbox 1465 4410 1638 4463; x_wconf 91' lang='lat' dir='ltr'>Electi</span> <span class='ocrx_word' id='word_1_604' title='bbox 1684 4418 1874 4465; x_wconf 88' lang='lat' dir='ltr'>autem</span> <span class='ocrx_word' id='word_1_605' title='bbox 1920 4413 1979 4467; x_wconf 91' lang='lat' dir='ltr'>in</span> <span class='ocrx_word' id='word_1_606' title='bbox 2010 4415 2114 4468; x_wconf 92' lang='lat' dir='ltr'>hoc</span> 
     </span>
    </p>
   </div>
   <div class='ocr_carea' id='block_1_79' title="bbox 515 4495 2116 4569">
    <p class='ocr_par' dir='ltr' id='par_1_79' title="bbox 515 4495 2116 4569">
     <span class='ocr_line' id='line_1_79' title="bbox 515 4495 2116 4569; baseline 0.006 -19"><span class='ocrx_word' id='word_1_607' title='bbox 515 4495 660 4550; x_wconf 91' lang='lat' dir='ltr'>libro</span> <span class='ocrx_word' id='word_1_608' title='bbox 698 4495 892 4569; x_wconf 87' lang='lat' dir='ltr'>scripti</span> <span class='ocrx_word' id='word_1_609' title='bbox 922 4496 1016 4565; x_wconf 93' lang='lat' dir='ltr'>qui</span> <span class='ocrx_word' id='word_1_610' title='bbox 1066 4502 1197 4550; x_wconf 87' lang='lat' dir='ltr'>ante</span> <span class='ocrx_word' id='word_1_611' title='bbox 1242 4498 1437 4552; x_wconf 88' lang='lat' dir='ltr'>mundi</span> <span class='ocrx_word' id='word_1_612' title='bbox 1483 4501 1937 4556; x_wconf 87' lang='lat' dir='ltr'>constitutionem</span> <span class='ocrx_word' id='word_1_613' title='bbox 1983 4512 2116 4560; x_wconf 90' lang='lat' dir='ltr'>sunt</span> 
     </span>
    </p>
   </div>
   <div class='ocr_carea' id='block_1_80' title="bbox 516 4583 2108 4660">
    <p class='ocr_par' dir='ltr' id='par_1_80' title="bbox 516 4583 2108 4660">
     <span class='ocr_line' id='line_1_80' title="bbox 516 4583 2108 4660; baseline 0.006 -23"><span class='ocrx_word' id='word_1_614' title='bbox 516 4583 864 4655; x_wconf 68' lang='lat' dir='ltr'>praecogniti,</span> <span class='ocrx_word' id='word_1_615' title='bbox 895 4590 952 4638; x_wconf 90' lang='lat' dir='ltr'>et</span> <span class='ocrx_word' id='word_1_616' title='bbox 979 4585 1357 4655; x_wconf 63' lang='lat' dir='ltr'>praeordinati.</span> <span class='ocrx_word' id='word_1_617' title='bbox 1406 4587 1564 4640; x_wconf 88' lang='lat' dir='ltr'>Unde</span> <span class='ocrx_word' id='word_1_618' title='bbox 1591 4590 1893 4659; x_wconf 84' lang='lat' dir='ltr'>Apostolus</span> <span class='ocrx_word' id='word_1_619' title='bbox 1926 4609 1937 4643; x_wconf 91' lang='lat'>:</span> <span class='ocrx_word' id='word_1_620' title='bbox 1963 4594 2108 4660; x_wconf 75' lang='lat' dir='ltr'>Quos</span> 
     </span>
    </p>
   </div>
   <div class='ocr_carea' id='block_1_81' title="bbox 510 4675 2115 4744">
    <p class='ocr_par' dir='ltr' id='par_1_81' title="bbox 510 4675 2115 4744">
     <span class='ocr_line' id='line_1_81' title="bbox 510 4675 2115 4744; baseline 0.007 -19"><span class='ocrx_word' id='word_1_621' title='bbox 510 4675 785 4741; x_wconf 64' lang='lat' dir='ltr'>praise-ivit</span> <span class='ocrx_word' id='word_1_622' title='bbox 818 4677 867 4726; x_wconf 88' lang='lat' dir='ltr'>et</span> <span class='ocrx_word' id='word_1_623' title='bbox 891 4675 1303 4741; x_wconf 64' lang='lat' dir='ltr'>praedestinavit</span> <span class='ocrx_word' id='word_1_624' title='bbox 1346 4676 1522 4744; x_wconf 84' lang='lat' dir='ltr'>(Rom.</span> <span class='ocrx_word' id='word_1_625' title='bbox 1557 4684 1696 4744; x_wconf 76' lang='lat' dir='ltr'>vui).</span> <span class='ocrx_word' id='word_1_626' title='bbox 1727 4677 1796 4730; x_wconf 91' lang='lat' dir='ltr'>Et</span> <span class='ocrx_word' id='word_1_627' title='bbox 1819 4679 1951 4732; x_wconf 89' lang='lat' dir='ltr'>alibi</span> <span class='ocrx_word' id='word_1_628' title='bbox 1985 4699 1997 4733; x_wconf 88' lang='lat'>:</span> <span class='ocrx_word' id='word_1_629' title='bbox 2029 4682 2115 4737; x_wconf 87' lang='lat' dir='ltr'>Si-</span> 
     </span>
    </p>
   </div>
   <div class='ocr_carea' id='block_1_82' title="bbox 518 4763 2108 4839">
    <p class='ocr_par' dir='ltr' id='par_1_82' title="bbox 518 4763 2108 4839">
     <span class='ocr_line' id='line_1_82' title="bbox 518 4763 2108 4839; baseline 0.004 -23"><span class='ocrx_word' id='word_1_630' title='bbox 518 4766 609 4833; x_wconf 77' lang='lat' dir='ltr'>cut</span> <span class='ocrx_word' id='word_1_631' title='bbox 638 4764 797 4829; x_wconf 80' lang='lat' dir='ltr'>elegit</span> <span class='ocrx_word' id='word_1_632' title='bbox 827 4777 923 4815; x_wconf 88' lang='lat' dir='ltr'>nos</span> <span class='ocrx_word' id='word_1_633' title='bbox 953 4767 1080 4815; x_wconf 84' lang='lat' dir='ltr'>ante</span> <span class='ocrx_word' id='word_1_634' title='bbox 1102 4763 1304 4815; x_wconf 81' lang='lat' dir='ltr'>mundi</span> <span class='ocrx_word' id='word_1_635' title='bbox 1321 4766 1769 4818; x_wconf 75' lang='lat' dir='ltr'>constitutionem</span> <span class='ocrx_word' id='word_1_636' title='bbox 1798 4765 2013 4836; x_wconf 77' lang='lat' dir='ltr'>(Ep/ws.</span> <span class='ocrx_word' id='word_1_637' title='bbox 2044 4773 2108 4839; x_wconf 80' lang='grc' dir='ltr'>ι).</span> 
     </span>
    </p>
   </div>
   <div class='ocr_carea' id='block_1_83' title="bbox 1108 4902 1514 4959">
    <p class='ocr_par' dir='ltr' id='par_1_83' title="bbox 1108 4902 1514 4959">
     <span class='ocr_line' id='line_1_83' title="bbox 1108 4902 1514 4959; baseline 0.012 -5"><span class='ocrx_word' id='word_1_638' title='bbox 1108 4902 1341 4957; x_wconf 87' lang='lat' dir='ltr'><strong>CAPUT</strong></span> <span class='ocrx_word' id='word_1_639' title='bbox 1369 4903 1514 4959; x_wconf 85' lang='lat' dir='ltr'>XXI.</span> 
     </span>
    </p>
   </div>
   <div class='ocr_carea' id='block_1_84' title="bbox 588 5007 2118 5087">
    <p class='ocr_par' dir='ltr' id='par_1_84' title="bbox 588 5007 2118 5087">
     <span class='ocr_line' id='line_1_84' title="bbox 588 5007 2118 5087; baseline 0.007 -26"><span class='ocrx_word' id='word_1_640' title='bbox 588 5007 656 5061; x_wconf 77' lang='lat' dir='ltr'>Et</span> <span class='ocrx_word' id='word_1_641' title='bbox 692 5008 809 5061; x_wconf 72' lang='lat' dir='ltr'>ridi</span> <span class='ocrx_word' id='word_1_642' title='bbox 837 5011 1029 5062; x_wconf 73' lang='lat' dir='ltr'>cazlum</span> <span class='ocrx_word' id='word_1_643' title='bbox 1061 5014 1324 5063; x_wconf 86' lang='lat' dir='ltr'>novumet</span> <span class='ocrx_word' id='word_1_644' title='bbox 1344 5015 1553 5065; x_wconf 85' lang='lat' dir='ltr'>terram</span> <span class='ocrx_word' id='word_1_645' title='bbox 1581 5029 1795 5067; x_wconf 84' lang='lat' dir='ltr'>novam.</span> <span class='ocrx_word' id='word_1_646' title='bbox 1818 5015 1883 5069; x_wconf 93' lang='lat' dir='ltr'>In</span> <span class='ocrx_word' id='word_1_647' title='bbox 1902 5018 2118 5087; x_wconf 71' lang='lat' dir='ltr'>praede-</span> 
     </span>
    </p>
   </div>
   <div class='ocr_carea' id='block_1_85' title="bbox 520 5091 2116 5176">
    <p class='ocr_par' dir='ltr' id='par_1_85' title="bbox 520 5091 2116 5176">
     <span class='ocr_line' id='line_1_85' title="bbox 520 5091 2116 5176; baseline 0.009 -30"><span class='ocrx_word' id='word_1_648' title='bbox 520 5091 820 5147; x_wconf 90' lang='lat' dir='ltr'>stinatione</span> <span class='ocrx_word' id='word_1_649' title='bbox 846 5094 947 5147; x_wconf 93' lang='lat' dir='ltr'>Dei</span> <span class='ocrx_word' id='word_1_650' title='bbox 973 5096 1372 5167; x_wconf 89' lang='lat' dir='ltr'>omnipotentis</span> <span class='ocrx_word' id='word_1_651' title='bbox 1404 5116 1525 5168; x_wconf 66' lang='lat' dir='ltr'>quae</span> <span class='ocrx_word' id='word_1_652' title='bbox 1571 5101 1765 5156; x_wconf 86' lang='lat' dir='ltr'>futura</span> <span class='ocrx_word' id='word_1_653' title='bbox 1816 5096 1949 5159; x_wconf 85' lang='lat' dir='ltr'>sunt</span> <span class='ocrx_word' id='word_1_654' title='bbox 1996 5108 2116 5176; x_wconf 88' lang='lat' dir='ltr'>jam</span> 
     </span>
    </p>
   </div>
   <div class='ocr_carea' id='block_1_86' title="bbox 520 5180 2108 5250">
    <p class='ocr_par' dir='ltr' id='par_1_86' title="bbox 520 5180 2108 5250">
     <span class='ocr_line' id='line_1_86' title="bbox 520 5180 2108 5250; baseline 0.009 -15"><span class='ocrx_word' id='word_1_655' title='bbox 520 5180 887 5247; x_wconf 86' lang='lat' dir='ltr'>transierunt,</span> <span class='ocrx_word' id='word_1_656' title='bbox 911 5184 1059 5237; x_wconf 90' lang='lat' dir='ltr'>unde</span> <span class='ocrx_word' id='word_1_657' title='bbox 1091 5186 1181 5238; x_wconf 88' lang='lat' dir='ltr'>hic</span> <span class='ocrx_word' id='word_1_658' title='bbox 1205 5185 1341 5239; x_wconf 91' lang='lat' dir='ltr'>dicit</span> <span class='ocrx_word' id='word_1_659' title='bbox 1365 5204 1424 5240; x_wconf 91' lang='lat' dir='ltr'>se</span> <span class='ocrx_word' id='word_1_660' title='bbox 1457 5188 1640 5243; x_wconf 91' lang='lat' dir='ltr'>videre</span> <span class='ocrx_word' id='word_1_661' title='bbox 1670 5192 1871 5245; x_wconf 81' lang='lat' dir='ltr'>coelum</span> <span class='ocrx_word' id='word_1_662' title='bbox 1903 5210 2108 5250; x_wconf 84' lang='lat' dir='ltr'>novum</span> 
     </span>
    </p>
   </div>
   <div class='ocr_carea' id='block_1_87' title="bbox 522 5273 2107 5343">
    <p class='ocr_par' dir='ltr' id='par_1_87' title="bbox 522 5273 2107 5343">
     <span class='ocr_line' id='line_1_87' title="bbox 522 5273 2107 5343; baseline 0.008 -18"><span class='ocrx_word' id='word_1_663' title='bbox 522 5276 578 5325; x_wconf 89' lang='lat' dir='ltr'>et</span> <span class='ocrx_word' id='word_1_664' title='bbox 596 5277 804 5324; x_wconf 90' lang='lat' dir='ltr'>terram</span> <span class='ocrx_word' id='word_1_665' title='bbox 820 5285 1041 5338; x_wconf 86' lang='lat' dir='ltr'>novam,</span> <span class='ocrx_word' id='word_1_666' title='bbox 1069 5279 1237 5343; x_wconf 89' lang='lat' dir='ltr'>atque</span> <span class='ocrx_word' id='word_1_667' title='bbox 1258 5273 1415 5329; x_wconf 89' lang='lat' dir='ltr'>addit</span> <span class='ocrx_word' id='word_1_668' title='bbox 1440 5293 1450 5327; x_wconf 94' lang='lat'>:</span> <span class='ocrx_word' id='word_1_669' title='bbox 1474 5279 1726 5332; x_wconf 81' lang='lat' dir='ltr'>Primum</span> <span class='ocrx_word' id='word_1_670' title='bbox 1748 5285 1897 5334; x_wconf 86' lang='lat' dir='ltr'>enim</span> <span class='ocrx_word' id='word_1_671' title='bbox 1915 5286 2107 5338; x_wconf 72' lang='lat' dir='ltr'>emtum</span> 
     </span>
    </p>
   </div>
   <div class='ocr_carea' id='block_1_88' title="bbox 522 5361 2108 5439">
    <p class='ocr_par' dir='ltr' id='par_1_88' title="bbox 522 5361 2108 5439">
     <span class='ocr_line' id='line_1_88' title="bbox 522 5361 2108 5439; baseline 0.008 -26"><span class='ocrx_word' id='word_1_672' title='bbox 522 5364 571 5413; x_wconf 84' lang='lat' dir='ltr'>et</span> <span class='ocrx_word' id='word_1_673' title='bbox 588 5361 780 5428; x_wconf 87' lang='lat' dir='ltr'>prima</span> <span class='ocrx_word' id='word_1_674' title='bbox 812 5364 961 5412; x_wconf 84' lang='lat' dir='ltr'>terra</span> <span class='ocrx_word' id='word_1_675' title='bbox 982 5361 1137 5413; x_wconf 77' lang='lat' dir='ltr'>abiit.</span> <span class='ocrx_word' id='word_1_676' title='bbox 1157 5361 1315 5425; x_wconf 90' lang='lat' dir='ltr'>Quod</span> <span class='ocrx_word' id='word_1_677' title='bbox 1343 5364 1582 5434; x_wconf 81' lang='lat' dir='ltr'>qualiter</span> <span class='ocrx_word' id='word_1_678' title='bbox 1612 5366 1685 5420; x_wconf 87' lang='lat' dir='ltr'>sit</span> <span class='ocrx_word' id='word_1_679' title='bbox 1719 5370 1799 5422; x_wconf 85' lang='lat' dir='ltr'>vel</span> <span class='ocrx_word' id='word_1_680' title='bbox 1820 5370 1985 5439; x_wconf 85' lang='lat' dir='ltr'>juxta</span> <span class='ocrx_word' id='word_1_681' title='bbox 2015 5373 2108 5426; x_wconf 88' lang='lat' dir='ltr'>lit-</span> 
     </span>
    </p>
   </div>
   <div class='ocr_carea' id='block_1_89' title="bbox 523 5446 2110 5549">
    <p class='ocr_par' dir='ltr' id='par_1_89' title="bbox 523 5446 2110 5549">
     <span class='ocr_line' id='line_1_89' title="bbox 523 5446 2110 5549; baseline 0.009 -46"><span class='ocrx_word' id='word_1_682' title='bbox 523 5454 721 5515; x_wconf 87' lang='lat' dir='ltr'>teram,</span> <span class='ocrx_word' id='word_1_683' title='bbox 749 5448 836 5502; x_wconf 90' lang='lat' dir='ltr'>vel</span> <span class='ocrx_word' id='word_1_684' title='bbox 873 5446 1041 5502; x_wconf 87' lang='lat' dir='ltr'>etiam</span> <span class='ocrx_word' id='word_1_685' title='bbox 1072 5450 1437 5521; x_wconf 89' lang='lat' dir='ltr'>spiritualiter</span> <span class='ocrx_word' id='word_1_686' title='bbox 1465 5455 1912 5549; x_wconf 83' lang='lat' dir='ltr'>intelligendum,</span> <span class='ocrx_word' id='word_1_687' title='bbox 1944 5477 2110 5533; x_wconf 88' lang='lat' dir='ltr'>supc-</span> 
     </span>
    </p>
   </div>
   <div class='ocr_carea' id='block_1_90' title="bbox 2196 3081 3786 3158">
    <p class='ocr_par' dir='ltr' id='par_1_90' title="bbox 2196 3081 3786 3158">
     <span class='ocr_line' id='line_1_90' title="bbox 2196 3081 3786 3158; baseline 0.005 -24"><span class='ocrx_word' id='word_1_688' title='bbox 2196 3081 2857 3136; x_wconf 87' lang='lat' dir='ltr'>sanctiﬁcatur.Vocatur</span> <span class='ocrx_word' id='word_1_689' title='bbox 2877 3099 3098 3153; x_wconf 92' lang='lat' dir='ltr'>quoque</span> <span class='ocrx_word' id='word_1_690' title='bbox 3130 3086 3633 3158; x_wconf 69' lang='lat' dir='ltr'>Hierusalem,qum</span> <span class='ocrx_word' id='word_1_691' title='bbox 3659 3093 3786 3142; x_wconf 78' lang='lat' dir='ltr'>visio</span> 
     </span>
    </p>
   </div>
   <div class='ocr_carea' id='block_1_91' title="bbox 2190 3170 3787 3240">
    <p class='ocr_par' dir='ltr' id='par_1_91' title="bbox 2190 3170 3787 3240">
     <span class='ocr_line' id='line_1_91' title="bbox 2190 3170 3787 3240; baseline 0.006 -18"><span class='ocrx_word' id='word_1_692' title='bbox 2190 3174 2349 3238; x_wconf 78' lang='lat' dir='ltr'>pacis</span> <span class='ocrx_word' id='word_1_693' title='bbox 2374 3170 2795 3240; x_wconf 83' lang='lat' dir='ltr'>interpretatur,</span> <span class='ocrx_word' id='word_1_694' title='bbox 2807 3170 2938 3240; x_wconf 83' lang='lat' dir='ltr'>quia</span> <span class='ocrx_word' id='word_1_695' title='bbox 2962 3172 3033 3224; x_wconf 87' lang='lat' dir='ltr'>ad</span> <span class='ocrx_word' id='word_1_696' title='bbox 3059 3172 3161 3225; x_wconf 90' lang='lat' dir='ltr'>hoc</span> <span class='ocrx_word' id='word_1_697' title='bbox 3186 3173 3422 3238; x_wconf 86' lang='lat' dir='ltr'>laborat,</span> <span class='ocrx_word' id='word_1_698' title='bbox 3445 3183 3511 3229; x_wconf 88' lang='lat' dir='ltr'>ut</span> <span class='ocrx_word' id='word_1_699' title='bbox 3530 3177 3787 3231; x_wconf 86' lang='lat' dir='ltr'>visionem</span> 
     </span>
    </p>
   </div>
   <div class='ocr_carea' id='block_1_92' title="bbox 2197 3257 3788 3335">
    <p class='ocr_par' dir='ltr' id='par_1_92' title="bbox 2197 3257 3788 3335">
     <span class='ocr_line' id='line_1_92' title="bbox 2197 3257 3788 3335; baseline 0.004 -23"><span class='ocrx_word' id='word_1_700' title='bbox 2197 3258 2296 3312; x_wconf 86' lang='lat' dir='ltr'>Dei</span> <span class='ocrx_word' id='word_1_701' title='bbox 2324 3258 2383 3310; x_wconf 88' lang='lat' dir='ltr'>in</span> <span class='ocrx_word' id='word_1_702' title='bbox 2441 3257 2761 3312; x_wconf 80' lang='lat' dir='ltr'>C(elestibus</span> <span class='ocrx_word' id='word_1_703' title='bbox 2811 3259 3103 3330; x_wconf 86' lang='lat' dir='ltr'>percipiat.</span> <span class='ocrx_word' id='word_1_704' title='bbox 3135 3261 3292 3315; x_wconf 91' lang='lat' dir='ltr'>Nova</span> <span class='ocrx_word' id='word_1_705' title='bbox 3344 3263 3572 3327; x_wconf 90' lang='lat' dir='ltr'>dicitur,</span> <span class='ocrx_word' id='word_1_706' title='bbox 3605 3267 3732 3335; x_wconf 90' lang='lat' dir='ltr'>quia</span> <span class='ocrx_word' id='word_1_707' title='bbox 3756 3282 3788 3318; x_wconf 81' lang='grc' dir='ltr'><strong>ει</strong></span> 
     </span>
    </p>
   </div>
   <div class='ocr_carea' id='block_1_93' title="bbox 2197 3346 3786 3423">
    <p class='ocr_par' dir='ltr' id='par_1_93' title="bbox 2197 3346 3786 3423">
     <span class='ocr_line' id='line_1_93' title="bbox 2197 3346 3786 3423; baseline 0.004 -25"><span class='ocrx_word' id='word_1_708' title='bbox 2197 3352 2472 3400; x_wconf 87' lang='lat' dir='ltr'>vetustate</span> <span class='ocrx_word' id='word_1_709' title='bbox 2493 3347 2707 3416; x_wconf 91' lang='lat' dir='ltr'>peccati</span> <span class='ocrx_word' id='word_1_710' title='bbox 2734 3346 2975 3400; x_wconf 84' lang='lat' dir='ltr'>exuitur.</span> <span class='ocrx_word' id='word_1_711' title='bbox 3008 3347 3233 3401; x_wconf 86' lang='lat' dir='ltr'>Peccati</span> <span class='ocrx_word' id='word_1_712' title='bbox 3262 3351 3412 3404; x_wconf 92' lang='lat' dir='ltr'>enim</span> <span class='ocrx_word' id='word_1_713' title='bbox 3452 3354 3786 3423; x_wconf 85' lang='lat' dir='ltr'>perpetratio</span> 
     </span>
    </p>
   </div>
   <div class='ocr_carea' id='block_1_94' title="bbox 2197 3432 3787 3503">
    <p class='ocr_par' dir='ltr' id='par_1_94' title="bbox 2197 3432 3787 3503">
     <span class='ocr_line' id='line_1_94' title="bbox 2197 3432 3787 3503; baseline 0.004 -18"><span class='ocrx_word' id='word_1_714' title='bbox 2197 3432 2267 3485; x_wconf 91' lang='lat' dir='ltr'>ad</span> <span class='ocrx_word' id='word_1_715' title='bbox 2292 3440 2536 3486; x_wconf 87' lang='lat' dir='ltr'>veterem</span> <span class='ocrx_word' id='word_1_716' title='bbox 2562 3434 2742 3487; x_wconf 85' lang='lat' dir='ltr'>Adam</span> <span class='ocrx_word' id='word_1_717' title='bbox 2778 3434 3040 3503; x_wconf 86' lang='lat' dir='ltr'>pertinet.</span> <span class='ocrx_word' id='word_1_718' title='bbox 3072 3436 3143 3489; x_wconf 92' lang='lat' dir='ltr'>Et</span> <span class='ocrx_word' id='word_1_719' title='bbox 3170 3435 3296 3490; x_wconf 87' lang='lat' dir='ltr'>ideo</span> <span class='ocrx_word' id='word_1_720' title='bbox 3319 3438 3454 3491; x_wconf 89' lang='lat' dir='ltr'>dum</span> <span class='ocrx_word' id='word_1_721' title='bbox 3481 3440 3722 3494; x_wconf 86' lang='lat' dir='ltr'>Ecclesia</span> <span class='ocrx_word' id='word_1_722' title='bbox 3754 3455 3787 3492; x_wconf 89' lang='lat' dir='ltr'>a</span> 
     </span>
    </p>
   </div>
   <div class='ocr_carea' id='block_1_95' title="bbox 2195 3521 3783 3593">
    <p class='ocr_par' dir='ltr' id='par_1_95' title="bbox 2195 3521 3783 3593">
     <span class='ocr_line' id='line_1_95' title="bbox 2195 3521 3783 3593; baseline 0.003 -19"><span class='ocrx_word' id='word_1_723' title='bbox 2195 3528 2424 3591; x_wconf 87' lang='lat' dir='ltr'>peccato</span> <span class='ocrx_word' id='word_1_724' title='bbox 2448 3521 2707 3591; x_wconf 80' lang='lat' dir='ltr'>originali</span> <span class='ocrx_word' id='word_1_725' title='bbox 2737 3522 3064 3587; x_wconf 88' lang='lat' dir='ltr'>mundatur,</span> <span class='ocrx_word' id='word_1_726' title='bbox 3097 3539 3131 3575; x_wconf 89' lang='lat' dir='ltr'>a</span> <span class='ocrx_word' id='word_1_727' title='bbox 3162 3529 3438 3577; x_wconf 83' lang='lat' dir='ltr'>vetustate</span> <span class='ocrx_word' id='word_1_728' title='bbox 3483 3527 3692 3593; x_wconf 86' lang='lat' dir='ltr'>peccati</span> <span class='ocrx_word' id='word_1_729' title='bbox 3717 3526 3783 3579; x_wconf 88' lang='lat' dir='ltr'>ad</span> 
     </span>
    </p>
   </div>
   <div class='ocr_carea' id='block_1_96' title="bbox 2197 3609 3785 3684">
    <p class='ocr_par' dir='ltr' id='par_1_96' title="bbox 2197 3609 3785 3684">
     <span class='ocr_line' id='line_1_96' title="bbox 2197 3609 3785 3684; baseline 0.004 -23"><span class='ocrx_word' id='word_1_730' title='bbox 2197 3609 2502 3662; x_wconf 79' lang='lat' dir='ltr'>novitatem</span> <span class='ocrx_word' id='word_1_731' title='bbox 2531 3609 2709 3665; x_wconf 90' lang='lat' dir='ltr'>venit.</span> <span class='ocrx_word' id='word_1_732' title='bbox 2742 3609 2899 3663; x_wconf 88' lang='lat' dir='ltr'>Unde</span> <span class='ocrx_word' id='word_1_733' title='bbox 2920 3611 3219 3680; x_wconf 83' lang='lat' dir='ltr'>Apostolus</span> <span class='ocrx_word' id='word_1_734' title='bbox 3248 3630 3260 3664; x_wconf 89' lang='lat'>:</span> <span class='ocrx_word' id='word_1_735' title='bbox 3288 3613 3669 3684; x_wconf 84' lang='lat' dir='ltr'>Exspoliantes</span> <span class='ocrx_word' id='word_1_736' title='bbox 3695 3631 3785 3668; x_wconf 84' lang='lat' dir='ltr'>vos</span> 
     </span>
    </p>
   </div>
   <div class='ocr_carea' id='block_1_97' title="bbox 2196 3697 3785 3770">
    <p class='ocr_par' dir='ltr' id='par_1_97' title="bbox 2196 3697 3785 3770">
     <span class='ocr_line' id='line_1_97' title="bbox 2196 3697 3785 3770; baseline 0.005 -21"><span class='ocrx_word' id='word_1_737' title='bbox 2196 3702 2440 3750; x_wconf 85' lang='lat' dir='ltr'>veterem</span> <span class='ocrx_word' id='word_1_738' title='bbox 2471 3697 2776 3762; x_wconf 89' lang='lat' dir='ltr'>hominem,</span> <span class='ocrx_word' id='word_1_739' title='bbox 2803 3697 3023 3753; x_wconf 89' lang='lat' dir='ltr'>induite</span> <span class='ocrx_word' id='word_1_740' title='bbox 3056 3702 3383 3770; x_wconf 88' lang='lat' dir='ltr'>novum,qui</span> <span class='ocrx_word' id='word_1_741' title='bbox 3414 3710 3711 3758; x_wconf 83' lang='lat' dir='ltr'>renovatur</span> <span class='ocrx_word' id='word_1_742' title='bbox 3730 3703 3785 3757; x_wconf 88' lang='lat' dir='ltr'>in</span> 
     </span>
    </p>
   </div>
   <div class='ocr_carea' id='block_1_98' title="bbox 2197 3785 3785 3855">
    <p class='ocr_par' dir='ltr' id='par_1_98' title="bbox 2197 3785 3785 3855">
     <span class='ocr_line' id='line_1_98' title="bbox 2197 3785 3785 3855; baseline 0.005 -17"><span class='ocrx_word' id='word_1_743' title='bbox 2197 3785 2483 3855; x_wconf 88' lang='lat' dir='ltr'>agnitione</span> <span class='ocrx_word' id='word_1_744' title='bbox 2511 3786 2612 3839; x_wconf 91' lang='lat' dir='ltr'>Dei</span> <span class='ocrx_word' id='word_1_745' title='bbox 2665 3788 2796 3853; x_wconf 81' lang='lat' dir='ltr'>(Col.</span> <span class='ocrx_word' id='word_1_746' title='bbox 2840 3791 2943 3852; x_wconf 82' lang='lat' dir='ltr'>in).</span> <span class='ocrx_word' id='word_1_747' title='bbox 2974 3787 3188 3842; x_wconf 90' lang='lat' dir='ltr'>Idcirco</span> <span class='ocrx_word' id='word_1_748' title='bbox 3234 3797 3426 3845; x_wconf 84' lang='lat' dir='ltr'>autem</span> <span class='ocrx_word' id='word_1_749' title='bbox 3451 3792 3643 3846; x_wconf 87' lang='lat' dir='ltr'>civitas</span> <span class='ocrx_word' id='word_1_750' title='bbox 3678 3794 3785 3846; x_wconf 68' lang='lat' dir='ltr'>haec</span> 
     </span>
    </p>
   </div>
   <div class='ocr_carea' id='block_1_99' title="bbox 2196 3874 3788 3949">
    <p class='ocr_par' dir='ltr' id='par_1_99' title="bbox 2196 3874 3788 3949">
     <span class='ocr_line' id='line_1_99' title="bbox 2196 3874 3788 3949; baseline 0.005 -23"><span class='ocrx_word' id='word_1_751' title='bbox 2196 3890 2230 3926; x_wconf 91' lang='lat' dir='ltr'>a</span> <span class='ocrx_word' id='word_1_752' title='bbox 2274 3874 2388 3926; x_wconf 90' lang='lat' dir='ltr'>Deo</span> <span class='ocrx_word' id='word_1_753' title='bbox 2419 3874 2756 3927; x_wconf 90' lang='lat' dir='ltr'>descendere</span> <span class='ocrx_word' id='word_1_754' title='bbox 2785 3874 3008 3939; x_wconf 90' lang='lat' dir='ltr'>dicitur,</span> <span class='ocrx_word' id='word_1_755' title='bbox 3040 3877 3173 3945; x_wconf 87' lang='lat' dir='ltr'>quia</span> <span class='ocrx_word' id='word_1_756' title='bbox 3199 3876 3268 3930; x_wconf 87' lang='lat' dir='ltr'>ab</span> <span class='ocrx_word' id='word_1_757' title='bbox 3297 3879 3523 3933; x_wconf 81' lang='lat' dir='ltr'>exordio</span> <span class='ocrx_word' id='word_1_758' title='bbox 3569 3881 3654 3934; x_wconf 92' lang='lat' dir='ltr'>sui</span> <span class='ocrx_word' id='word_1_759' title='bbox 3674 3881 3788 3949; x_wconf 85' lang='lat' dir='ltr'>jam</span> 
     </span>
    </p>
   </div>
   <div class='ocr_carea' id='block_1_100' title="bbox 2196 3956 3789 4038">
    <p class='ocr_par' dir='ltr' id='par_1_100' title="bbox 2196 3956 3789 4038">
     <span class='ocr_line' id='line_1_100' title="bbox 2196 3956 3789 4038; baseline 0.005 -24"><span class='ocrx_word' id='word_1_760' title='bbox 2196 3977 2322 4014; x_wconf 90' lang='lat' dir='ltr'>cum</span> <span class='ocrx_word' id='word_1_761' title='bbox 2378 3964 2560 4030; x_wconf 87' lang='lat' dir='ltr'>capite</span> <span class='ocrx_word' id='word_1_762' title='bbox 2591 3979 2694 4015; x_wconf 90' lang='lat' dir='ltr'>suo</span> <span class='ocrx_word' id='word_1_763' title='bbox 2726 3956 3029 4023; x_wconf 72' lang='lat' dir='ltr'>desCendit,</span> <span class='ocrx_word' id='word_1_764' title='bbox 3067 3982 3194 4018; x_wconf 90' lang='lat' dir='ltr'>cum</span> <span class='ocrx_word' id='word_1_765' title='bbox 3226 3983 3354 4036; x_wconf 90' lang='lat' dir='ltr'>quo,</span> <span class='ocrx_word' id='word_1_766' title='bbox 3391 3974 3447 4021; x_wconf 90' lang='lat' dir='ltr'>et</span> <span class='ocrx_word' id='word_1_767' title='bbox 3500 3985 3601 4038; x_wconf 89' lang='lat' dir='ltr'>per</span> <span class='ocrx_word' id='word_1_768' title='bbox 3647 3967 3789 4038; x_wconf 88' lang='lat' dir='ltr'>quod</span> 
     </span>
    </p>
   </div>
   <div class='ocr_carea' id='block_1_101' title="bbox 2194 4050 3787 4115">
    <p class='ocr_par' dir='ltr' id='par_1_101' title="bbox 2194 4050 3787 4115">
     <span class='ocr_line' id='line_1_101' title="bbox 2194 4050 3787 4115; baseline 0.005 -13"><span class='ocrx_word' id='word_1_769' title='bbox 2194 4066 2416 4103; x_wconf 89' lang='lat' dir='ltr'>sursum</span> <span class='ocrx_word' id='word_1_770' title='bbox 2449 4050 2717 4115; x_wconf 90' lang='lat' dir='ltr'>ascendit,</span> <span class='ocrx_word' id='word_1_771' title='bbox 2750 4051 2898 4104; x_wconf 87' lang='lat' dir='ltr'>unde</span> <span class='ocrx_word' id='word_1_772' title='bbox 2927 4052 3076 4105; x_wconf 91' lang='lat' dir='ltr'>idem</span> <span class='ocrx_word' id='word_1_773' title='bbox 3116 4054 3386 4108; x_wconf 88' lang='lat' dir='ltr'>Dominus</span> <span class='ocrx_word' id='word_1_774' title='bbox 3416 4055 3593 4110; x_wconf 88' lang='lat' dir='ltr'>dicit:</span> <span class='ocrx_word' id='word_1_775' title='bbox 3627 4058 3787 4111; x_wconf 62' lang='lat' dir='ltr'>Nemo</span> 
     </span>
    </p>
   </div>
   <div class='ocr_carea' id='block_1_102' title="bbox 2195 4139 3788 4199">
    <p class='ocr_par' dir='ltr' id='par_1_102' title="bbox 2195 4139 3788 4199">
     <span class='ocr_line' id='line_1_102' title="bbox 2195 4139 3788 4199; baseline 0.006 -10"><span class='ocrx_word' id='word_1_776' title='bbox 2195 4139 2439 4195; x_wconf 82' lang='lat' dir='ltr'>ascendit</span> <span class='ocrx_word' id='word_1_777' title='bbox 2470 4141 2531 4190; x_wconf 87' lang='lat' dir='ltr'>in</span> <span class='ocrx_word' id='word_1_778' title='bbox 2563 4141 2774 4199; x_wconf 63' lang='lat' dir='ltr'>coitum,</span> <span class='ocrx_word' id='word_1_779' title='bbox 2807 4144 2911 4192; x_wconf 86' lang='lat' dir='ltr'>etc.</span> <span class='ocrx_word' id='word_1_780' title='bbox 2940 4140 3121 4193; x_wconf 85' lang='lat' dir='ltr'>Aliter</span> <span class='ocrx_word' id='word_1_781' title='bbox 3158 4165 3170 4199; x_wconf 87' lang='lat'>:</span> <span class='ocrx_word' id='word_1_782' title='bbox 3210 4140 3277 4195; x_wconf 92' lang='lat' dir='ltr'>In</span> <span class='ocrx_word' id='word_1_783' title='bbox 3307 4143 3412 4197; x_wconf 90' lang='lat' dir='ltr'>hoc</span> <span class='ocrx_word' id='word_1_784' title='bbox 3436 4143 3505 4196; x_wconf 92' lang='lat' dir='ltr'>de</span> <span class='ocrx_word' id='word_1_785' title='bbox 3535 4144 3671 4197; x_wconf 70' lang='lat' dir='ltr'>omlo</span> <span class='ocrx_word' id='word_1_786' title='bbox 3693 4145 3788 4197; x_wconf 88' lang='lat' dir='ltr'>de-</span> 
     </span>
    </p>
   </div>
   <div class='ocr_carea' id='block_1_103' title="bbox 2199 4224 3790 4303">
    <p class='ocr_par' dir='ltr' id='par_1_103' title="bbox 2199 4224 3790 4303">
     <span class='ocr_line' id='line_1_103' title="bbox 2199 4224 3790 4303; baseline 0.006 -26"><span class='ocrx_word' id='word_1_787' title='bbox 2199 4226 2465 4278; x_wconf 89' lang='lat' dir='ltr'>scendere</span> <span class='ocrx_word' id='word_1_788' title='bbox 2493 4224 2715 4289; x_wconf 88' lang='lat' dir='ltr'>dicitur,</span> <span class='ocrx_word' id='word_1_789' title='bbox 2733 4226 2865 4297; x_wconf 90' lang='lat' dir='ltr'>quia</span> <span class='ocrx_word' id='word_1_790' title='bbox 2883 4229 3124 4282; x_wconf 67' lang='lat' dir='ltr'>caelestis</span> <span class='ocrx_word' id='word_1_791' title='bbox 3145 4237 3230 4283; x_wconf 90' lang='lat' dir='ltr'>est</span> <span class='ocrx_word' id='word_1_792' title='bbox 3247 4232 3455 4301; x_wconf 87' lang='lat' dir='ltr'>gratia,</span> <span class='ocrx_word' id='word_1_793' title='bbox 3477 4232 3625 4303; x_wconf 91' lang='lat' dir='ltr'>quod</span> <span class='ocrx_word' id='word_1_794' title='bbox 3642 4233 3790 4286; x_wconf 89' lang='lat' dir='ltr'>Deus</span> 
     </span>
    </p>
   </div>
   <div class='ocr_carea' id='block_1_104' title="bbox 2199 4314 3793 4389">
    <p class='ocr_par' dir='ltr' id='par_1_104' title="bbox 2199 4314 3793 4389">
     <span class='ocr_line' id='line_1_104' title="bbox 2199 4314 3793 4389; baseline 0.005 -22"><span class='ocrx_word' id='word_1_795' title='bbox 2199 4331 2323 4367; x_wconf 89' lang='lat' dir='ltr'>eam</span> <span class='ocrx_word' id='word_1_796' title='bbox 2350 4314 2482 4369; x_wconf 88' lang='lat' dir='ltr'>fecit</span> <span class='ocrx_word' id='word_1_797' title='bbox 2512 4315 2831 4379; x_wconf 77' lang='lat' dir='ltr'>Ecclesium,</span> <span class='ocrx_word' id='word_1_798' title='bbox 2865 4318 3025 4386; x_wconf 82' lang='lat' dir='ltr'>juxta</span> <span class='ocrx_word' id='word_1_799' title='bbox 3054 4317 3191 4372; x_wconf 91' lang='lat' dir='ltr'>illud</span> <span class='ocrx_word' id='word_1_800' title='bbox 3220 4333 3232 4368; x_wconf 89' lang='lat'>:</span> <span class='ocrx_word' id='word_1_801' title='bbox 3268 4320 3383 4389; x_wconf 87' lang='lat' dir='ltr'>Ego</span> <span class='ocrx_word' id='word_1_802' title='bbox 3414 4321 3683 4374; x_wconf 89' lang='lat' dir='ltr'>Dominus</span> <span class='ocrx_word' id='word_1_803' title='bbox 3709 4322 3793 4374; x_wconf 85' lang='lat' dir='ltr'>fa-</span> 
     </span>
    </p>
   </div>
   <div class='ocr_carea' id='block_1_105' title="bbox 2197 4403 3791 4479">
    <p class='ocr_par' dir='ltr' id='par_1_105' title="bbox 2197 4403 3791 4479">
     <span class='ocr_line' id='line_1_105' title="bbox 2197 4403 3791 4479; baseline 0.006 -24"><span class='ocrx_word' id='word_1_804' title='bbox 2197 4403 2350 4456; x_wconf 90' lang='lat' dir='ltr'>ciens</span> <span class='ocrx_word' id='word_1_805' title='bbox 2380 4410 2454 4456; x_wconf 90' lang='lat' dir='ltr'>te.</span> <span class='ocrx_word' id='word_1_806' title='bbox 2488 4403 2771 4474; x_wconf 90' lang='lat' dir='ltr'>Quidquid</span> <span class='ocrx_word' id='word_1_807' title='bbox 2804 4405 2956 4458; x_wconf 87' lang='lat' dir='ltr'>enim</span> <span class='ocrx_word' id='word_1_808' title='bbox 2992 4406 3159 4460; x_wconf 90' lang='lat' dir='ltr'>habet</span> <span class='ocrx_word' id='word_1_809' title='bbox 3179 4407 3237 4460; x_wconf 91' lang='lat' dir='ltr'>in</span> <span class='ocrx_word' id='word_1_810' title='bbox 3267 4408 3396 4472; x_wconf 88' lang='lat' dir='ltr'>ﬁde,</span> <span class='ocrx_word' id='word_1_811' title='bbox 3431 4426 3549 4479; x_wconf 85' lang='lat' dir='ltr'>spe,</span> <span class='ocrx_word' id='word_1_812' title='bbox 3581 4416 3639 4463; x_wconf 88' lang='lat' dir='ltr'>et</span> <span class='ocrx_word' id='word_1_813' title='bbox 3660 4411 3791 4464; x_wconf 85' lang='lat' dir='ltr'>cha-</span> 
     </span>
    </p>
   </div>
   <div class='ocr_carea' id='block_1_106' title="bbox 2196 4491 3793 4569">
    <p class='ocr_par' dir='ltr' id='par_1_106' title="bbox 2196 4491 3793 4569">
     <span class='ocr_line' id='line_1_106' title="bbox 2196 4491 3793 4569; baseline 0.006 -26"><span class='ocrx_word' id='word_1_814' title='bbox 2196 4491 2716 4562; x_wconf 72' lang='lat' dir='ltr'>ritate,caaterisque</span> <span class='ocrx_word' id='word_1_815' title='bbox 2740 4492 3036 4548; x_wconf 80' lang='lat' dir='ltr'>virtutibus</span> <span class='ocrx_word' id='word_1_816' title='bbox 3058 4501 3115 4548; x_wconf 86' lang='lat' dir='ltr'>et</span> <span class='ocrx_word' id='word_1_817' title='bbox 3137 4494 3677 4569; x_wconf 84' lang='lat' dir='ltr'>baptismo,desuper</span> <span class='ocrx_word' id='word_1_818' title='bbox 3697 4499 3793 4553; x_wconf 87' lang='lat' dir='ltr'>da-</span> 
     </span>
    </p>
   </div>
   <div class='ocr_carea' id='block_1_107' title="bbox 2194 4580 3789 4654">
    <p class='ocr_par' dir='ltr' id='par_1_107' title="bbox 2194 4580 3789 4654">
     <span class='ocr_line' id='line_1_107' title="bbox 2194 4580 3789 4654; baseline 0.005 -22"><span class='ocrx_word' id='word_1_819' title='bbox 2194 4584 2316 4633; x_wconf 90' lang='lat' dir='ltr'>tum</span> <span class='ocrx_word' id='word_1_820' title='bbox 2347 4586 2432 4633; x_wconf 89' lang='lat' dir='ltr'>est</span> <span class='ocrx_word' id='word_1_821' title='bbox 2458 4580 2554 4633; x_wconf 91' lang='lat' dir='ltr'>illi.</span> <span class='ocrx_word' id='word_1_822' title='bbox 2589 4581 2747 4634; x_wconf 90' lang='lat' dir='ltr'>Unde</span> <span class='ocrx_word' id='word_1_823' title='bbox 2776 4582 3016 4636; x_wconf 89' lang='lat' dir='ltr'>Jacobus</span> <span class='ocrx_word' id='word_1_824' title='bbox 3049 4603 3060 4636; x_wconf 91' lang='lat'>:</span> <span class='ocrx_word' id='word_1_825' title='bbox 3089 4584 3258 4638; x_wconf 87' lang='lat' dir='ltr'>Omne</span> <span class='ocrx_word' id='word_1_826' title='bbox 3276 4586 3472 4638; x_wconf 83' lang='lat' dir='ltr'>datum</span> <span class='ocrx_word' id='word_1_827' title='bbox 3498 4590 3789 4654; x_wconf 84' lang='lat' dir='ltr'>optimum,</span> 
     </span>
    </p>
   </div>
   <div class='ocr_carea' id='block_1_108' title="bbox 2194 4672 3796 4739">
    <p class='ocr_par' dir='ltr' id='par_1_108' title="bbox 2194 4672 3796 4739">
     <span class='ocr_line' id='line_1_108' title="bbox 2194 4672 3796 4739; baseline 0.006 -17"><span class='ocrx_word' id='word_1_828' title='bbox 2194 4674 2243 4722; x_wconf 88' lang='lat' dir='ltr'>et</span> <span class='ocrx_word' id='word_1_829' title='bbox 2265 4686 2423 4723; x_wconf 85' lang='lat' dir='ltr'>omne</span> <span class='ocrx_word' id='word_1_830' title='bbox 2458 4672 2667 4723; x_wconf 84' lang='lat' dir='ltr'>donum</span> <span class='ocrx_word' id='word_1_831' title='bbox 2691 4673 2993 4738; x_wconf 80' lang='lat' dir='ltr'>perfectum</span> <span class='ocrx_word' id='word_1_832' title='bbox 3029 4674 3317 4727; x_wconf 84' lang='lat' dir='ltr'>desursum</span> <span class='ocrx_word' id='word_1_833' title='bbox 3349 4679 3443 4739; x_wconf 84' lang='lat' dir='ltr'>cst,</span> <span class='ocrx_word' id='word_1_834' title='bbox 3476 4677 3796 4732; x_wconf 76' lang='lat' dir='ltr'>descendens</span> 
     </span>
    </p>
   </div>
   <div class='ocr_carea' id='block_1_109' title="bbox 2197 4760 3796 4829">
    <p class='ocr_par' dir='ltr' id='par_1_109' title="bbox 2197 4760 3796 4829">
     <span class='ocr_line' id='line_1_109' title="bbox 2197 4760 3796 4829; baseline 0.006 -19"><span class='ocrx_word' id='word_1_835' title='bbox 2197 4760 2412 4811; x_wconf 86' lang='lat' dir='ltr'>aPatre</span> <span class='ocrx_word' id='word_1_836' title='bbox 2433 4760 2719 4811; x_wconf 85' lang='lat' dir='ltr'>luminum</span> <span class='ocrx_word' id='word_1_837' title='bbox 2753 4760 2894 4829; x_wconf 87' lang='lat' dir='ltr'>(Jac.</span> <span class='ocrx_word' id='word_1_838' title='bbox 2933 4764 2994 4827; x_wconf 88' lang='lat'>1).</span> <span class='ocrx_word' id='word_1_839' title='bbox 3028 4760 3312 4828; x_wconf 74' lang='lat' dir='ltr'>Paratum,</span> <span class='ocrx_word' id='word_1_840' title='bbox 3348 4763 3404 4816; x_wconf 90' lang='lat' dir='ltr'>id</span> <span class='ocrx_word' id='word_1_841' title='bbox 3437 4770 3523 4817; x_wconf 88' lang='lat' dir='ltr'>est</span> <span class='ocrx_word' id='word_1_842' title='bbox 3542 4766 3654 4819; x_wconf 87' lang='lat' dir='ltr'>ﬁde</span> <span class='ocrx_word' id='word_1_843' title='bbox 3681 4783 3796 4820; x_wconf 82' lang='lat' dir='ltr'>cce-</span> 
     </span>
    </p>
   </div>
   <div class='ocr_carea' id='block_1_110' title="bbox 2198 4845 3799 4916">
    <p class='ocr_par' dir='ltr' id='par_1_110' title="bbox 2198 4845 3799 4916">
     <span class='ocr_line' id='line_1_110' title="bbox 2198 4845 3799 4916; baseline 0.007 -18"><span class='ocrx_word' id='word_1_844' title='bbox 2198 4845 2445 4915; x_wconf 86' lang='lat' dir='ltr'>terisque</span> <span class='ocrx_word' id='word_1_845' title='bbox 2506 4846 2806 4900; x_wconf 89' lang='lat' dir='ltr'>virtutibus</span> <span class='ocrx_word' id='word_1_846' title='bbox 2865 4855 3146 4916; x_wconf 88' lang='lat' dir='ltr'>ornatam,</span> <span class='ocrx_word' id='word_1_847' title='bbox 3193 4857 3259 4904; x_wconf 90' lang='lat' dir='ltr'>ut</span> <span class='ocrx_word' id='word_1_848' title='bbox 3308 4859 3621 4906; x_wconf 87' lang='lat' dir='ltr'>mereretur</span> <span class='ocrx_word' id='word_1_849' title='bbox 3677 4856 3799 4910; x_wconf 90' lang='lat' dir='ltr'>ﬁeri</span> 
     </span>
    </p>
   </div>
   <div class='ocr_carea' id='block_1_111' title="bbox 2201 4934 3797 5009">
    <p class='ocr_par' dir='ltr' id='par_1_111' title="bbox 2201 4934 3797 5009">
     <span class='ocr_line' id='line_1_111' title="bbox 2201 4934 3797 5009; baseline 0.006 -22"><span class='ocrx_word' id='word_1_850' title='bbox 2201 4949 2424 5003; x_wconf 86' lang='lat' dir='ltr'>sponsa.</span> <span class='ocrx_word' id='word_1_851' title='bbox 2456 4934 2611 4989; x_wconf 81' lang='lat' dir='ltr'>Sicut</span> <span class='ocrx_word' id='word_1_852' title='bbox 2637 4951 2887 5003; x_wconf 86' lang='lat' dir='ltr'>sponsam</span> <span class='ocrx_word' id='word_1_853' title='bbox 2919 4934 3179 4991; x_wconf 61' lang='lat' dir='ltr'>ornatam</span> <span class='ocrx_word' id='word_1_854' title='bbox 3199 4942 3318 4993; x_wconf 84' lang='lat' dir='ltr'>viro</span> <span class='ocrx_word' id='word_1_855' title='bbox 3343 4957 3460 4994; x_wconf 84' lang='lat' dir='ltr'>suo.</span> <span class='ocrx_word' id='word_1_856' title='bbox 3491 4942 3614 4996; x_wconf 92' lang='lat' dir='ltr'>Duo</span> <span class='ocrx_word' id='word_1_857' title='bbox 3643 4943 3797 5009; x_wconf 85' lang='lat' dir='ltr'>dicit,</span> 
     </span>
    </p>
   </div>
   <div class='ocr_carea' id='block_1_112' title="bbox 2202 5023 3800 5101">
    <p class='ocr_par' dir='ltr' id='par_1_112' title="bbox 2202 5023 3800 5101">
     <span class='ocr_line' id='line_1_112' title="bbox 2202 5023 3800 5101; baseline 0.008 -27"><span class='ocrx_word' id='word_1_858' title='bbox 2202 5038 2462 5091; x_wconf 90' lang='lat' dir='ltr'>sponsam</span> <span class='ocrx_word' id='word_1_859' title='bbox 2488 5029 2545 5076; x_wconf 90' lang='lat' dir='ltr'>et</span> <span class='ocrx_word' id='word_1_860' title='bbox 2568 5023 2766 5088; x_wconf 87' lang='lat' dir='ltr'>virum,</span> <span class='ocrx_word' id='word_1_861' title='bbox 2800 5024 2857 5078; x_wconf 92' lang='lat' dir='ltr'>in</span> <span class='ocrx_word' id='word_1_862' title='bbox 2889 5043 2998 5095; x_wconf 91' lang='lat' dir='ltr'>quo</span> <span class='ocrx_word' id='word_1_863' title='bbox 3029 5026 3474 5097; x_wconf 85' lang='lat' dir='ltr'>subintelligitur</span> <span class='ocrx_word' id='word_1_864' title='bbox 3500 5033 3800 5101; x_wconf 85' lang='lat' dir='ltr'>uxor,quia</span> 
     </span>
    </p>
   </div>
   <div class='ocr_carea' id='block_1_113' title="bbox 2202 5111 3805 5189">
    <p class='ocr_par' dir='ltr' id='par_1_113' title="bbox 2202 5111 3805 5189">
     <span class='ocr_line' id='line_1_113' title="bbox 2202 5111 3805 5189; baseline 0.007 -26"><span class='ocrx_word' id='word_1_865' title='bbox 2202 5111 2548 5164; x_wconf 89' lang='lat' dir='ltr'>consuetudo</span> <span class='ocrx_word' id='word_1_866' title='bbox 2565 5117 2650 5164; x_wconf 88' lang='lat' dir='ltr'>est</span> <span class='ocrx_word' id='word_1_867' title='bbox 2668 5121 2873 5167; x_wconf 66' lang='lat' dir='ltr'>sancta:</span> <span class='ocrx_word' id='word_1_868' title='bbox 2893 5115 3284 5185; x_wconf 73' lang='lat' dir='ltr'>Scripturze,ut</span> <span class='ocrx_word' id='word_1_869' title='bbox 3300 5134 3532 5186; x_wconf 87' lang='lat' dir='ltr'>sponsos</span> <span class='ocrx_word' id='word_1_870' title='bbox 3555 5121 3805 5189; x_wconf 86' lang='lat' dir='ltr'>appellet</span> 
     </span>
    </p>
   </div>
   <div class='ocr_carea' id='block_1_114' title="bbox 2190 5199 3802 5277">
    <p class='ocr_par' dir='ltr' id='par_1_114' title="bbox 2190 5199 3802 5277">
     <span class='ocr_line' id='line_1_114' title="bbox 2190 5199 3802 5277; baseline 0.007 -26"><span class='ocrx_word' id='word_1_871' title='bbox 2190 5199 2357 5265; x_wconf 88' lang='lat' dir='ltr'>viros,</span> <span class='ocrx_word' id='word_1_872' title='bbox 2373 5205 2429 5251; x_wconf 89' lang='lat' dir='ltr'>et</span> <span class='ocrx_word' id='word_1_873' title='bbox 2456 5216 2687 5270; x_wconf 87' lang='lat' dir='ltr'>sponsas</span> <span class='ocrx_word' id='word_1_874' title='bbox 2712 5218 2912 5255; x_wconf 84' lang='lat' dir='ltr'>uxores</span> <span class='ocrx_word' id='word_1_875' title='bbox 2939 5204 3116 5257; x_wconf 86' lang='lat' dir='ltr'>:unde</span> <span class='ocrx_word' id='word_1_876' title='bbox 3138 5214 3223 5257; x_wconf 89' lang='lat' dir='ltr'>est</span> <span class='ocrx_word' id='word_1_877' title='bbox 3250 5223 3262 5255; x_wconf 92' lang='lat'>:</span> <span class='ocrx_word' id='word_1_878' title='bbox 3284 5206 3802 5277; x_wconf 77' lang='lat' dir='ltr'>Egrediaturspon-</span> 
     </span>
    </p>
   </div>
   <div class='ocr_carea' id='block_1_115' title="bbox 2190 5288 3810 5367">
    <p class='ocr_par' dir='ltr' id='par_1_115' title="bbox 2190 5288 3810 5367">
     <span class='ocr_line' id='line_1_115' title="bbox 2190 5288 3810 5367; baseline 0.006 -26"><span class='ocrx_word' id='word_1_879' title='bbox 2190 5305 2281 5341; x_wconf 88' lang='lat' dir='ltr'>sus</span> <span class='ocrx_word' id='word_1_880' title='bbox 2307 5288 2369 5340; x_wconf 82' lang='lat' dir='ltr'>de</span> <span class='ocrx_word' id='word_1_881' title='bbox 2386 5290 2559 5342; x_wconf 85' lang='lat' dir='ltr'>cubiti</span> <span class='ocrx_word' id='word_1_882' title='bbox 2582 5305 2700 5354; x_wconf 87' lang='lat' dir='ltr'>suo,</span> <span class='ocrx_word' id='word_1_883' title='bbox 2728 5296 2775 5343; x_wconf 87' lang='lat' dir='ltr'>et</span> <span class='ocrx_word' id='word_1_884' title='bbox 2797 5307 2993 5358; x_wconf 84' lang='lat' dir='ltr'>sponsa</span> <span class='ocrx_word' id='word_1_885' title='bbox 3012 5293 3075 5345; x_wconf 83' lang='lat' dir='ltr'>de</span> <span class='ocrx_word' id='word_1_886' title='bbox 3099 5293 3453 5347; x_wconf 84' lang='lat' dir='ltr'>thatamosuo</span> <span class='ocrx_word' id='word_1_887' title='bbox 3468 5297 3604 5365; x_wconf 86' lang='lat' dir='ltr'>(Joel</span> <span class='ocrx_word' id='word_1_888' title='bbox 3624 5311 3666 5350; x_wconf 82' lang='grc' dir='ltr'>ιι</span> <span class='ocrx_word' id='word_1_889' title='bbox 3676 5312 3712 5363; x_wconf 87' lang='grc'>),</span> <span class='ocrx_word' id='word_1_890' title='bbox 3747 5316 3810 5367; x_wconf 58' lang='lat' dir='ltr'>et</span> 
     </span>
    </p>
   </div>
   <div class='ocr_carea' id='block_1_116' title="bbox 2193 5377 3807 5449">
    <p class='ocr_par' dir='ltr' id='par_1_116' title="bbox 2193 5377 3807 5449">
     <span class='ocr_line' id='line_1_116' title="bbox 2193 5377 3807 5449; baseline 0.007 -20"><span class='ocrx_word' id='word_1_891' title='bbox 2193 5377 2442 5447; x_wconf 88' lang='lat' dir='ltr'>Sephora</span> <span class='ocrx_word' id='word_1_892' title='bbox 2464 5377 2535 5430; x_wconf 91' lang='lat' dir='ltr'>ad</span> <span class='ocrx_word' id='word_1_893' title='bbox 2567 5379 2796 5449; x_wconf 74' lang='lat' dir='ltr'>Moysen</span> <span class='ocrx_word' id='word_1_894' title='bbox 2833 5397 2844 5431; x_wconf 88' lang='lat'><strong>:</strong></span> <span class='ocrx_word' id='word_1_895' title='bbox 2881 5381 3124 5448; x_wconf 82' lang='lat' dir='ltr'>Sponsus</span> <span class='ocrx_word' id='word_1_896' title='bbox 3152 5385 3497 5449; x_wconf 84' lang='lat' dir='ltr'>sanguinum</span> <span class='ocrx_word' id='word_1_897' title='bbox 3542 5390 3604 5437; x_wconf 83' lang='lat' dir='ltr'>tu</span> <span class='ocrx_word' id='word_1_898' title='bbox 3654 5389 3807 5440; x_wconf 80' lang='lat' dir='ltr'>mihi</span> 
     </span>
    </p>
   </div>
   <div class='ocr_carea' id='block_1_117' title="bbox 2192 5465 3806 5541">
    <p class='ocr_par' dir='ltr' id='par_1_117' title="bbox 2192 5465 3806 5541">
     <span class='ocr_line' id='line_1_117' title="bbox 2192 5465 3806 5541; baseline 0.007 -23"><span class='ocrx_word' id='word_1_899' title='bbox 2192 5482 2243 5519; x_wconf 88' lang='lat' dir='ltr'>es</span> <span class='ocrx_word' id='word_1_900' title='bbox 2264 5466 2381 5537; x_wconf 69' lang='lat' dir='ltr'>(Ex.</span> <span class='ocrx_word' id='word_1_901' title='bbox 2404 5465 2504 5538; x_wconf 84' lang='lat' dir='ltr'>Iv).</span> <span class='ocrx_word' id='word_1_902' title='bbox 2544 5465 2611 5521; x_wconf 92' lang='lat' dir='ltr'>In</span> <span class='ocrx_word' id='word_1_903' title='bbox 2640 5466 2947 5538; x_wconf 79' lang='lat' dir='ltr'>Evangelia</span> <span class='ocrx_word' id='word_1_904' title='bbox 2971 5486 3199 5540; x_wconf 83' lang='lat' dir='ltr'>quoque</span> <span class='ocrx_word' id='word_1_905' title='bbox 3224 5469 3294 5524; x_wconf 85' lang='lat' dir='ltr'>ab</span> <span class='ocrx_word' id='word_1_906' title='bbox 3319 5473 3521 5541; x_wconf 85' lang='lat' dir='ltr'>angelo</span> <span class='ocrx_word' id='word_1_907' title='bbox 3544 5472 3758 5529; x_wconf 89' lang='lat' dir='ltr'>dicitur</span> <span class='ocrx_word' id='word_1_908' title='bbox 3794 5493 3806 5528; x_wconf 91' lang='lat'>:</span> 
     </span>
    </p>
   </div>
  </div>
