4006 6164
285 218 426 278 1193
1182 213 1562 269 EXPOSITIO
1592 213 1667 268 ΙΝ
1697 212 1897 267 APOC.

1983 213 2215 268 YPSIN.
2257 244 2328 254 —
2357 211 2498 272 LIB.
2530 212 2654 269 VII.
3408 213 3550 272 1194

282 348 477 416 Joseph
487 351 674 400 autem
687 348 780 399 vir
797 340 1202 413 ejus(ll!atth.1).
1216 338 1506 411 Etinlege:
1526 339 1588 395 Si
1599 341 1872 393 invenerit
1888 339 1944 398 A
1962 357 2263 410 pernorum
2285 341 2486 396 civium
2503 385 2515 398 .
2562 342 2868 412 Postquam
2890 343 3040 396 enim
3059 351 3278 397 veniam
3308 349 3558 415 peccato-

288 438 635 505 eirpuetlam.
653 439 715 488 in
729 435 1331 502 agrodesponsatam,et
1350 433 1642 484 dormierit
1662 446 1784 482 cum
1800 445 1882 495 ea,
1970 446 2094 483 rum
2125 435 2560 500 consequuntur,
2587 430 2788 484 iterum
2821 431 3098 500 incipiunt
3121 431 3273 492 ﬂere,
3305 448 3414 485 non
3438 434 3558 502 jam

290 531 464 580 morte
485 525 928 591 moriatur,quia
950 523 1272 575 humiliam‘t
1295 536 1520 572 uxorem
1536 521 1784 586 proximi
1799 521 1890 570 sui

293 616 477 685 (Deut.
502 617 660 675 xm).
688 613 905 682 Sponsa
924 610 1116 680 itaque
1137 625 1285 663 nunc
1305 613 1392 661 est
1412 612 1605 660 sancta
1622 606 1885 672 Ecclesia,

290 719 394 774 per
411 703 601 766 ﬁdem,
624 717 782 771 spem
804 705 861 754 et
899 697 1284 752 dilectionem:
1318 695 1414 750 sed
1444 701 1577 749 tunc
1607 694 1714 747 erit
1750 710 1890 748 uxor

291 790 518 859 quando
539 789 607 844 ad
630 788 917 858 amplexus
934 786 1056 852 viri,
1091 785 1145 839 id
1168 789 1254 838 est
1271 785 1339 837 ad
1358 783 1887 853 contemplationem

289 878 394 932 Dei
416 877 820 948 omnipotentis
835 874 1172 946 pervenerit.
1208 873 1366 937 Quod
1385 872 1632 943 quotidie
1662 871 1886 942 quidem

289 967 348 1020 in
377 965 616 1036 singulis
653 965 842 1036 agitur
871 964 1078 1028 electis,
1109 962 1450 1033 generaliter
1476 967 1666 1014 autem
1690 961 1746 1012 in
1779 960 1889 1013 ﬁne

286 1054 685 1126 complebitur,
710 1070 838 1108 cum
869 1069 1065 1107 omnes
1111 1052 1168 1106 in
1218 1067 1516 1105 commune
1555 1049 1838 1103 audierint
1866 1065 1881 1104 :

300 1145 502 1208 Venite,
533 1144 818 1204 benedicti,
856 1145 1045 1196 Patris
1088 1143 1197 1193 mei
1226 1139 1445 1207 (Matth.
1469 1140 1620 1202 xxx),
1649 1142 1753 1190 etc.
1782 1136 1889 1190 Or-

286 1237 485 1286 natam
515 1231 731 1294 dicit,id
767 1236 854 1284 est
881 1228 1140 1284 omnibus
1171 1226 1468 1281 virtutibus
1497 1224 1887 1295 compositam,

283 1323 453 1391 juxta
478 1319 614 1374 illud
644 1319 956 1373 Psalmistm
986 1337 997 1370 :
1031 1318 1222 1373 Astitit
1252 1320 1447 1382 regina
1475 1331 1510 1367 a
1538 1316 1746 1367 dextris
1779 1316 1891 1367 tuis

293 1412 363 1462 in
390 1412 584 1463 vestitu
615 1409 883 1462 deaurato
914 1408 1084 1476 (Psat.
1124 1408 1289 1471 XLIV).

367 1498 435 1550 Et
462 1498 658 1550 audivi
706 1511 881 1548 vocem
929 1509 1195 1561 magnam
1250 1494 1314 1545 de
1370 1492 1567 1544 throno
1606 1492 1889 1544 dicentem.

291 1584 553 1639 Thronus
571 1584 663 1637 hic
682 1583 1078 1653 intelliguntur
1091 1581 1297 1650 angeli,
1340 1585 1397 1633 et
1408 1579 1661 1633 homines
1689 1576 1887 1643 sancti,

1973 519 2104 589 quia
2127 520 2331 571 timent
2358 519 2637 583 damnari,
2668 519 2765 572 sed
2796 519 2927 588 quia
2953 519 3335 574 dilferuntura
3364 537 3554 590 regno.

1971 607 2286 677 Aliquando
2308 624 2529 678 quoque
2561 607 2856 676 deplorant
2889 608 3126 662 aliorum
3151 615 3394 677 peccata,
3421 609 3566 662 sicut

1974 696 2199 750 Samuel
2230 695 2402 749 ﬂebat
2428 696 2581 762 Saul,
2603 712 2669 749 eo
2692 696 2836 766 quod
2864 696 3218 766 pmnituisset
3238 697 3560 764 Dominum,

1971 784 2119 854 quod
2144 784 2497 838 constituerit
2531 801 2658 838 eum
2689 801 2880 855 regem
2910 801 3079 855 super
3104 785 3302 840 Israel.
3333 787 3400 840 Et
3421 786 3567 841 sicut

1971 873 2180 928 Paulus
2199 872 2368 927 ﬂebat
2389 873 2728 937 Corinthios,
2763 873 2857 944 qui
2903 880 3030 943 post
3055 874 3478 928 fornicationem
3507 880 3566 928 et

1971 961 2365 1024 idololatriam,
2390 978 2501 1016 non
2519 968 2755 1032 egerunt
2767 962 3416 1032 poenitentiam.0mnem
3430 979 3564 1034 ergo

1971 1049 2278 1121 lacrymam
2307 1050 2378 1104 ab
2406 1051 2581 1104 oculis
2607 1052 2910 1104 electorum
2954 1051 3226 1105 Dominus
3254 1051 3562 1121 absterget,

1974 1137 2107 1207 quia
2153 1153 2336 1206 neque
2384 1137 2585 1191 timore
2639 1137 3008 1192 arctabuntur
3033 1155 3344 1208 pinnarum,
3384 1155 3569 1210 neque

1969 1226 2087 1296 jam
2119 1225 2456 1279 dilferuntur
2483 1243 2518 1278 a
2545 1242 2737 1296 regno,
2767 1227 2912 1296 quod
2943 1227 3370 1296 praesentialiter
3398 1228 3570 1299 possi-

1973 1313 2392 1384 debunt,neque
2402 1314 2571 1368 etiam
2593 1314 2831 1367 aliorum
2855 1321 3082 1384 peccata
3098 1315 3403 1381 deﬂebunt,
3438 1316 3572 1387 quia

1968 1403 2124 1472 justo
2145 1403 2242 1456 Dei
2251 1402 2464 1472 judicio
2489 1402 2770 1456 damnatis
2803 1402 3074 1472 reprobis,
3098 1404 3289 1457 nullus
3308 1405 3572 1475 deinceps

1975 1507 2206 1561 peccare
2234 1490 2458 1560 poterit.
2497 1491 2563 1543 Et
2589 1506 2738 1543 mors
2774 1493 2928 1542 ultra
2959 1506 3071 1544 non
3099 1493 3224 1544 erit.
3266 1491 3572 1560 Postquam

1975 1580 2125 1634 enim
2149 1596 2342 1635 omnes
2363 1596 2396 1632 a
2415 1579 2656 1632 mortuis
2678 1577 3232 1644 resurrexerimus,in
3245 1579 3437 1633 electis
3451 1580 3572 1648 jam

292 1673 357 1726 in
378 1672 582 1743 quibus
595 1671 814 1726 habitat
832 1670 1122 1724 Dominus.
1141 1669 1384 1739 Ideoque
1403 1669 1520 1722 haec
1545 1685 1642 1721 vox
1664 1682 1886 1737 magna,
1907 1687 1954 1747 Β
1977 1669 2129 1723 ultra
2155 1684 2304 1722 mors
2330 1684 2443 1721 non
2473 1668 2600 1729 erit,
2644 1683 2829 1737 neque
2858 1668 3108 1735 corporis
3139 1684 3321 1737 neque
3350 1667 3570 1722 animae.

294 1777 402 1814 vox
427 1761 762 1830 intelligitur
787 1760 887 1814 Dei
916 1757 1337 1828 omnipotentis.
1371 1757 1504 1820 Quae
1533 1757 1739 1810 idcirco
1772 1771 1893 1808 ma-
1975 1757 2200 1812 Primus
2222 1773 2465 1827 namque
2487 1758 2653 1810 homo
2679 1773 2745 1810 ea
2774 1757 2896 1826 lege
2925 1755 3184 1809 conditus
3217 1761 3303 1809 est
3329 1756 3388 1809 in
3414 1772 3577 1826 para-

293 1867 411 1922 gna
441 1851 666 1911 dicitur,
696 1849 829 1920 quia
852 1849 922 1902 de
950 1847 1171 1917 magnis
1205 1846 1469 1917 loquitur,
1493 1845 1685 1898 dicens
1722 1862 1733 1896 :
1767 1845 1894 1897 Ecce
1976 1847 2187 1909 diso,ut
2216 1846 2324 1900 nisi
2355 1845 3000 1916 peccasset,immortalis
3023 1844 3402 1908 mansisset,et
3419 1861 3574 1899 com-

299 1941 719 1993 tabernaculum
745 1939 844 1990 Dei
869 1952 996 1990 cum
1026 1936 1368 1988 hominibus.
1404 1933 1608 2002 Magna
1629 1936 1715 1984 est
1743 1931 1894 1985 enim
1977 1939 2126 2008 pleto
2156 1938 2460 1990 electorum
2490 1951 2745 1997 numero,
2784 1934 2854 1989 ab
2905 1935 3000 1988 illo
3053 1933 3312 2004 paradiso
3348 1939 3576 1989 terreno

299 2027 618 2097 Πείεναιίδ.
644 2032 707 2079 Ut
725 2024 979 2078 homines
995 2023 1145 2076 illius
1166 2023 1305 2075 ﬁant
1333 2020 1777 2081 ἵειδθΐῐιὸουιωη»
1803 2035 1898 2072 cu-
1979 2025 2189 2096 absque
2214 2025 2411 2079 mortis
2430 2025 2748 2078 interventu
2765 2022 3034 2077 transiret
3047 2023 3118 2077 ad
3148 2023 3390 2095 patriam
3410 2023 3578 2077 cccle-

291 2118 390 2187 jus
414 2114 857 2185 magnitudinem
876 2129 988 2166 non
1001 2111 1153 2182 capit
1173 2108 1894 2165 mundus.Tabernaculum
1981 2119 2125 2167 stem
2151 2132 2163 2180 ;
2199 2114 2280 2167 sic
2300 2119 2489 2168 autem
2531 2117 2618 2166 est
2642 2113 2921 2176 conditus,
2947 2116 3012 2166 ut
3039 2111 3088 2166 si
3132 2116 3404 2182 peccaret,
3432 2109 3580 2165 mori

297 2205 404 2260 Dei
425 2221 550 2258 cum
573 2201 914 2264 hominibus,
937 2202 992 2255 id
1016 2208 1118 2264 est,
1146 2200 1251 2270 ipsi
1277 2199 1533 2253 homines
1548 2203 1681 2251 sunt
1708 2195 1896 2250 taber-
1981 2202 2416 2272 potuisset.Quae
2432 2218 2604 2266 mors,
2641 2203 2736 2272 qui
2755 2217 2879 2255 eam
2901 2217 3002 2272 per
3018 2199 3576 2271 peccatumincurrit,

298 2294 565 2348 naculum
584 2291 700 2346 Dei.
721 2292 965 2346 Joannes
985 2291 1044 2344 in
1080 2291 1186 2343 hoc
1214 2289 1335 2342 loco
1367 2294 1564 2359 typum
1588 2291 1743 2340 tenet
1763 2301 1897 2338 san-
1981 2291 2267 2345 destructa
2292 2296 2489 2362 estper
2505 2290 2722 2344 Domini
2748 2295 3005 2344 mortem.
3046 2288 3293 2360 Ideoque
3307 2290 3493 2344 locum
3521 2289 3582 2342 in

298 2388 404 2438 σιω
426 2379 838 2450 Ecclesiae,quze
857 2379 1017 2432 audit
1055 2394 1244 2432 vocem
1275 2375 1556 2430 dicentem
1583 2416 1593 2427 .
1635 2375 1772 2428 Ecce
1810 2379 1896 2426 ω·
1982 2379 2173 2433 electis
2195 2396 2304 2433 non
2337 2379 2829 2450 habet,postquam
2861 2394 3057 2432 omnes
3093 2379 3165 2431 ad
3194 2378 3365 2432 vitam
3391 2394 3584 2432 resur-

297 2469 664 2524 bernaculum
687 2468 786 2522 Dei
810 2483 939 2521 cum
976 2465 1316 2526 hominibus.
1351 2464 1574 2534 quando
1603 2479 1703 2533 per
1727 2463 1900 2516 inter“
1980 2485 2200 2539 gemus.
2220 2468 2363 2522 tales
2385 2468 2585 2530 effecti,
2609 2473 2674 2522 ut
2706 2467 2970 2538 deinceps
2997 2483 3182 2537 neque
3226 2466 3370 2521 mori
3397 2483 3582 2538 neque

299 2575 436 2612 nam
469 2556 892 2625 inspirationem
921 2555 1165 2625 seipsam
1196 2552 1482 2623 cognoscit
1526 2569 1650 2606 esse
1679 2552 1779 2605 Dei
1809 2556 1901 2605 ta-
1985 2572 2213 2626 peccare
2231 2555 2528 2626 possimus.
2549 2557 2734 2622 Neque
2749 2558 2946 2616 luctus,
2971 2555 3079 2608 erit
3099 2555 3158 2608 in
3195 2554 3293 2608 illa
3313 2555 3580 2620 Ecclesia,

298 2645 688 2700 bernaculum.
720 2644 787 2697 Et
820 2643 1090 2696 habitabit
1119 2658 1246 2696 cum
1277 2643 1413 2695 illis.
1433 2640 1495 2694 Id
1518 2645 1606 2694 est
1631 2655 1758 2693 cum
1790 2639 1901 2692 illis
1985 2645 2137 2714 quia,
2179 2650 2243 2698 ut
2270 2644 2533 2714 superius
2567 2643 2780 2697 dictum
2827 2649 2932 2710 est,
2973 2643 3168 2698 multis
3206 2643 3386 2698 modis
3423 2644 3487 2697 ﬁt
3521 2643 3581 2698 in

300 2734 402 2806 qui
428 2733 856 2787 tabernaculum
887 2731 989 2786 Dei
1039 2748 1162 2785 esse
1207 2735 1554 2784 meruerunt.
1587 2729 1747 2782 Unde
1782 2728 1902 2798 ipse
1983 2732 2266 2803 praesenti.
2287 2734 2466 2799 Neque
2493 2735 2721 2786 clamor.
2749 2749 2919 2800 neque
2938 2734 3096 2788 dolor
3120 2735 3231 2786 erit
3259 2735 3434 2786 ultra.
3458 2733 3583 2787 01a.

300 2822 577 2894 apostolis
601 2821 767 2875 dicit:
791 2822 918 2875 Ecce
947 2837 1040 2888 ego
1060 2821 1336 2873 vobiscum
1356 2835 1482 2872 sum
1503 2819 1758 2871 omnibus
1794 2818 1905 2870 die-
1984 2837 2110 2876 mor
2127 2821 2186 2875 in
2206 2821 2312 2874 hoc
2328 2820 2450 2874 loco
2471 2819 2808 2890 intelligitur
2825 2821 3056 2890 querela
3068 2836 3251 2891 pravae
3270 2820 3580 2890 suggestio-

303 2913 404 2965 bus
442 2911 657 2982 (Matth.
692 2909 905 2972 XXVIII).
937 2909 1004 2962 Et
1024 2911 1132 2976 ipsi
1142 2910 1507 2976 populusejus
1523 2911 1705 2960 erunt.
1736 2906 1960 2982 Juxta“
1985 2909 2098 2963 nis.
2138 2908 2302 2962 Prius
2331 2908 2480 2962 enim
2521 2925 2690 2978 quam
2747 2915 3002 2978 peccaret
3047 2909 3236 2972 homo,
3275 2908 3335 2962 in
3373 2924 3584 2978 magna

301 2957 481 3054 illud:
514 2999 825 3053 Hereditas
867 2957 1000 3051 inea
1042 2957 1247 3051 rIsrael.
1281 2997 1346 3050 Et
1376 2957 1485 3064 ipse
1509 2997 1651 3048 Deus
1671 3010 1798 3048 cum
1827 2997 1902 3047 eis
1918 2957 1962 3023 Ο
1987 2997 2174 3068 quiete
2195 3001 2336 3062 erat,
2360 2957 2662 3067 omniaque
2681 2957 2934 3052 membra
2954 2997 3059 3050 sibi
3077 2957 3327 3067 subjecta
3343 3002 3399 3051 et
3424 2957 3581 3051 nullo

304 3091 431 3140 erit.
461 3087 735 3141 Habitans
754 3087 812 3140 in
832 3102 1027 3140 eorum
1043 3085 1153 3139 ﬁde
1182 3091 1240 3139 et
1267 3084 1584 3146 dilectione,
1615 3083 1760 3138 sicut
1784 3083 1902 3153 ipse
1985 3087 2150 3140 modo
2175 3087 2233 3139 in
2265 3087 2455 3156 aliquo
2494 3085 2867 3155 repugnantia
2914 3085 3264 3156 possidebat;
3295 3085 3392 3140 sed
3422 3090 3580 3156 post-

305 3176 443 3231 dicit
470 3195 481 3228 :
503 3176 567 3231 Si
585 3177 708 3244 quis
725 3177 1345 3243 diligitme,se-rmonem
1361 3189 1544 3226 meum
1566 3174 1820 3235 servabit,
1852 3178 1902 3226 et
1984 3191 2152 3245 quam
2176 3174 2442 3245 peccavit,
2469 3174 2659 3228 statim
2680 3174 2979 3228 clamorem
3002 3190 3185 3244 pravae
3205 3173 3583 3245 suggestionis

303 3267 470 3319 Pater
489 3281 640 3318 meus
651 3266 838 3332 diliget
871 3280 1016 3325 eum,
1041 3267 1090 3316 et
1108 3263 1182 3315 ad
1202 3278 1329 3316 eum
1347 3264 1646 3325 veniemus,
1671 3267 1718 3314 et
1737 3277 1901 3315 man-
1983 3268 2179 3317 contra
2199 3280 2258 3316 se
2283 3268 2677 3332 exsurgentem
2724 3261 2920 3325 sensit,
2953 3260 3259 3332 vidensque
3285 3263 3583 3317 mulierem

303 3355 678 3421 sionemapud
692 3369 817 3406 eum
830 3353 1100 3420 faciemus
1115 3352 1294 3420 {Joan.
1318 3361 1444 3412 xw).
1487 3349 1646 3404 Unde
1666 3354 1724 3402 et
1751 3349 1900 3403 idem
1983 3351 2327 3423 concupivit;
2352 3352 2676 3420 factumque
2695 3356 2780 3405 est
2811 3350 2911 3404 Dei
2943 3351 3099 3421 justo
3126 3351 3356 3421 judicio,
3392 3358 3453 3406 ut
3485 3351 3582 3423 qui

307 3441 551 3494 Joannes
571 3441 628 3494 in
653 3440 896 3510 Epistola
911 3456 1014 3494 sua
1034 3441 1139 3493 ait:
1168 3440 1274 3506 Qui
1294 3443 1480 3492 manet
1508 3440 1573 3492 in
1591 3440 1898 3503 dilectione,
1983 3441 2166 3496 noluit
2184 3456 2305 3494 esse
2317 3439 2600 3507 subjectus
2624 3440 2875 3496 Deo.non
2899 3445 3086 3508 posset
3099 3439 3307 3494 habere
3328 3440 3583 3496 membra

308 3531 451 3584 Deus
474 3535 540 3584 in
563 3547 620 3584 eo
649 3535 852 3584 manet.
877 3530 947 3583 Et
975 3529 1226 3599 ipsorum
1261 3529 1412 3582 Deus
1441 3533 1529 3581 est
1552 3528 1906 3597 omnipotens
1989 3529 2095 3584 sibi
2122 3528 2391 3598 subjecta.
2419 3526 2884 3582 Huncclamorem
2911 3527 3174 3596 deinceps
3194 3544 3389 3582 omnes
3408 3530 3581 3583 susti-

308 3618 480 3681 Deus,
512 3635 639 3672 cum
663 3617 866 3688 quibus
894 3617 1150 3671 habitare
1176 3618 1458 3687 dignatur,
1504 3618 1651 3671 unde
1669 3616 1906 3670 Psalmi-
1987 3634 2206 3682 nemus,
2240 3633 2350 3686 quo
2387 3615 2642 3668 laborare
2695 3629 2754 3668 se
2793 3614 3041 3668 ostendit
3080 3616 3308 3680 Paulus,
3347 3617 3575 3672 dicens:

309 3711 401 3760 sta
435 3725 447 3759 :
480 3708 745 3761 Dominus
771 3722 908 3774 pars
951 3707 1285 3760 hereditatis
1323 3722 1451 3759 mea:
1480 3706 1640 3768 (Psat.
1670 3709 1786 3768 xv).
1837 3704 1906 3758 Et
2000 3709 2152 3761 Video
2181 3709 2357 3759 aliam
2389 3706 2554 3771 legem
2570 3707 2634 3756 in
2653 3704 2914 3756 membris
2944 3705 3078 3756 meis
3104 3705 3278 3774 (Rom.
3321 3707 3435 3773 vn),
3469 3711 3580 3763 etc.

307 3795 431 3866 ipse
456 3795 516 3848 in
539 3795 658 3864 lege
686 3795 936 3865 loquitur
964 3794 1152 3848 dicens
1180 3809 1192 3842 :
1224 3795 1381 3847 Filiis
1421 3799 1610 3847 autem
1641 3793 1770 3846 Levi
1793 3808 1905 3846 non
1987 3796 2220 3866 Semper
2235 3795 2296 3847 fit
2316 3792 2463 3846 enim
2486 3791 2575 3845 hic
2592 3791 2820 3854 clamor,
2846 3791 2978 3860 quia
3017 3807 3240 3861 semper
3253 3809 3383 3846 caro
3413 3793 3578 3866 spirio

308 3883 522 3937 dabitis
548 3883 978 3953 possessionem.
1013 3884 1127 3952 Ego
1157 3883 1305 3936 enim
1336 3883 1635 3937 haereditas
1654 3883 1900 3936 illorum.
1986 3885 2070 3938 tui
2095 3883 2326 3938 resistit.
2361 3881 2468 3935 Sed
2523 3896 2650 3934 cum
2699 3879 3060 3950 corruptibile
3089 3879 3196 3934 hoc
3218 3881 3464 3937 induerit
3489 3883 3581 3938 in—

310 3972 550 4036 Quando
566 3973 713 4026 enim
744 3973 914 4026 homo
937 3973 1214 4040 peccando
1239 3973 1452 4026 recedit
1469 3989 1503 4026 a
1535 3973 1665 4031 Deo,
1686 3987 1800 4026 non
1819 3977 1906 4026 est
1987 3972 2424 4043 corruptionem,
2449 3968 2753 4023 etmortale
2783 3969 2888 4022 hoc
2917 3968 3163 4022 induerit
3189 3969 3582 4026 immortalita~

308 4061 416 4116 Dei
446 4062 700 4132 populus,
735 4078 838 4115 nec
874 4062 1045 4116 Deum
1078 4062 1498 4132 possidet.Deus
1519 4066 1707 4116 autem
1734 4060 1906 4131 paeni-
1986 4068 2121 4124 tem,
2141 4059 2381 4116 cessabit
2405 4059 2617 4112 clamor
2641 4057 2976 4112 tumultuari
2999 4064 3197 4112 contra
3227 4059 3450 4125 electos,
3481 4061 3580 4132 qui

310 4150 484 4205 tendo
503 4150 804 4205 revertitur
823 4150 894 4204 ad
911 4151 1356 4222 Deum,populus
1378 4151 1478 4205 Dei
1498 4157 1605 4220 est,
1620 4149 1754 4220 quia
1783 4166 1907 4220 pos-
1988 4167 2084 4205 eos
2107 4151 2165 4204 in
2193 4149 2296 4202 hac
2306 4148 2419 4201 vita
2447 4147 2732 4218 quiescere
2753 4162 2866 4200 non
2887 4145 3108 4200 sinebat
3132 4146 3214 4201 Ibi
3237 4149 3386 4201 enim
3402 4165 3582 4204 cessa-

287 4237 464 4296 .sidet
495 4239 694 4298 Deum,
723 4245 780 4291 et
807 4238 1126 4308 possidetur
1153 4255 1189 4292 a
1219 4239 1352 4292 Deo.
1925 4304 1956 4308 _
1986 4239 2070 4294 bit
2089 4237 2272 4293 omnis
2301 4253 2472 4308 prava
2496 4235 2805 4306 suggestio,
2834 4235 2911 4288 ibi
2943 4235 3098 4289 nulla
3125 4236 3234 4290 erit
3261 4237 3448 4292 carnis
3479 4238 3580 4292 de-

383 4326 450 4379 Et
478 4327 739 4393 absterget
761 4304 904 4379 Deus
924 4343 1142 4380 omnem
1176 4329 1486 4395 lacrymam
1523 4329 1594 4380 ab
1621 4329 1796 4380 oculis
1826 4343 1906 4380 eo-
1923 4304 1967 4362 D
1986 4327 2229 4382 lectatio.
2256 4304 2363 4380 séd
2384 4331 2440 4378 et
2456 4304 2762 4394 dolorvpost
2790 4323 2908 4377 haec
2934 4340 3046 4378 non
3065 4324 3191 4386 erit,
3227 4325 3360 4396 quia
3383 4327 3580 4382 videli-

311 4431 466 4469 rum.
500 4415 630 4469 Haec
655 4414 823 4469 verba
851 4431 963 4469 non
991 4415 1060 4469 ad
1092 4423 1425 4486 praesentem
1464 4415 1635 4468 vitam
1663 4415 1820 4469 luctu
1850 4421 1908 4469 et
1987 4423 2076 4471 cet
2104 4432 2234 4470 caro
2264 4415 2567 4468 electorum
2599 4413 2750 4467 ultra
2779 4412 2969 4483 spinas
3001 4418 3057 4467 et
3088 4415 3417 4484 punctiones
3445 4433 3580 4487 pec-

310 4502 576 4574 lacrymis
603 4503 820 4573 plenam
850 4503 1258 4574 pertinent,sed
1282 4503 1352 4556 ad
1391 4503 1660 4568 futuram;
1684 4503 1907 4574 quando
1989 4511 2242 4560 catorum
2257 4520 2358 4575 pro
2379 4502 2581 4574 quibus
2601 4503 2790 4556 dolere
2838 4502 3101 4566 debeant,
3131 4519 3243 4558 non
3267 4503 3580 4574 generabit.

312 4593 498 4646 omnis
524 4592 706 4645 luctus
736 4593 1024 4647 auferetur
1080 4609 1115 4646 a
1163 4592 1440 4657 ﬁdelibus,
1471 4598 1528 4645 et
1574 4601 1906 4663 perpetuum
1995 4598 2133 4665 Quia
2156 4596 2348 4662 prima
2377 4594 2660 4657 abierunt,
2693 4590 2824 4661 quia
2852 4590 2909 4643 in
2940 4592 3202 4661 praesenti
3231 4592 3431 4646 saeculo
3467 4592 3586 4647 haec

309 4681 582 4752 gaudium
615 4681 1008 4752 possidebitur,
1021 4681 1335 4753 juxtaillud
1368 4699 1379 4733 :
1408 4683 1558 4735 Beati
1576 4697 1670 4748 qm
1698 4684 1903 4749 lugent,
1989 4682 2179 4738 omnia
2202 4680 2502 4746 sustinent,
2529 4679 2628 4733 sed
2658 4695 2782 4733 cum
2825 4679 3092 4733 innovata
3118 4681 3318 4734 caelum
3349 4686 3406 4733 et
3431 4685 3586 4734 terra

314 4773 579 4840 quoniam
608 4773 715 4837 ipsi
742 4773 1176 4825 consolabuntur
1212 4771 1425 4834 (Matth.
1459 4780 1530 4834 ν).
1562 4768 1907 4824 Intuendum
1989 4770 2217 4826 fuerint.
2250 4777 2385 4823 tunc
2438 4767 2598 4822 electi
2649 4767 3083 4834 innovabuntur,
3117 4775 3174 4822 et
3225 4785 3586 4840 nequaquam

313 4864 506 4912 autem
541 4859 673 4929 quid
699 4859 772 4912 sit
801 4860 946 4930 quod
1000 4875 1222 4913 omnem
1265 4860 1573 4930 lacrymam
1627 4858 1699 4912 ab
1737 4860 1913 4914 oculis

317 4954 638 5001 sanctorum
652 4948 789 5002 dicit
806 4949 1320 5010 auferendam,cum
1341 4949 1596 5002 sulﬁcere
1615 4949 1907 5018 potuisset,

318 5035 367 5089 si
390 5035 602 5092 diceret
631 5055 645 5090 :
676 5037 976 5107 Absterget
999 5038 1305 5109 lacrymam
1357 5037 1429 5090 ab
1485 5037 1664 5090 oculis
1693 5053 1910 5092 eorum.

319 5123 432 5178 Sed
451 5125 740 5180 sciendum
763 5127 894 5196 quia
913 5126 1142 5181 diversae
1162 5131 1295 5180 sunt
1309 5125 1608 5196 qualitates
1632 5125 1915 5197 lacryma-

319 5229 470 5278 rum,
499 5213 701 5285 quibus
719 5213 775 5267 in
797 5215 899 5268 hac
928 5216 1042 5268 vita
1060 5215 1389 5285 afﬂiguntur
1404 5214 1586 5276 electi,
1614 5215 1914 5285 aliquando

321 5302 534 5357 scilicet
560 5312 792 5374 pr0pter
819 5304 1080 5358 timorem
1108 5309 1542 5368 tormentorum,
1560 5320 1632 5358 ne
1659 5304 1918 5358 videlicet

322 5391 528 5446 merito
554 5391 868 5463 iniquitatis
904 5411 1019 5449 suae
1048 5394 1230 5464 poenis
1259 5394 1559 5448 tradantur
1589 5394 1909 5460 ultricibus;

323 5480 628 5554 aliquando
655 5497 785 5535 vero
811 5489 1043 5554 propter
1067 5499 1319 5539 amorem
1348 5488 1407 5537 et
1452 5482 1795 5538 consortium
1817 5499 1913 5537 su-

575 5581 846 5643 PATROL.
897 5582 1133 5646 CXVII.

1994 4859 2306 4933 praeteritas
2334 4857 2622 4928 passiones
2639 4856 3015 4911 sustinebunt.

2061 4952 2126 5004 Et
2156 4950 2300 5002 dixit
2329 4951 2427 5015 qui
2453 4949 2665 5000 sedebat
2695 4949 2757 4999 in
2790 4947 3003 5010 throno,
3037 4946 3095 5000 id
3126 4950 3212 5000 est
3237 4947 3386 5002 Deus
3412 4947 3590 5004 omni-

1995 5043 2211 5109 potens,
2228 5035 2321 5106 qui
2344 5034 2606 5106 praesidet
2640 5051 2753 5089 suae
2788 5034 3083 5088 Ecclesia:
3116 5036 3245 5089 Ecce
3276 5052 3415 5089 noua
3440 5039 3588 5104 facio

1996 5128 2202 5182 omnia.
2231 5125 2310 5179 Ea
2327 5123 2539 5178 scilicet
2557 5139 2682 5193 quae
2696 5123 2953 5194 superius
2975 5122 3124 5177 dicta
3143 5124 3449 5190 sunt,inter
3464 5141 3590 5196 quis

1997 5216 2166 5270 etiam
2198 5213 2399 5267 coelum
2424 5219 2481 5266 et
2509 5217 2662 5266 terra
2688 5211 3122 5267 innovabuntur.
3140 5215 3206 5267 Et
3238 5215 3372 5267 dicit
3402 5214 3545 5266 mihi
3569 5229 3587 5265 :

1995 5303 2197 5359 Scribe.
2233 5301 2296 5355 In
2326 5299 2493 5354 corde
2520 5305 2641 5367 tuo,
2675 5299 2758 5353 vel
2787 5299 2957 5354 etiam
3004 5301 3208 5355 litteris
3235 5300 3586 5363 commenda,

1995 5396 2060 5446 ut
2086 5391 2156 5444 ad
2212 5389 2472 5443 notitiam
2529 5388 2817 5458 perveniat
2866 5395 3244 5460 posterorum.
3289 5388 3398 5442 Sed
3435 5386 3586 5458 quod

1997 5477 2199 5538 Joanni
2227 5476 2452 5544 dicitur,
2475 5475 2545 5531 ad
2569 5493 2791 5532 omnem
2827 5477 3132 5532 Ecclesiam
3163 5475 3424 5548 pertinet,
3466 5491 3591 5546 qua

3284 5572 3362 5636 38
