4006 6164
362 271 493 330 1197

1234 269 1613 325 EXPOSITIO
1645 263 2242 324 INAPOCALYPSIN.
2277 291 2340 300 —
2372 261 2506 313 LIB.
2545 259 2666 312 VII.

3491 255 3622 312 [198

351 401 612 461 mortem,
643 412 810 466 quam
855 396 1003 465 quod
1055 411 1149 448 eos
1180 396 1422 464 negavit,
1456 401 1513 447 ct
1553 395 1788 448 mentita
1834 395 2003 449 cst.A
2024 390 2102 442 De
2135 389 2237 439 hoc
2265 390 2450 437 monte
2481 383 2655 437 Isaias
2677 381 2839 433 dicit:
2865 383 2924 434 ln
2960 381 3272 433 novissimis
3293 382 3489 434 diebus
3507 380 3615 434 erit

358 486 542 548 Unum
577 501 709 538 sane
739 485 1006 538 debemus
1036 484 1296 550 retinere,
1333 484 1552 536 nullum
1579 499 1758 552 genus
1791 495 1944 533 men-

358 573 501 627 dacii
521 574 764 627 inultum
788 572 1252 642 remanere,quod
1268 572 1360 625 hic
1381 574 1627 625 laxatum
1648 585 1758 623 non
1781 569 1951 622 fuerit

358 661 707 730 paenitentia,
731 667 830 713 aut
859 661 1045 730 aliquo
1063 660 1290 730 pietatis
1313 658 1777 729 operc.0mnium
1798 657 1949 710 enim

357 750 595 802 istorum
613 750 708 818 qui
732 755 863 802 sunt
892 749 1148 819 superius
1177 748 1582 812 connumerati,
1601 762 1734 818 pars
1763 762 1953 799 eorum

357 841 463 890 erit
485 841 546 890 in
567 843 757 904 stagno
781 839 1006 890 ardenti
1026 841 1072 890 et
1095 839 1382 906 sulphure,
1401 836 1457 890 id
1482 842 1567 890 est
1587 837 1645 889 in
1673 834 1954 905 profunda

369 914 571 979 inferni
587 925 963 991 damnatione,
990 926 1084 979 ubi
1119 925 1428 980 suntsimul
1451 926 1600 996 ignis
1627 923 1945 993 etsulphur.

361 1013 518 1078 Quod
539 1020 613 1068 est
643 1030 792 1067 mors
837 1017 1094 1080 secunda,
1120 1014 1178 1068 id
1227 1022 1311 1068 est
1364 1014 1614 1084 corporis
1643 1018 1700 1066 et
1729 1011 1948 1065 animm.

358 1101 548 1155 Prima
583 1103 733 1156 enim
779 1119 931 1156 mors
960 1103 1027 1156 ﬁt
1053 1104 1113 1157 in
1161 1105 1350 1157 anima
1396 1119 1496 1174 per
1519 1107 1831 1174 peccatum,
1865 1117 1953 1154 se-

362 1192 545 1245 cunda
566 1199 755 1246 autem
797 1191 1135 1262 intelligitur
1160 1192 1220 1246 in
1251 1193 1439 1246 anima
1467 1197 1524 1246 et
1550 1206 1802 1261 corpore.
1852 1190 1954 1244 Se-

361 1279 552 1352 quitur
569 1299 580 1333 :

429 1398 496 1454 Et
521 1401 667 1454 venit
688 1398 910 1452 unusde
934 1402 1133 1465 septem
1153 1400 1366 1466 angelis
1388 1397 1711 1452 habentibus
1731 1397 1956 1465 phialas

355 1490 550 1560 plenas
566 1490 761 1558 septem
785 1489 967 1555 plagis
993 1485 1448 1542 novissimis.Per
1467 1491 1682 1564 septem
1705 1485 1952 1554 angelos,

360 1577 510 1630 sicut
538 1575 796 1648 superius
835 1574 1048 1631 dictum
1095 1580 1198 1639 est,
1228 1574 1314 1631 vel
1343 1573 1673 1630 universalis
1704 1572 1960 1630 Ecclesia

361 1663 718 1736 intelligitur,
749 1663 834 1717 vel
869 1679 1064 1717 omnes
1089 1663 1505 1738 praedicatores,
1540 1667 1768 1734 propter
1795 1661 2010 1762 septi-B

361 1752 601 1829 formem
624 1751 894 1824 Spiritum
916 1767 1025 1822 quo
1042 1751 1287 1806 Ecclesia
1308 1751 1611 1810 instruitur
1631 1756 1685 1806 et
1704 1751 1974 1806 doctores’

358 1842 722 1900 erudiuntur.
758 1842 916 1918 Saepe
941 1841 1091 1900 enim
1113 1841 1329 1898 dictum
1355 1849 1440 1897 est
1465 1839 1845 1910 septenarium
1863 1857 1963 1898 nu-

315 1977 318 1979 .
363 1946 585 1988 merum
608 1929 1034 1986 universitatem
1060 1929 1514 2002 ostendere,quia
1531 1945 1695 1984 omne
1719 1944 1963 2001 praesens

364 2024 588 2089 tempus
603 2022 820 2093 septem
841 2016 1037 2074 diebus
1057 2016 1314 2082 volvitur,
1339 2033 1485 2074 unus
1509 2033 1640 2086 ergo
1663 2006 1726 2072 ex
1748 2021 1964 2086 septem

360 2107 579 2178 angelis
609 2107 704 2180 qui
733 2105 804 2160 ad
832 2104 1112 2167 Joannem
1151 2104 1304 2160 venit
1330 2103 1664 2174 intelligitur
1691 2103 1964 2159 Dominus

361 2197 526 2254 Jesns
544 2197 822 2262 Christus,
843 2195 938 2273 qui
969 2201 1053 2251 est
1073 2194 1380 2250 secundum
1405 2194 1738 2272 prOphetam
1771 2197 1966 2259 magni

363 2291 589 2346 Consilii
625 2289 876 2358 angelus,
909 2286 965 2340 id
996 2290 1082 2340 est
1103 2285 1337 2346 nuntius
1365 2289 1615 2356 paterna
1635 2281 1960 2346 voluntatis,

319 2427 330 2432 _.
356 2391 513 2434 unus
543 2381 629 2430 est
655 2391 719 2430 ex
749 2374 983 2446 angelis,
1011 2373 1146 2444 quia
1166 2378 1337 2446 caput
1360 2379 1445 2428 est
1475 2372 1725 2429 omnium
1766 2373 1968 2426 electo-

366 2480 515 2529 rum,
535 2469 592 2537 et
616 2480 717 2533 per
744 2463 1188 2537 assumptionem
1208 2461 1581 2516 humanitatis
1603 2461 1715 2516 illis
1737 2465 1822 2516 est
1839 2475 1970 2515 con-

361 2554 592 2626 junctus
617 2552 676 2608 in
699 2556 862 2607 utero
888 2551 1156 2623 Virginis.
1171 2550 1338 2608 Venit
1363 2566 1496 2620 ergo
1510 2565 1611 2621 per
1626 2547 1967 2624 incarnatio-

366 2639 455 2696 nis
482 2640 836 2714 mysterium,
867 2639 962 2710 qui
992 2639 1203 2714 ubique
1240 2643 1362 2692 erat
1397 2653 1498 2708 per
1528 2636 1837 2691 divinitatis
1867 2651 1968 2706 po-

367 2727 627 2786 tentiam.
661 2727 765 2781 Isti
797 2726 1001 2798 angeli,
1041 2727 1147 2779 hoc
1176 2731 1262 2780 est
1305 2724 1698 2796 praedicatores
1729 2739 1969 2798 quorum

366 2823 540 2886 caput
578 2821 663 2870 est
691 2815 966 2876 Christus,
1010 2814 1221 2872 habent
1263 2814 1478 2883 phialas
1519 2814 1713 2889 plenas
1756 2818 1970 2882 septem

371 2904 553 2974 plagis
575 2903 1023 2965 novissimis,hoc
1049 2909 1135 2958 est
1159 2903 1264 2979 ipsi
1287 2909 1421 2957 sunt
1441 2901 1593 2979 pleni
1629 2901 1818 2960 divina.
1837 2918 1973 2971 pra:-

373 2992 670 3050 dicatione,
711 3008 823 3062 qua
860 2991 1088 3061 quidam
1126 2991 1447 3047 auditorum
1482 2992 1854 3045 vulnerantur
1899 2990 1971 3042 ad

369 3081 870 3154 sahitem,quid.am
893 3091 1080 3136 autem
1102 3081 1171 3134 ad
1184 3081 1270 3134 sui
1282 3080 1767 3151 perniciem.Bene
1779 3083 1971 3132 autem

370 3168 508 3240 ipsae
533 3169 712 3240 plagae
751 3169 1065 3226 novissimae
1101 3169 1383 3232 dicuntur,
1417 3169 1551 3239 quia
1579 3168 1636 3223 in
1665 3167 1972 3230 novissima

371 3257 543 3332 hujus
565 3257 752 3314 saeculi
784 3257 940 3321 hora,
975 3257 1032 3314 id
1071 3263 1157 3316 est
1201 3257 1271 3314 ab
1313 3257 1703 3317 incarnatione
1743 3257 1970 3314 Domini

371 3362 552 3420 usque
570 3346 642 3401 ad
670 3347 842 3404 ﬁnem
865 3346 1062 3406 mundi
1090 3346 1496 3405 immittuntur.

445 3461 511 3514 Et
536 3463 747 3515 loculus
768 3467 843 3515 est
875 3478 1104 3523 mecum,
1137 3464 1356 3516 dicens:
1387 3464 1530 3527 Veni,
1555 3463 1840 3516 ostendam
1869 3463 1973 3515 tibi

375 3565 631 3618 sponsam
656 3566 885 3605 uxorem
911 3551 1328 3618 Agni.Joannes
1345 3551 1404 3604 in
1425 3551 1529 3605 hoc
1548 3552 1669 3606 loco
1689 3552 1974 3622 signiﬁcat

377 3638 702 3703 Ecclesium,
735 3639 827 3693 cui
846 3639 1102 3709 loquitur
1129 3640 1279 3693 Deus
1307 3657 1407 3710 per
1431 3641 1707 3694 occultam
1739 3641 1977 3710 inspira-

377 3727 588 3780 tionem
617 3727 674 3780 in
694 3733 883 3780 mente
910 3727 1100 3781 dicens
1123 3745 1134 3780 :
1161 3727 1588 3796 Veni,pa'ssibus
1611 3727 1760 3791 ﬁdei,
1783 3734 1838 3780 et
1854 3745 1977 3797 pas-

321 3848 326 3852 -
377 3815 531 3870 cibus
553 3815 762 3871 amoris
773 3820 832 3869 et
851 3817 1133 3869 ostendam
1164 3817 1268 3868 tibi
1285 3830 1540 3882 sponsam
1556 3831 1782 3868 uxorem
1804 3816 1969 3883 Agni,

375 3904 434 3958 id
453 3911 538 3959 est
553 3905 659 3959 tibi
674 3905 782 3976 ipsi
797 3903 1189 3971 manifestabo,
1209 3903 1392 3974 qualis
1403 3919 1554 3957 nunc
1572 3902 1649 3957 sis
1665 3921 1767 3975 per
1782 3906 1970 3974 ﬁdem,

379 3998 438 4047 et
463 3993 644 4064 qualis
674 3999 870 4064 postea
893 3993 1088 4047 futura
1111 4009 1192 4057 es,
1213 4009 1343 4047 cum
1373 3993 1445 4046 ad
1461 3991 1569 4046 Dei
1596 3993 1813 4048 veneris
1841 4011 1976 4049 con-

375 4083 950 4153 templationemDuo
967 4092 1160 4136 autem
1175 4081 1591 4150 dicit,sponsam
1618 4087 1678 4136 et
1706 4099 1972 4140 umorem:

377 4171 476 4240 qui
507 4171 652 4225 sicut
671 4171 932 4242 superius
953 4187 1076 4241 quae
1096 4187 1245 4224 nunc
1265 4175 1352 4224 est
1367 4186 1579 4241 sponsa
1597 4187 1699 4241 per
1717 4172 1884 4226 ﬁdem
1920 4178 1977 4227 et

373 4259 752 4325 dilectionem,
785 4259 893 4314 erit
919 4267 1057 4315 tunc
1096 4277 1256 4326 uxor,
1300 4276 1431 4316 cum
1458 4260 1530 4315 ad
1567 4261 1859 4331 amplexus
1887 4262 1974 4316 sui

325 4389 334 4399 .
369 4349 693 4420 pervenerit
737 4349 878 4404 viri:
910 4353 1001 4404 vir
1040 4353 1191 4404 enim
1233 4351 1482 4405 Ecclesiae
1518 4353 1658 4404 ἵλεω
1687 4355 1790 4416 est,
1824 4352 1974 4410 unde

369 4437 642 4495 Salomon
869 4441 995 4494 Non
1023 4445 1099 4494 est
1124 4443 1216 4494 vir
1242 4441 1307 4494 in
1325 4442 1485 4494 doma
1513 4456 1617 4493 sua
1648 4442 1829 4511 (Prom.
1849 4446 1969 4510 vn).

445 4547 514 4601 Et
540 4549 767 4602 sustulit
802 4563 890 4602 me
924 4550 987 4601 in
1018 4549 1225 4615 spiritu
1253 4549 1318 4602 in
1350 4553 1591 4602 montem
1623 4565 1896 4622 magnum
1925 4555 1972 4604 et

372 4636 576 4690 utinm.
610 4635 714 4690 Hic
743 4636 1038 4691 manifeste
1063 4637 1380 4690 ostenditur
1405 4637 1553 4707 quod
1582 4637 1826 4691 Joannes
1858 4653 1972 4692 non

377 4724 658 4796 corporeis
673 4725 848 4798 oculis
864 4725 1014 4780 hanc
1038 4725 1279 4781 intuitus
1304 4730 1389 4780 est
1415 4725 1706 4793 visionem,
1735 4726 1835 4780 sed
1862 4726 1974 4798 spi-

378 4813 490 4867 ritu
498 4813 624 4881 ,hoc
642 4820 729 4868 est
745 4815 951 4869 mentis
972 4815 1149 4870 oculis
1169 4813 1237 4869 ad
1259 4815 1698 4886 contemplanda
1717 4815 1970 4870 caelestia

375 4902 646 4974 mysteria
669 4908 756 4957 est
780 4903 1049 4961 elevatus.
1067 4905 1228 4959 Mons
1246 4919 1486 4975 magnus
1517 4909 1576 4958 et
1604 4905 1835 4968 altus,in
1858 4921 1969 4976 quo

376 4991 514 5047 dicit
537 5008 602 5046 se
623 4992 918 5058 elevatum,
941 4993 1199 5048 Christus
1223 4993 1579 5064 intelligitur.
1612 4992 1700 5047 De
1716 5010 1826 5064 quo
1855 4994 1969 5048 Da-

374 5079 489 5138 niel
511 5081 676 5137 dicit:
707 5081 855 5146 Quia
886 5084 1026 5150 lapis
1039 5085 1300 5154 praecisus
1332 5083 1400 5136 de
1429 5087 1610 5136 monte
1637 5085 1756 5136 sine
1774 5086 1970 5136 mani-

373 5173 494 5240 bus,
511 5175 678 5227 crevit
697 5173 762 5224 in
782 5175 1021 5224 montem
1046 5176 1389 5239 magnum,et
1405 5173 1631 5239 replevit
1649 5173 1970 5226 universam

331 5267 333 5269 '
379 5263 586 5315 terram
619 5261 785 5329 (Dan.
821 5262 906 5328 ιι).
935 5259 1063 5332 Ipse
1093 5277 1313 5331 quoque
1343 5260 1412 5314 de
1438 5276 1498 5314 se
1524 5260 1693 5314 dicit:
1717 5261 1843 5314 Non
1869 5276 1968 5328 po-

323 5355 326 5357 ’
379 5353 476 5401 test
493 5351 748 5405 abscondi
757 5351 954 5404 civitas
975 5364 1144 5417 supra
1162 5354 1398 5402 montem
1410 5351 1622 5420 posita(
1624 5349 1814 5404 Matth.
1829 5351 1967 5417 vin).

381 5430 621 5507 Magnus
641 5444 734 5493 est
757 5439 868 5494 iste
891 5453 1075 5504 mons,
1099 5436 1231 5508 quia
1257 5442 1445 5491 totum
1469 5437 1746 5492 mundum
1766 5438 1964 5509 replet.

378 5524 565 5595 Altus,
588 5527 722 5598 quia
759 5527 845 5598 ita
887 5532 974 5584 est
1007 5528 1197 5602 homo,
1223 5534 1287 5584 ut
1306 5526 1384 5582 sit
1401 5525 1576 5599 etiam
1601 5527 1750 5584 Deus
1777 5543 1966 5583 verus.

2027 493 2190 530 mons
2205 475 2402 528 domus
2418 470 2635 525 Domini
2652 475 2994 540 praeparatus
3017 469 3073 521 in
3092 470 3294 522 vertice
3318 470 3588 523 montium
3602 513 3613 534 ,

2031 565 2085 618 id
2114 570 2198 617 est
2220 562 2478 616 Christus
2501 560 2757 634 princeps
2778 558 3032 611 omnium
3055 558 3384 614 electorum.
3409 558 3622 622 Quam-

2032 652 2252 706 obrem?
2271 650 2417 714 Quia
2437 648 2670 718 angelus
2691 651 2747 699 et
2768 661 2927 699 mons
2949 645 3225 712 Christus,
3243 652 3300 700 et
3320 648 3382 700 in
3410 647 3626 702 Joanne

2035 739 2279 795 Ecclesia
2300 735 2910 806 intelligitur.Angelus
2929 735 3199 787 Joannem
3221 735 3379 788 ducit
3395 735 3455 788 in
3469 749 3626 788 mon-

2034 833 2170 892 tem,
2203 829 2309 881 hoc
2329 831 2414 880 est
2439 824 2700 879 Christus
2721 822 3024 877 Ecclesium
3041 839 3200 876 suam
3217 838 3391 892 super
3417 830 3631 877 semet-

2036 919 2220 989 ipsum
2244 913 2741 969 constituit.Recte
2779 929 2912 982 ergo
2938 911 3198 969 Christus
3223 916 3284 965 et
3311 912 3544 981 angelus
3570 917 3632 966 et

2034 1021 2198 1060 mons
2240 1003 2463 1066 dicitur,
2505 1001 2638 1072 quia
2674 1000 2906 1053 nuntius
2937 999 3193 1054 Ecclesia
3232 1015 3514 1070 apparens
3555 999 3630 1054 ad

2033 1081 2326 1147 caelestem
2346 1091 2589 1162 patriam
2630 1089 2831 1142 invitat
2865 1089 3090 1151 electos,
3120 1095 3178 1142 et
3211 1077 3332 1159 ipse
3371 1088 3631 1142 eamdem

2036 1180 2339 1235 Ecclesiam
2377 1195 2546 1249 super
2574 1194 2636 1231 se
2657 1177 2931 1246 portando
2959 1177 3032 1230 ad
3064 1177 3314 1230 coelestia
3343 1175 3624 1234 sublevet.

2109 1271 2176 1324 Et
2203 1270 2434 1322 ostendit
2449 1268 2595 1320 mihi
2613 1268 2889 1319 m’vilatem
2917 1272 3164 1321 sanctam
3186 1267 3531 1320 Hierusalem
3548 1267 3636 1320 de-

2037 1360 2376 1412 scendentem
2405 1357 2468 1410 de
2496 1358 2622 1410 ccelo
2647 1371 2682 1408 a
2715 1355 2819 1408 Deo
2855 1356 3140 1408 habentem
3170 1357 3484 1409 claritatem
3511 1356 3629 1409 Dei.

2039 1447 2246 1501 Civitas
2269 1446 2516 1500 Ecclesia
2532 1449 2638 1510 est,
2657 1445 2834 1498 Deum
2859 1443 3070 1497 habens
3091 1443 3483 1498 habitatorem.
3498 1443 3635 1507 Quae

2038 1541 2235 1590 sancta
2261 1535 2488 1598 dicitur,
2506 1533 2637 1603 quia
2656 1533 2904 1603 quotidie
2935 1549 3034 1602 per
3058 1532 3400 1603 baptismum
3426 1533 3640 1587 sancti-

2042 1625 2243 1676 ﬁcatur
2271 1621 2582 1675 Jerusalem
2615 1620 2747 1690 quia
2775 1620 2846 1672 ad
2875 1620 2981 1673 hoc
3019 1620 3256 1685 laborat,
3279 1625 3344 1674 ut
3371 1622 3446 1675 ad
3473 1620 3639 1674 visio-

2041 1729 2172 1767 nem
2202 1712 2398 1782 patriae
2437 1710 2679 1764 celestis
2709 1708 3016 1779 perveniat.
3052 1709 3132 1762 De
3153 1706 3292 1763 coelo
3323 1710 3634 1775 descendit,

2045 1801 2179 1874 quia
2206 1816 2370 1854 omne
2403 1799 2551 1870 quod
2592 1798 2764 1851 habet
2791 1797 3000 1851 bonum
3049 1797 3266 1852 caelitus
3312 1797 3508 1852 datum
3553 1803 3642 1852 est

2044 1888 2129 1942 illi
2159 1904 2259 1958 per
2303 1887 2404 1941 Dei
2447 1887 2714 1960 gratiam,
2747 1887 2896 1941 unde
2940 1886 3180 1940 Jacobus
3209 1905 3219 1939 :
3245 1887 3416 1941 Omne
3444 1889 3642 1940 datum

2046 1981 2337 2046 optimum,
2372 1982 2421 2030 et
2464 1992 2622 2030 omne
2649 1977 2858 2030 donum
2884 1979 3185 2046 perfectum
3221 1977 3519 2030 desursum
3542 1981 3637 2040 est,

2047 2067 2368 2120 descendens
2388 2081 2421 2118 α
2442 2067 2605 2118 Patre
2636 2067 2920 2118 luminum
2943 2066 3086 2137 (Jac.
3117 2065 3329 2134 ni).Vel
3342 2066 3514 2119 etiam
3534 2065 3645 2118 sic-

2046 2162 2113 2208 ut
2130 2171 2303 2225 supra
2324 2153 2535 2207 dictum
2565 2159 2668 2219 est,
2683 2154 2739 2206 in
2761 2154 2943 2224 capite
2961 2169 3063 2208 suo
3082 2154 3382 2208 descendet
3393 2154 3462 2208 de
3482 2153 3642 2221 caelo,

2048 2241 2180 2316 quia
2191 2257 2313 2294 eam
2327 2241 2384 2293 in
2399 2245 2561 2294 utero
2577 2241 2834 2311 virginali
2846 2243 2970 2310 conj
2980 2241 3641 2312 unxit,undeApostolus:

2047 2328 2419 2398 Desponsavit
2456 2328 2563 2381 sibi
2594 2329 2853 2382 Christus
2881 2329 3182 2383 Ecclesium
3204 2346 3317 2383 non
3344 2329 3648 2384 habentem

2048 2418 2329 2471 maculam
2346 2420 2446 2471 aut.
2461 2433 2676 2488 rugam.
2687 2417 3014 2471 Claritatem
3029 2419 3129 2472 Dei
3145 2417 3478 2489 habet,quia
3501 2433 3535 2472 α
3563 2418 3650 2472 Fi-

2048 2507 2125 2560 lio
2139 2506 2241 2560 Dei
2255 2505 2732 2576 illuminatur,qui
2747 2509 3036 2560 illuminat
3047 2522 3266 2561 omnem
3280 2508 3558 2561 hominem
3568 2523 3652 2562 ve-

2051 2599 2293 2648 nientem
2309 2598 2371 2647 in
2388 2595 2536 2648 hunc
2564 2597 2842 2648 mundum
2871 2598 3048 2663 (Joan.
3068 2605 3127 2662 Ι).
3145 2595 3306 2649 Unde
3321 2596 3651 2667 etipseapo-

2052 2683 2210 2737 stolis
2224 2683 2497 2750 dicitzEgo
2513 2699 2639 2736 sum
2660 2686 2757 2736 tua:
2769 2683 3127 2753 mundi{.loan
3137 2684 3456 2751 .vm).Unde
3467 2685 3651 2755 sequi-

2054 2778 2165 2827 tur:
2174 2773 2238 2826 El
2261 2774 2452 2826 lumen
2465 2776 2581 2840 ejus
2595 2775 2777 2826 simile
2794 2773 2972 2841 lapidi
2987 2775 3214 2838 pretioso
3225 2779 3490 2843 tanquam
3514 2777 3653 2842 lapi-

2051 2861 2115 2913 di
2122 2861 2380 2929 jaspidis.
2407 2859 2642 2925 Dicitur,
2663 2861 2792 2931 quia
2821 2861 2955 2914 dum
2983 2862 3192 2915 electos
3215 2878 3352 2915 suos
3380 2861 3648 2929 illustrat,

1991 2955 2280 3037 Caeterum
2301 2949 2597 3002 viriditatis
2627 2949 2832 3020 pabulo
2863 2950 3073 3016 nutrit;
3101 2949 3244 3020 lapis
3276 2949 3424 3004 enim
3450 2949 3648 3021 jaspls,

2053 3036 2246 3091 viridis
2287 3042 2372 3090 est
2402 3037 2624 3103 coloris,
2655 3044 2712 3091 et
2737 3037 2861 3091 ideo
2893 3051 3004 3092 non
3049 3037 3510 3092 inconvenienter
3547 3054 3653 3109 per

2051 3126 2292 3196 lapidem
2301 3126 2578 3196 jaspidem
2591 3126 2748 3191 ,visio
2759 3126 3096 3196 intelligitur
3105 3132 3317 3180 sanctae
3332 3126 3646 3191 Trinitatis,

2052 3215 2123 3269 ad
2146 3231 2314 3290 quam
2361 3214 2560 3269 animm
2599 3220 2923 3269 sanctorum
2956 3216 3275 3286 pertingere
3307 3216 3649 3284 desiderant,

2051 3304 2508 3358 velutianimalia
2519 3305 2758 3358 virentia
2769 3321 3003 3376 qumque
3016 3305 3655 3382 perquirunt.Hincipse

2053 3394 2313 3448 dicit:Per
2342 3411 2426 3448 me
2447 3397 2496 3447 si
2523 3398 2648 3462 quis
2671 3398 2951 3448 introierit
2980 3397 3290 3449 mirabitur
3309 3397 3573 3466 (Joan.x),
3599 3401 3657 3451 et

2053 3483 2405 3553 ingredietur
2432 3499 2533 3554 per
2563 3484 2826 3544 iidem,et
2846 3483 3169 3552 egredietur
3198 3500 3231 3536 a
3258 3484 3369 3536 ﬁde
3386 3484 3457 3538 ad
3469 3502 3650 3555 spem,

2053 3579 2113 3626 et
2137 3588 2343 3642 pascua
2360 3571 2605 3624 inveniet
2633 3576 2854 3625 aeternae
2883 3571 3176 3624 satietatis.
3211 3571 3370 3624 Unde
3407 3577 3465 3626 et
3493 3573 3654 3628 Psal-

2057 3661 2225 3712 mista
2245 3659 2397 3712 dicit:
2419 3661 2688 3712 Dominus
2701 3661 2877 3725 pascit
2891 3666 3045 3722 me,et
3063 3659 3207 3712 nihil
3219 3660 3364 3712 mihi
3377 3661 3570 3716 deerit:
3585 3666 3652 3717 in

2059 3750 2170 3800 loco
2190 3763 2405 3815 pascua:
2443 3747 2523 3799 ibi
2566 3763 2651 3800 me
2684 3750 2961 3800 colloca-vit
3011 3749 3179 3815 (Psal.
3212 3751 3366 3817 xxii).
3404 3775 3468 3788 --
3494 3749 3653 3806 Sicut

2058 3838 2406 3908 crystallina.
2441 3834 2547 3888 Per
2596 3835 2920 3906 crystallum
2955 3852 3083 3889 vero
3139 3836 3476 3907 intelligitur
3517 3855 3655 3910 prae-

2057 3925 2234 3978 mium
2263 3939 2517 3994 supernae
2540 3924 3034 3994 remunerationis,
3062 3942 3184 3996 quae
3201 3925 3259 3979 in
3289 3927 3411 3998 ipsa
3435 3927 3652 3984 visione

2056 4013 2158 4068 Dei
2202 4011 2590 4083 complebitur.
2632 4013 2802 4076 Quasi
2844 4014 2991 4067 enim
3037 4031 3187 4085 aqua
3233 4015 3292 4069 in
3322 4017 3650 4088 crystallum

2055 4101 2455 4166 vertitur,dum
2469 4102 2760 4172 praemium
2773 4119 2838 4155 ex
2855 4118 3002 4174 aqua
3016 4110 3073 4158 et
3089 4103 3294 4180 spiritu
3322 4113 3652 4161 renatorum

2057 4192 2179 4262 ipsa
2203 4192 2304 4244 Dei
2333 4191 2730 4261 contemplatio
2752 4192 3018 4250 efficitur.
3034 4195 3177 4248 Nam
3200 4200 3256 4249 et
3275 4195 3325 4249 si
3350 4194 3491 4249 bene
3520 4212 3652 4266 per-

2057 4279 2374 4349 pendimus,
2403 4281 2552 4350 quod
2572 4281 2852 4350 signiﬁcat
2865 4282 3063 4353 jaspis,
3081 4283 3186 4338 hoc
3211 4287 3272 4338 et
3299 4285 3649 4357 crystallum,

2057 4367 2189 4438 quia
2217 4369 2598 4423 remuneratio
2641 4376 2966 4426 sanctorum
3004 4371 3146 4427 nihil
3188 4373 3342 4428 aliud
3372 4373 3500 4441 erit,
3535 4375 3653 4430 nisi

2053 4473 2298 4528 praesens
2335 4458 2436 4512 Dei
2469 4457 2671 4513 vultus.

2125 4547 2190 4601 Et
2220 4549 2444 4601 habebat
2474 4563 2704 4603 murum
2743 4566 3011 4617 magnum
3043 4556 3092 4605 et
3119 4555 3318 4607 altum.
3341 4553 3536 4609 Murus
3550 4552 3652 4610 Ec.

2055 4635 2239 4690 clesite
2267 4641 2354 4690 est
2389 4635 2664 4704 Christus,
2708 4638 2777 4692 de
2815 4656 2924 4710 quo
2961 4640 3137 4694 Isaias
3175 4640 3284 4697 ait:
3317 4643 3385 4697 In
3424 4646 3525 4697 illa
3562 4645 3651 4698 die

2049 4727 2375 4779 cantabitur
2405 4730 2685 4781 canticum
2706 4729 2858 4781 istud
2881 4731 2943 4782 in
2967 4734 3124 4784 terra
3144 4731 3313 4784 Iuda:
3337 4732 3495 4785 Urbis
3524 4733 3647 4799 for-

2055 4816 2316 4870 titudinis
2332 4820 2531 4868 nostra:
2556 4814 2695 4871 Sion
2725 4819 2987 4885 salvator,
3005 4825 3246 4888 ponetur
3263 4823 3326 4873 in
3355 4835 3418 4874 ea
3447 4836 3648 4876 murus

2051 4905 2181 4971 (Isa.
2198 4903 2502 4976 xxvnlpse
2523 4909 2610 4958 est
2629 4904 2799 4959 etiam
2814 4907 3150 4977 magnus,de
3177 4924 3286 4980 quo
3308 4909 3610 4966 Psalmista
3632 4928 3643 4965 :

2051 4991 2318 5048 Dominus
2339 4995 2402 5047 in
2417 4993 2554 5049 Sion
2572 5009 2812 5063 magnus
2831 4993 3003 5064 (Psat.
3030 4999 3404 5066 xcmr).Altus
3425 5013 3648 5074 quoque

2052 5087 2156 5147 est,
2186 5081 2320 5152 quia
2347 5099 2383 5136 a
2407 5081 2575 5138 Patre
2599 5098 2771 5155 super
2798 5085 2991 5141 omnia
3020 5085 3377 5156 sublimatus,
3411 5094 3468 5146 et
3492 5091 3645 5147 Deus

2051 5187 2276 5242 quoque
2295 5171 2468 5226 etiam
2486 5187 2588 5245 per
2604 5172 3014 5230 humanitatem
3038 5181 3126 5231 est
3151 5176 3647 5254 constitutuslpse

2053 5276 2276 5332 quoque
2307 5265 2393 5315 est
2419 5275 2637 5324 murus,
2670 5263 2776 5317 hoc
2835 5269 2922 5319 est
2972 5265 3224 5323 defensio
3272 5275 3328 5323 et
3375 5271 3646 5341 protectio

2053 5349 2312 5404 Ecclesiae
2353 5367 2488 5405 suae.
2519 5351 2622 5405 Vel
2669 5352 2840 5407 etiam
2880 5371 3075 5411 murus
3128 5358 3470 5428 generaliter
3520 5359 3647 5430 ipsa

2051 5437 2301 5492 Ecclesia
2323 5438 2678 5510 intelligitur,
2701 5459 2824 5513 quae
2851 5458 3046 5500 murus
3076 5447 3394 5517 appellatur
3410 5451 3646 5522 .pmpter

2049 5528 2378 5584 ﬁrmitatem
2405 5529 2537 5586 ﬁdei
2561 5536 2626 5586 et
2671 5535 3042 5591 constantiam
3068 5535 3367 5594 virtutum.
3403 5529 3642 5612 Magnus
