4048 6172
475 295 619 352 1199

923 289 1300 347 IIAYMONIS
1345 286 1833 343 HALBERSTAT.
1870 287 2068 343 EI’ISC

2152 288 2292 342 )PP.
2318 289 2504 344 PARS
2532 289 2576 344 Ι.
2611 319 2676 329 -
2709 289 3086 346 ΟΟΜΜΕΝΤ.
3125 290 3313 348 BIBL.

479 426 567 476 est
583 421 690 475 iste
705 435 920 482 murus,
937 418 1069 488 quia
1086 413 1328 470 Ecclesia
1347 429 1412 465 ex
1434 411 1625 466 multis
1654 420 1873 468 constat
1893 414 2066 467 ﬁdeli-
2084 423 2128 472 Α
2148 418 2510 484 terorumque
2533 413 2959 484 preedicatorum
2985 412 3187 477 edocti,
3206 413 3374 466 ﬁdem
3405 418 3616 466 sanctae
3635 411 3750 466 Tri'

477 509 602 572 bus,
630 514 686 562 et
705 524 805 578 per
834 516 1076 576 quatuor
1101 501 1295 556 mundi
1320 501 1546 555 climata
1589 502 1875 555 dilatatur.
1910 503 2074 556 Altus

477 613 701 670 quoque
728 602 831 656 est,
867 595 998 665 quia
1027 609 1258 662 corpore
1295 590 1573 644 inhabitat
1617 596 1852 653 terram,
1885 596 2074 644 mente

476 690 666 740 autem
693 683 940 755 possidet
970 681 1191 736 coelum.
1227 681 1305 734 De
1343 696 1454 750 quo
1483 679 1625 732 bene
1654 678 1946 733 subditur:
1979 680 2076 732 ha-

478 775 685 827 bentem
708 777 898 840 portas
927 773 1231 824 duodecim.
1262 769 1370 822 Per
1397 767 1690 822 duodecim
1722 767 1926 838 quippe
1952 785 2076 838 por-

475 868 565 916 tas
586 860 881 915 duodecim
919 859 1318 929 intelliguntur
1347 855 1602 928 apostoli.
1635 857 1704 910 Et
1729 873 1830 926 per
1858 856 2073 910 duode-

475 949 584 1004 cim
614 948 918 1022 apostolos,
951 947 1134 1002 omnis
1180 946 1317 1002 ordo
1349 946 1662 999 doctorum.
1693 961 1796 1016 per
1833 961 2071 1016 quorum

474 1037 853 1093 ministerium
888 1038 1165 1092 intramus
1190 1033 1509 1090 Ecclesiam.
1543 1033 1656 1104 Ipsi
1686 1033 1836 1087 enim
1857 1050 1960 1088 nos
1981 1034 2073 1088 ba-

473 1129 704 1201 ptizant,
739 1135 796 1182 et
837 1129 1102 1182 docentes
1128 1142 1228 1197 per
1273 1125 1439 1178 ﬁdem
1473 1123 1730 1177 Ecclesia:
1761 1123 1938 1193 portis
1969 1140 2069 1178 nos

471 1218 945 1273 introducunt.De
965 1215 1169 1287 quibus
1183 1214 1366 1268 adhuc
1385 1211 1748 1266 subinfertur:
1779 1217 1828 1265 et
1855 1216 1918 1265 in
1941 1229 2070 1280 por-

474 1308 543 1359 tis
566 1309 787 1375 angelos
813 1306 1120 1358 duodecim.
1152 1303 1214 1356 Id
1248 1308 1333 1356 est
1361 1302 1419 1354 in
1449 1301 1716 1370 apostolis
1745 1317 1940 1355 omnes
1964 1302 2066 1356 do-

471 1398 654 1448 ctores
683 1393 940 1463 subjecti,
973 1391 1118 1445 sicut
1146 1397 1280 1444 sunt
1313 1389 1627 1460 presbyteri
1659 1395 1716 1442 et
1743 1390 1928 1444 caeteri
1968 1390 2068 1442 mi-

469 1482 625 1535 noris
674 1481 886 1534 ordinis
919 1480 1174 1534 Ecclesiae
1205 1479 1485 1549 praepositi
1517 1497 1528 1530 :
1573 1479 1668 1548 qui
1699 1485 1756 1532 et
1783 1479 1829 1532 si
1863 1496 2068 1549 magna

470 1585 584 1624 non
613 1570 815 1628 valent,
849 1576 1040 1622 tamen
1089 1567 1309 1621 minora
1365 1583 1489 1636 qua:
1535 1573 1892 1636 acceperunt,
1917 1567 2066 1620 ﬁdeli

465 1659 672 1728 populo
694 1652 957 1712 nuntiare
978 1674 1090 1710 non
1121 1656 1420 1710 desistunt.
1449 1657 1526 1709 De
1550 1655 1750 1726 quibus
1777 1656 1835 1708 in
1865 1657 2070 1708 Zacha-

2157 502 2351 555 nitatis
2370 502 2831 572 perceperunt.Et
2847 501 2986 555 bene
2998 502 3220 570 quidem
3237 501 3478 572 primum
3493 501 3566 554 ab
3577 500 3749 555 orien-

2156 596 2212 642 te
2244 597 2418 660 portaa
2446 596 2581 653 tres,
2606 590 2806 642 deinde
2835 589 2904 642 ab
2925 589 3188 658 aquilone
3215 595 3747 653 commemorantur,

2159 678 2290 748 quia
2317 678 2473 749 prius
2499 679 2675 732 Judmi
2705 678 3083 739 crediderunt,
3117 677 3316 730 deinde
3363 677 3629 748 gentiles,
3662 678 3751 747 qui

2157 778 2288 820 ante
2301 776 2465 821 erant
2483 767 2539 820 in
2551 767 2829 836 aquilone,
2839 766 2932 837 qui
2951 775 3037 820 est
3046 765 3443 836 frigidissimus
3457 773 3514 820 et
3525 765 3754 820 durissi-

2155 872 2282 910 mus
2306 861 2528 920 ventus,
2555 855 2828 910 habentes
2857 853 3165 921 diabolum,
3217 855 3313 925 qui
3339 854 3508 908 dicit:
3542 856 3749 908 Ponam

2153 947 2330 998 sedem
2359 961 2539 998 meam
2569 947 2643 998 ad
2670 947 3009 1012 aquilonem.
3045 973 3110 983 —-
3136 944 3203 996 Et
3247 945 3315 996 ab
3355 949 3551 997 austro
3582 948 3751 1011 porta:

2156 1038 2282 1088 tres.
2309 1033 2418 1087 Per
2445 1038 2699 1087 austrum
2729 1033 3043 1087 claritatem
3068 1031 3198 1086 ﬁdei
3221 1031 3612 1102 intelligimus.
3630 1047 3750 1102 quae

2152 1121 2211 1175 in
2239 1127 2358 1176 toto
2383 1121 2516 1176 orbe
2545 1129 2828 1176 terrarum
2854 1120 3160 1192 lucetzquia
3181 1121 3315 1176 dum
3345 1121 3426 1174 sol
3449 1120 3510 1175 in
3532 1128 3747 1186 austro,

2150 1210 2207 1264 id
2235 1216 2320 1264 est
2351 1211 2408 1265 in
2438 1211 2620 1266 modio
2649 1217 2841 1265 centro
2871 1210 2996 1264 coeli
3026 1210 3238 1280 ﬁgitur,
3258 1214 3440 1264 totum
3471 1209 3750 1262 mundum

2151 1299 2453 1364 illuminat,
2488 1299 2814 1370 signiﬁcans
2843 1298 3153 1364 Christum,
3172 1298 3267 1368 qui
3296 1299 3419 1352 luce
3440 1297 3573 1352 ﬁdei
3591 1296 3752 1351 clari-

2149 1388 2283 1441 tatis
2312 1405 2424 1442 suae
2453 1388 2739 1442 illuminat
2767 1387 3086 1442 universam
3116 1387 3439 1441 Ecclesiam.
3459 1387 3528 1440 In
3559 1391 3751 1440 austro

2149 1476 2342 1546 itaque
2389 1483 2562 1547 porta:
2591 1483 2705 1531 tres
2735 1482 2886 1541 sunt,
2921 1477 3052 1547 quia
3083 1477 3220 1530 ﬁdes
3255 1481 3460 1530 sanctae
3491 1474 3750 1529 Ecclesiae

2151 1565 2447 1634 splendore
2468 1571 2674 1619 sancta:
2697 1565 2991 1620 Trinitatis
3013 1565 3364 1618 illuminatur
3391 1563 3675 1634 baptizata
3693 1563 3752 1616 in

2149 1656 2374 1708 nomine
2393 1655 2574 1708 Patris
2588 1660 2644 1708 et
2660 1653 2787 1707 Filii
2806 1661 2862 1707 et
2881 1653 3123 1724 Spiritus
3154 1653 3429 1707 sancti.Et
3458 1653 3528 1704 ab
3557 1667 3749 1704 occasu

467 1745 554 1800 ria
572 1747 796 1817 legitur:
814 1748 980 1801 Labia
1013 1746 1308 1799 sacerdotis
1337 1747 1654 1798 custodiunt
1683 1748 1990 1804 scientiam,
2019 1727 2130 1797 etB
2152 1751 2318 1812 porta
2341 1749 2466 1796 tres.
2499 1745 2604 1797 Per
2623 1760 2879 1797 occasum
2912 1742 3270 1795 novissimam
3299 1740 3494 1795 mundi
3525 1746 3749 1794 aetatem

469 1836 637 1903 legem
668 1839 967 1904 requirunt
1013 1852 1078 1888 ea:
1108 1851 1198 1888 ore
1230 1838 1364 1902 ejus,
1403 1837 1535 1902 quia
1585 1836 1813 1900 angelus
1846 1835 2070 1886 Domini

467 1927 811 1978 exercituum
843 1930 916 1978 est
972 1925 1122 1991 (Mal.
1155 1927 1229 1984 11).
1263 1925 1326 1976 1n
1364 1921 1654 1976 duodecim
1705 1939 1837 1991 ergo
1868 1921 2064 1990 portis,

468 2011 760 2067 duodecim
792 2013 976 2083 angeli
1027 2012 1357 2071 consistunt,
1391 2011 1523 2080 quia
1575 2011 1831 2064 doctores
1880 2011 2066 2064 Eccle-

468 2100 564 2154 sia:
617 2100 785 2155 ﬁdem
834 2106 892 2154 et
929 2100 1163 2170 vestigia
1206 2099 1586 2170 apostolorum
1635 2105 1967 2168 sequuntur.
2000 2100 2066 2152 Et

469 2191 702 2244 nomina
727 2193 932 2257 scripta
947 2206 1066 2257 qua
1093 2194 1226 2242 sunt
1259 2191 1488 2241 nomina
1506 2190 1786 2241 duodecim
1817 2189 2063 2241 tribuum

469 2279 720 2344 ﬁliorum
753 2279 948 2330 Israel.
980 2277 1149 2330 Filios
1194 2276 1370 2330 Israel
1408 2293 1519 2330 non
1551 2275 1823 2330 debemus
1856 2275 2066 2330 intelli-

467 2380 602 2436 gere
631 2365 934 2419 carnaliter
962 2364 1253 2419 duodecim
1281 2365 1428 2418 ﬁlios
1469 2363 1660 2429 Jacob,
1694 2381 1932 2434 quorum
1963 2365 2069 2419 fuit

468 2451 709 2523 reproba
730 2453 858 2519 vita,
882 2454 1028 2508 sicut
1057 2453 1350 2524 Scriptura
1378 2453 1721 2515 manifestat,
1755 2452 1852 2506 sed
1879 2458 2067 2523 patres

467 2541 772 2612 spiritales,
803 2558 868 2595 ex
898 2543 1019 2612 ejus
1047 2542 1314 2613 progenie
1333 2541 1756 2606 descendentes,
1789 2541 1936 2596 sicut
1963 2541 2069 2596 fuit

468 2629 665 2694 Isaias,
694 2631 986 2690 Jeremias,
1021 2631 1320 2702 caeterique
1344 2631 1648 2702 prephetae,
1679 2646 1920 2700 quorum
1971 2646 2067 2684 no-

467 2719 624 2774 mina
650 2720 862 2793 scripta
898 2724 1032 2775 sunt
1059 2720 1117 2774 in
1145 2721 1340 2791 portis,
1376 2721 1506 2790 quia
1535 2719 1809 2773 memoria
1839 2719 2066 2772 illorum

466 2806 527 2861 in
554 2807 666 2862 ﬁde
705 2807 1027 2863 continetur
1053 2805 1626 2878 apostolorum.Quod
1657 2807 1804 2860 enim
1839 2807 1933 2860 isti
1964 2824 2068 2860 an-

468 2896 734 2950 nuntiant
768 2897 1002 2956 factum,
1048 2895 1130 2950 illi
1183 2895 1566 2967 praedixerunt
1622 2895 1896 2950 futurum.
1926 2895 2070 2959 Quia

467 3001 602 3056 ergo
628 2986 825 3039 eadem
873 3001 997 3056 qua:
1039 2984 1118 3037 illi
1147 2985 1528 3056 praedixerunt
1555 2984 1913 3050 annuntiant,
1957 3000 2070 3038 me-

2150 1832 2509 1902 accipiamus,
2546 1832 2604 1885 in
2626 1849 2736 1902 qua
2765 1849 2864 1903 per
2895 1831 3072 1884 Eliam
3095 1836 3151 1884 et
3169 1831 3377 1892 Enoch,
3402 1836 3749 1899 caaterosque

2151 1921 2561 1991 praedicatores,
2613 1921 2809 1974 eadem
2850 1921 2990 1974 ﬁdes
3045 1926 3248 1974 sanctae
3301 1918 3594 1972 Trinitatis
3651 1933 3751 1987 per

2150 2009 2621 2080 quadripertitum
2671 2009 2862 2062 orbem
2912 2009 3274 2062 diﬁ'undetur.
3307 2008 3532 2061 Judaeos
3578 2014 3749 2076 atque

2147 2098 2385 2167 gentiles
2441 2098 2654 2168 pariter
2703 2097 3092 2168 complectens.
3153 2097 3540 2151 Duodenarius
3597 2096 3749 2148 enim

2150 2203 2419 2240 numerus
2436 2192 2592 2256 porta
2601 2203 2724 2240 rum
2735 2187 2849 2256 .qui
2863 2203 2965 2256 per
2977 2192 3220 2257 quatuor
3236 2185 3430 2239 mundi
3444 2190 3637 2255 partes
3647 2183 3748 2237 sub

2147 2275 2395 2328 ternario
2423 2275 2934 2345 comprehenditur,
2969 2275 3040 2328 ad
3070 2274 3444 2328 ministerium
3494 2275 3746 2343 pertinet

2149 2363 2442 2417 duodecim
2473 2363 2875 2433 apostolorum,
2904 2379 3004 2434 per
3032 2379 3172 2433 quos
3220 2362 3359 2415 ﬁdes
3385 2368 3594 2415 sancta:
3622 2359 3749 2414 Tri-

2148 2451 2343 2505 nitatis
2367 2467 2469 2522 per
2496 2451 2971 2522 quadripartitum
2995 2451 3185 2504 orbem
3216 2450 3420 2504 diﬁusa
3445 2455 3553 2504 est.

2217 2541 2284 2594 Et
2314 2556 2515 2594 murus
2539 2543 2778 2594 civitatis
2810 2540 3011 2593 habens
3037 2541 3407 2607 fundamenta
3435 2539 3741 2592 duodecim.

2149 2628 2349 2682 Murus
2378 2629 2496 2700 ipsa
2526 2634 2614 2682 est
2639 2627 2852 2689 civitas,
2877 2645 2999 2698 qua:
3029 2626 3196 2681 habet
3216 2626 3510 2681 duodecim
3541 2626 3745 2681 funda-

2149 2724 2359 2771 menta.
2378 2716 2510 2786 quia
2540 2715 2597 2769 in
2626 2717 3008 2786 apostolorum
3036 2721 3094 2770 et
3122 2715 3520 2786 prophetarum
3540 2715 3746 2769 doctri-

2149 2822 2225 2860 na
2247 2805 2775 2869 consistit.Quorum
2798 2804 3291 2859 fundamentorum
3315 2803 3744 2858 fundamentum

2153 2895 2409 2950 Christus
2433 2899 2535 2955 est,
2567 2894 2635 2948 de
2672 2911 2781 2965 quo
2827 2895 3036 2949 Paulus
3079 2893 3252 2948 dicit:
3298 2895 3743 2947 Fundamentum

2151 2985 2314 3038 aliud
2338 3000 2494 3037 nemo
2517 2989 2689 3052 potest
2717 2999 2918 3051 ponere
2940 2989 3144 3051 praeter
3189 2984 3250 3036 id
3303 2984 3448 3051 quod
3495 2986 3742 3050 positum

469 3074 709 3128 moriam
740 3074 963 3128 illorum
998 3073 1055 3127 in
1087 3074 1204 3127 suis
1233 3073 1498 3127 cordibus
1519 3089 1579 3126 se
1605 3072 1811 3126 habere
1834 3073 2062 3126 insitam
2085 3081 2127 3140 ί]
2150 3077 2247 3132 est,
2287 3073 2429 3141 quod
2484 3078 2559 3126 est
2617 3072 2866 3126 Christus
2923 3075 3078 3126 Jesus
3122 3073 3171 3136 (Ι
3201 3073 3320 3126 Cor.
3355 3085 3452 3136 111,.
3508 3070 3746 3134 Quando

471 3163 880 3217 demonstrant.
915 3163 1041 3216 Sive
1071 3163 1241 3216 etiam
1282 3162 1338 3215 in
1370 3161 1666 3215 duodecim
1714 3161 1843 3215 ﬁliis
1895 3161 2068 3216 Israel

470 3267 770 3320 possumus
799 3250 1114 3319 intelligere
1144 3267 1338 3304 omnes
1357 3256 1571 3320 gentes,
1601 3250 1747 3304 sicut
1775 3250 1832 3304 in
1863 3251 2070 3304 duode-

471 3339 580 3392 cim
602 3337 871 3409 apostolis
887 3338 1253 3408 intelligimus
1284 3354 1508 3392 omnem
1533 3339 1784 3392 ordinem
1809 3340 2064 3409 praedica-

471 3433 659 3482 torum
700 3427 764 3481 In
793 3426 1086 3480 duodecim
1117 3443 1250 3496 ergo
1283 3426 1460 3497 portis
1505 3427 1735 3480 nomina
1776 3428 2068 3481 duodecim

474 3517 721 3571 ﬁliorum
747 3516 922 3570 Israel
942 3516 1152 3586 scripta
1167 3515 1457 3586 sunt.quia
1479 3515 1536 3568 in
1559 3516 1666 3570 ﬁde
1694 3522 1750 3570 et
1771 3516 2070 3570 dilectione

473 3607 876 3678 apostolorum,
908 3621 1102 3659 omnes
1128 3612 1324 3674 gentes
1350 3605 1844 3662 consistunt.Hinc
1863 3606 2071 3660 Paulus

473 3695 644 3750 dicit:
678 3696 919 3763 Epistola
951 3700 1140 3748 nostra
1174 3711 1258 3747 vos
1290 3697 1416 3747 estis
1460 3697 1665 3761 scripta
1713 3697 1775 3747 in
1818 3696 2072 3748 cordibus

475 3786 680 3838 nostris
699 3784 773 3854 (ll
793 3783 914 3837 Cor.
939 3786 1036 3844 111).
1067 3784 1146 3836 Ab
1167 3785 1374 3835 oriente
1398 3787 1570 3849 portae
1601 3787 1727 3835 tres.
1751 3783 1859 3836 Per
1885 3783 2072 3836 orien-

474 3875 590 3924 tem
617 3869 857 3942 populus
876 3869 1214 3939 intelligitur
1234 3868 1574 3935 Iudaeorum,
1595 3870 1664 3923 de
1686 3886 1795 3940 quo
1817 3870 2073 3925 Christus

474 3968 563 4015 est
614 3967 841 4014 exortus
874 3958 969 4029 qui
1015 3964 1102 4012 est
1152 3974 1314 4012 verus
1343 3959 1425 4012 sol
1459 3958 1696 4028 justitize
1748 3958 2072 4016 illuminans

474 4050 647 4105 corda
670 4048 1038 4103 credentium.
1067 4047 1151 4101 Ibi
1181 4047 1329 4101 enim
1356 4048 1584 4101 fuerunt
1611 4048 1857 4118 primum
1898 4055 2072 4118 portae

472 4145 608 4200 tres,
635 4139 741 4192 hoc
768 4144 856 4192 est
875 4137 1015 4190 ﬁdes
1035 4143 1240 4191 sanctae
1266 4135 1578 4200 Trinitatis,
1601 4135 1656 4190 in
1683 4137 1792 4190 illis
1821 4137 2066 4207 primum

475 4227 812 4282 annuntiata
841 4232 928 4280 est
955 4242 989 4279 a
1010 4225 1299 4296 prOphetis
1327 4231 1384 4279 et
1411 4225 1626 4278 ceteris
1646 4225 1836 4295 justis,
1853 4226 1948 4296 qui
1970 4241 2071 4296 per

2150 3161 2297 3215 enim
2354 3161 2717 3230 singulariter
2777 3160 3205 3215 fundamentum
3244 3159 3592 3222 enuntiatur,
3628 3160 3747 3229 ipse

2151 3251 2408 3304 Christus
2453 3249 2808 3319 intelligitur,
2837 3266 3006 3320 super
3034 3266 3200 3319 quem
3244 3249 3425 3302 omnis
3453 3249 3746 3302 aediﬁcatio

2151 3337 2416 3392 Ecclesia:
2439 3338 2831 3392 constituitur:
2859 3338 3094 3401 Quando
3114 3338 3264 3391 enim
3299 3337 3617 3408 pluraliter,
3647 3353 3747 3406 pa-

2151 3427 2426 3490 triarchte,
2477 3427 2734 3498 apostoli,
2775 3428 3074 3498 caeterique
3103 3428 3374 3481 doctores.
3407 3426 3569 3481 Unde
3598 3426 3744 3479 idem

2151 3518 2452 3587 Apostolus
2481 3517 2618 3571 dicit
2645 3535 2656 3569 :
2684 3520 2809 3570 Jam
2837 3533 2949 3571 non
2978 3521 3102 3571 estis
3150 3518 3380 3584 hospites
3425 3521 3474 3568 et
3501 3516 3742 3580 θαι-τηεν,

2152 3607 2244 3658 sed
2266 3609 2389 3658 estis
2417 3608 2552 3659 cives
2579 3610 2902 3658 sanctorum
2922 3612 2971 3657 et
2992 3606 3276 3658 domestici
3293 3605 3392 3657 Dei
3410 3605 3745 3672 supersedi/i-

2153 3697 2434 3762 catisuper
2452 3696 2884 3760 fundamentum
2898 3697 3266 3761 apostolorum
3283 3698 3329 3745 et
3344 3693 3743 3760 prophetarum

2151 3783 2368 3851 (Ep/tes.
2392 3785 2476 3850 11).
2520 3782 2610 3837 Sic
2637 3798 2769 3852 ergo
2796 3782 3231 3836 fundamentum
3260 3780 3498 3851 apostoli
3525 3781 3746 3833 caeteri-

2156 3886 2264 3940 que
2285 3871 2538 3924 doctores
2558 3871 2970 3940 intelliguntur,
2993 3870 3053 3924 in
3072 3887 3186 3925 uno
3209 3869 3570 3924 fundamento
3581 3867 3742 3922 Chri-

2153 3963 2240 4012 sto
2258 3958 2495 4025 fundati;
2529 3959 2646 4030 ipse
2667 3959 2817 4013 enim
2848 3966 2934 4014 est
2957 3960 3386 4013 fundamentum
3413 3959 3744 4012 fundamen-

2152 4052 2339 4101 torum
2387 4047 2531 4102 sicut
2571 4055 2657 4102 est
2685 4049 2800 4102 Rex
2827 4064 3028 4117 regum
3058 4053 3116 4102 et
3150 4047 3418 4102 Dominus
3447 4047 3747 4100 dominan-

2153 4137 2316 4190 tium.
2350 4137 2432 4190 Ad
2468 4136 2573 4191 hoc
2593 4136 2743 4190 enim
2780 4137 3026 4207 pertinet
3053 4137 3203 4206 quod
3225 4136 3414 4198 etiam,
3438 4135 3748 4189 nominatis

2150 4226 2554 4285 fundamentis,
2576 4217 2707 4297 agni
2732 4243 2936 4281 nomen
2963 4243 3076 4281 non
3101 4227 3276 4288 siluit,
3305 4227 3402 4280 sed
3428 4226 3540 4279 ait:
3586 4225 3652 4278 Et
3687 4229 3752 4278 in

477 4315 750 4386 Spiritum
778 4314 1104 4379 illuminati,
1137 4315 1305 4367 ﬁdem
1331 4320 1537 4368 sancta:
1565 4314 1856 4368 Trinitatis
1871 4330 2134 4415 cogno-D
2155 4319 2287 4384 ipsis
2306 4317 2587 4370 duodecim
2606 4321 2836 4370 nomina
2851 4319 3133 4370 duodecim
3144 4319 3512 4384 apostolorum
3528 4317 3748 4381 etagni.

475 4410 696 4464 verunt,
724 4403 873 4458 unde
898 4402 1072 4457 Isaias
1095 4402 1231 4455 dicit
1281 4403 1505 4456 audisse
1549 4419 1608 4457 se
1647 4403 1935 4457 cherubim
1967 4402 2131 4457 εἰει-⁸
2158 4404 2225 4457 Et
2251 4405 2309 4457 in
2329 4405 2462 4474 ipsis
2487 4405 2888 4467 fundamentis,
2921 4405 3025 4458 hoc
3049 4411 3134 4458 est
3164 4405 3220 4457 in
3253 4404 3362 4458 ﬁde
3391 4403 3756 4474 patriarcha-

475 4493 723 4547 mantia:
745 4490 1001 4553 Sanctus,
1026 4496 1268 4551 sanctus,
1304 4493 1668 4555 sanctus(lsa.
1694 4491 1916 4560 lv),Sed
1941 4491 2075 4562 quia

473 4582 533 4636 in
583 4580 836 4634 trinitate
869 4595 1238 4650 personarum
1270 4577 1604 4647 intelligitur
1633 4595 1746 4632 una
1783 4580 2066 4649 majestas,

473 4688 604 4726 cum
633 4669 928 4742 pluraliter
947 4668 1371 4740 praemisissent,
1395 4668 1649 4730 Sanctus,
1675 4675 1919 4732 sanctus,
1941 4685 2068 4722 san-

474 4760 893 4827 ctus,unitatem
915 4757 1244 4812 substantiae
1261 4757 1617 4811 attendentes
1632 4758 2070 4827 adjungunt,Do-

474 4853 664 4904 minus
685 4851 826 4903 Deus
852 4848 1108 4903 Sabaoth.
1135 4846 1406 4900 Similiter
1431 4852 1486 4899 et
1510 4846 1807 4899 Psalmista
1827 4845 2070 4916 praemit-

473 4943 616 4992 tens:
639 4937 943 4992 Benedicat
969 4953 1071 4990 nos
1087 4936 1237 4989 Deus
1260 4936 1447 4994 Pater,
1465 4933 1758 4988 bcnedicut
1787 4950 1888 4988 nos
1923 4935 2068 4988 Deus

472 5025 964 5092 Filius,benedicat
976 5043 1077 5080 nos
1089 5026 1236 5079 Deus
1249 5024 1490 5095 Spiritus
1501 5024 2068 5088 sanctus,trinitatem

472 5129 842 5184 personarum
857 5113 1126 5168 convertit
1141 5114 1210 5167 ad
1224 5113 1499 5168 unitatem
1516 5114 1624 5183 niaj
1633 5113 2062 5177 estatis,dicens:

471 5203 548 5262 Et
602 5207 852 5256 metuant
908 5221 1032 5256 eum
1076 5220 1259 5256 omnes
1305 5206 1439 5269 ﬁnes
1486 5208 1642 5256 terra
1689 5205 1852 5262 qual.
1901 5206 2062 5271 1.1m).

473 5294 552 5347 Ab
577 5294 836 5360 aquilone
862 5297 1030 5358 porta:
1055 5293 1296 5345 tres.Per
1323 5291 1640 5362 aquilonem
1673 5291 2066 5360 intelliguntur

472 5381 730 5453 gentiles,
753 5379 811 5433 in
839 5381 1019 5449 ﬁgura
1041 5379 1408 5446 inﬁdelitatis,
1433 5387 1488 5434 et
1515 5380 1844 5451 ignorantiae
1873 5379 2058 5449 positi,

471 5471 617 5526 sicut
643 5471 872 5524 fuerunt
904 5475 1094 5540 patres
1131 5469 1328 5523 nostri.
1360 5468 1443 5523 Ibi
1473 5485 1696 5540 quoque
1725 5474 1857 5523 sunt
1887 5475 2060 5539 portae

472 5565 608 5627 tres,
633 5559 766 5633 quia
784 5564 842 5614 et
857 5557 1100 5630 gentiles
1111 5574 1212 5632 per
1229 5557 1542 5614 doctrinam
1561 5559 1944 5630 apostolorum
1955 5574 2065 5613 cai~

2155 4509 2278 4548 rum
2293 4498 2347 4546 et
2361 4494 2764 4562 apostolorum,
2781 4493 3011 4548 nomina
3027 4493 3320 4546 duodecim
3339 4491 3753 4562 apostolorum,

2156 4582 2289 4652 quia
2304 4582 2560 4636 videlicet
2588 4582 2840 4653 quisquis
2868 4583 2923 4635 in
2947 4581 3196 4636 Ecclesia
3217 4581 3467 4652 regimen
3490 4579 3754 4650 suspicit,

2151 4671 2334 4725 locum
2375 4671 2758 4742 apostolorum
2815 4676 2985 4734 tenet,
3023 4687 3261 4741 quorum
3311 4669 3628 4723 doctrinam
3699 4674 3759 4722 et

2152 4764 2309 4814 actus
2333 4760 2684 4814 imitatur.Et
2705 4766 2768 4814 ut
2791 4759 3102 4814 absolutius
3122 4760 3227 4813 hoc
3246 4759 3337 4818 sit,
3351 4758 3610 4812 dicamus
3632 4757 3759 4812 fun-

2128 4849 2436 4912 damenta,
2470 4849 2822 4919 patriarchas
2851 4866 2974 4903 esse
3002 4855 3058 4902 et
3088 4849 3413 4919 prophetas,
3445 4846 3504 4900 in
3549 4846 3759 4917 quibus

2152 4938 2385 4991 nomina
2432 4937 2730 4991 duodecim
2785 4938 3166 5008 apostolorum
3221 4943 3370 4996 sunt,
3403 4936 3539 5006 quia
3587 4935 3760 4988 ﬁdem

2153 5041 2320 5095 quam
2368 5029 2736 5096 perceperunt
2779 5025 3037 5096 apostoli,
3062 5024 3385 5078 habuerunt
3435 5029 3493 5078 et
3538 5023 3658 5076 illi:
3693 5029 3761 5076 et

2152 5131 2317 5183 quem
2347 5114 2441 5167 isti
2469 5113 2828 5168 crediderunt
2857 5115 2914 5167 in
2943 5130 3110 5168 carne
3137 5113 3375 5178 venisse,
3396 5113 3472 5165 illi
3495 5126 3766 5182 premun-

2149 5202 2432 5256 tiaverunt
2458 5209 2778 5256 venturum.
2835 5202 2980 5256 Hinc
3005 5202 3308 5256 Psalmista
3332 5201 3497 5255 dicit:
3528 5200 3768 5253 Funda-

2148 5297 2334 5345 menta
2362 5294 2477 5359 ejus
2509 5295 2570 5345 in
2605 5293 2882 5345 montibus
2909 5295 3114 5345 sanctis
3137 5293 3308 5357 (Psal.
3342 5288 3767 5352 Lxxxvi).Mon—

2145 5386 2233 5434 tes
2264 5379 2472 5450 quippe
2495 5380 2600 5450 ipsi
2633 5386 2766 5434 sunt
2796 5380 3126 5451 patriarchae
3155 5385 3212 5434 et
3249 5379 3558 5450 prophetae,
3586 5393 3767 5449 super

2144 5485 2286 5539 quos
2315 5470 2454 5523 Novi
2478 5469 2827 5524 Testamenti
2862 5469 3120 5524 doctores
3150 5469 3477 5531 fundantur,
3502 5467 3641 5538 quia
3670 5483 3766 5522 eo-

2143 5573 2274 5613 rum
2302 5557 2472 5613 ﬁdem
2494 5557 2812 5615 imitantur.
2843 5555 3157 5628 Tanquam,
3179 5557 3393 5612 scilicet
3421 5555 3767 5612 fundamen-

3615 287 3752 346 1200
3831 331 3834 334 .
