4006 6164
353 151 488 211 1201

1271 154 1653 212 EXPOSITIO
1683 152 1766 208 IN
1793 150 2314 208 APOCALYPSIN.
2353 178 2419 193 ——
2447 149 2583 204 LIB.
2618 148 2741 206 VII.

3498 151 3638 210 1202

352 287 474 335 tum
502 294 674 350 super
697 279 1087 341 fundamenta.
1116 280 1250 352 quia
1283 286 1339 333 et
1368 279 1474 350 ipsi
1506 283 1723 332 montes
1750 277 1804 331 fu
1815 276 1952 330 nda-
1970 280 2016 335 A
2038 279 2196 346 parte
2219 270 2448 341 aequalis
2468 275 2553 324 est
2588 270 2769 328 Tanta
2790 280 2876 329 est
2898 275 3090 346 itaque
3109 276 3400 347 longitudo
3420 282 3633 349 quanta

351 377 546 423 menta
574 385 694 422 esse
731 374 1057 423 noscuntur.

425 458 492 512 Et
545 463 646 525 qui
683 460 1006 526 loquebatur
1065 474 1300 521 mecum,
1356 457 1582 509 habebat
1629 471 1953 508 mensuram

355 549 730 602 arundineam
749 563 1002 607 auream,
1025 553 1085 599 ut
1107 549 1400 599 metiretur
1416 548 1712 599 civitatem.
1735 545 1834 597 Hic
1857 559 1953 596 an-

353 635 516 704 gelus
532 641 726 705 typum
751 635 850 688 ﬁlii
870 634 967 688 Dei
989 634 1235 697 tenebat,
1255 633 1387 703 quia
1403 632 1592 686 omnia
1613 648 1877 685 mensura
1897 637 1953 685 et

353 737 593 776 numero
622 722 885 792 disponit.
911 723 1052 776 Nam
1078 739 1178 792 per
1206 721 1561 782 arundinem,
1590 721 1832 774 divinam
1860 720 1952 774 de-

351 808 552 864 bemus
578 811 891 880 intelligere
920 810 1370 881 praedicationem
1397 829 1410 876 ;
1444 811 1578 880 quia
1605 809 1753 863 enim
1784 825 1950 862 arun-

355 899 486 953 dine
511 899 794 962 scribitur,
829 907 978 954 recte
1009 917 1110 971 per
1139 899 1472 953 arundinem
1507 899 1795 969 Scriptura
1819 914 1950 951 san-

355 992 444 1040 cta
475 988 829 1057 intelligitur.
855 988 925 1041 ab
944 988 1219 1041 efﬁciente
1251 988 1509 1041 videlicet
1532 988 1668 1040 illud
1700 987 1844 1056 quod
1870 987 1950 1040 ef-

355 1076 564 1130 ﬁcitur.
600 1077 716 1130 Hac
745 1077 936 1147 itaque
965 1078 1260 1136 arundine.
1296 1077 1349 1130 id
1398 1083 1482 1129 est
1513 1076 1699 1128 divino
1730 1075 1951 1145 eloquio

355 1165 539 1234 tangit
561 1169 618 1218 et
650 1166 932 1220 illuminat
957 1166 1104 1220 Deus
1127 1167 1295 1219 corda
1321 1165 1594 1229 ﬁdelium,
1618 1164 1806 1234 ibique
1832 1181 1955 1234 per-

353 1254 552 1324 pendit
570 1260 627 1308 et
643 1255 877 1308 metitur
895 1255 1045 1308 facta
1065 1254 1415 1324 singulorum
1438 1259 1608 1323 atque
1633 1254 1914 1324 profectus
1937 1270 1949 1305 :

360 1344 496 1397 dum
519 1344 611 1396 alii
630 1343 828 1397 tribuit
851 1359 1167 1396 sermonem
1191 1343 1498 1412 sapientiae,
1517 1342 1613 1395 alii
1631 1341 1956 1411 generaliu-

349 1447 590 1501 guarum
618 1439 720 1485 etc.
749 1432 882 1495 Quae
906 1448 1171 1485 mensura
1194 1431 1506 1484 arundinea
1532 1446 1705 1482 aurea
1724 1429 1948 1490 dicitur.

2039 369 2095 415 et
2123 359 2361 414 latitudo
2396 378 2406 411 :
2452 361 2581 429 quia
2613 369 2822 431 quanta
2859 371 2945 418 est
2984 365 3142 430 ﬁdes,
3170 371 3331 419 tanta
3367 373 3454 420 est
3479 384 3627 437 spes,

2035 459 2195 508 tanta
2227 453 2488 513 charitas.
2515 460 2670 506 tanta
2695 455 3059 510 nihilominus
3080 464 3136 512 et
3154 460 3425 528 operatio.
3449 461 3634 524 Quan-

2035 548 2155 596 tum
2197 543 2344 595 enim
2385 542 2922 600 credimus.tantum
2960 562 3236 612 amamus,
3271 555 3327 601 et
3357 555 3630 618 quantum

2035 647 2312 688 amamus.
2344 636 2566 684 tantum
2599 631 2668 684 de
2697 649 2795 702 spe
2827 634 3248 703 praesumimus;
3283 642 3340 690 et
3371 637 3428 690 in
3458 653 3636 707 quan-

2032 726 2152 772 tum
2185 736 2284 789 per
2311 735 2468 789 spem
2498 719 2569 772 ad
2597 737 2843 790 superna
2870 722 3159 791 erigimur.
3187 727 3408 778 tantum
3434 741 3536 795 per
3553 725 3635 780 di-

2031 808 2327 861 lectionem
2351 809 2497 861 circa
2510 808 2688 862 Deum
2707 816 2763 862 et
2785 811 3099 879 proximum
3123 812 3494 878 extendimur,
3510 819 3635 869 tan-

2032 903 2266 966 tumque
2298 897 2477 967 ipsam
2510 897 2698 962 ﬁdem,
2731 915 2884 968 spem
2918 905 2976 952 et
3003 900 3338 954 charitatem
3370 902 3634 972 operibus

2033 1001 2304 1039 exornare
2341 985 2651 1038 studemus.
2687 986 2961 1041 Similiter
2987 990 3370 1060 unusquisque
3410 995 3634 1046 tantum

2034 1075 2278 1144 prudens
2307 1080 2412 1139 est,
2451 1080 2723 1143 quantum
2763 1081 3103 1146 temperans,
3137 1078 3298 1132 fortis
3330 1083 3385 1132 et
3408 1081 3622 1149 justus.

2035 1163 2277 1216 Tantum
2308 1167 2651 1230 temperans,
2688 1171 2959 1233 quantum
2993 1167 3436 1237 prudens,fortis
3465 1173 3517 1222 et
3543 1170 3636 1239 ju-

2038 1256 2178 1304 stus.
2211 1251 2452 1303 Tantum
2497 1251 2674 1316 fortis,
2709 1259 2978 1321 quantum
3012 1256 3278 1325 prudens,
3310 1261 3635 1327 temperans

2038 1345 2094 1393 et
2117 1341 2323 1409 justus.
2348 1341 2590 1393 Tantum
2609 1342 2817 1410 justus,
2840 1350 3111 1412 quantum
3137 1344 3403 1414 prudens,
3423 1351 3635 1416 tempe-

2032 1443 2186 1491 rans,
2212 1427 2372 1479 fortis
2402 1427 2588 1480 fuerit.
2615 1430 2682 1481 Et
2715 1445 2933 1482 mensus
2959 1436 3036 1483 est
3065 1434 3343 1485 civitatem
3367 1433 3431 1486 de
3458 1449 3637 1487 arun-

353 1527 584 1591 propter
608 1521 919 1574 claritatem
952 1519 1152 1572 divinae
1185 1519 1494 1588 sapientiae,
1521 1535 1642 1588 qua:
1671 1519 1728 1570 in
1754 1518 1954 1587 pleris-
1973 1588 2005 1591 _
2039 1517 2170 1567 dine
2197 1531 2370 1567 aurea
2396 1531 2497 1581 per
2526 1517 2706 1568 stadia
2737 1518 3020 1570 duodecim
3052 1522 3258 1572 millia.
3287 1520 3411 1573 Jam
3441 1520 3636 1574 civitas

353 1588 475 1679 que
493 1609 626 1662 locis
649 1625 787 1661 auro
816 1609 1110 1676 ﬁguratur.
1148 1607 1307 1660 Unde
1339 1611 1457 1660 est:
1489 1609 1724 1673 Accipite
1745 1588 2019 1673 sapien-B
2044 1603 2286 1656 Ecclesia
2333 1603 2684 1672 intelligitur,
2725 1606 2942 1659 arundo
2994 1607 3248 1660 doctrina
3293 1608 3635 1678 evangelica.

374 1698 514 1748 tiam
542 1698 683 1748 sicut
711 1710 940 1747 aurum.
975 1694 1078 1746 Hic
1106 1693 1296 1762 itaque
1322 1693 1597 1746 arundine
1625 1693 1860 1746 metitur
1888 1693 1961 1745 ci-

370 1783 622 1839 vitatem.
660 1782 717 1836 id
767 1789 853 1836 est
897 1782 1267 1836 universalem
1317 1782 1640 1834 Ecclesiam.
1676 1783 1738 1834 Et
1772 1786 1962 1848 portas

370 1874 507 1938 ejus,
539 1871 596 1924 id
621 1876 706 1924 est
729 1872 983 1924 doctores
1003 1877 1060 1924 et
1089 1870 1415 1941 praepositos
1443 1869 1716 1923 Ecclesiae.
1746 1870 1810 1922 Et
1834 1886 1960 1922 mu-

371 1975 525 2024 rum,
548 1959 809 2024 civitatis,
843 1960 900 2013 in
931 1975 1041 2030 quo
1071 1959 1207 2013 nihil
1236 1959 1388 2012 aliud
1420 1975 1589 2029 quam
1619 1958 1740 2028 ipsa
1767 1957 1961 2010 civitas

367 2047 650 2118 intelligit.

438 2137 507 2190 Et
527 2141 720 2191 civitas
742 2140 803 2191 in
825 2139 1038 2205 quadra
1057 2141 1235 2204 posita
1255 2142 1345 2190 est.
1373 2137 1436 2190 In
1465 2136 1739 2206 quadrata
1758 2135 1957 2204 ﬁgura,

2044 1691 2217 1744 Porro
2245 1707 2346 1761 per
2364 1692 2547 1744 stadia
2572 1692 2866 1746 duodecim
2898 1693 3075 1747 millia
3095 1711 3290 1749 omnes
3319 1697 3639 1767 exprimun-

2044 1785 2139 1832 tur
2161 1779 2478 1833 laborantes
2499 1781 2554 1833 in
2576 1779 2845 1836 Ecclesia.
2870 1782 2977 1835 Per
2999 1784 3242 1837 stadium
3267 1784 3471 1856 quippe
3495 1785 3636 1840 illud

2044 1867 2381 1938 intelligitur
2402 1870 2545 1938 quod
2577 1870 2636 1923 in
2665 1870 2846 1924 stadio
2876 1871 3081 1941 agitur.
3108 1872 3163 1925 id
3193 1879 3296 1933 est.
3327 1889 3428 1943 per
3451 1874 3634 1928 locum

2044 1957 2202 2010 labor
2221 1963 2277 2010 et
2303 1959 2595 2028 premium
2628 1960 3025 2014 laborantium.
3047 1961 3186 2014 Hinc
3219 1961 3429 2016 Paulus
3460 1963 3634 2017 dicit:

2044 2048 2274 2099 Nescitis
2295 2049 2438 2114 quod
2454 2048 2515 2099 hi
2534 2050 2634 2114 qui
2653 2051 2716 2101 in
2735 2051 2912 2102 stadio
2932 2055 3191 2111 currunt,
3213 2067 3399 2104 omnes
3412 2053 3635 2119 quidem

2044 2140 2305 2199 currunt,
2329 2137 2418 2188 sed
2449 2152 2594 2188 mms
2623 2139 2822 2204 accipit
2851 2138 3108 2190 bravium
3130 2141 3184 2208 (l
3203 2140 3323 2194 Cor.
3343 2149 3424 2204 II).
3456 2139 3638 2195 Labo-

367 2241 480 2278 non
507 2226 659 2279 aliud
687 2227 836 2280 latus
869 2227 1052 2296 majus
1080 2232 1183 2289 est,
1216 2226 1368 2278 aliud
1401 2225 1603 2283 minus,
1633 2226 1728 2277 sed
1761 2230 1962 2277 cuncta
2043 2229 2173 2275 rant
2204 2223 2396 2293 itaque
2425 2223 2586 2276 electi
2613 2224 2672 2276 in
2701 2225 2902 2288 stadio,
2936 2225 3040 2278 hoc
3067 2233 3168 2290 est,
3195 2227 3254 2280 in
3280 2228 3484 2281 labore.
3499 2245 3638 2299 prae.

365 2315 534 2368 simul
562 2321 806 2384 quatuor
831 2315 1030 2378 latera,
1063 2315 1262 2384 aequali
1296 2314 1476 2384 spatio
1503 2313 1831 2366 tenduntur.
1853 2313 1962 2366 Per
2041 2312 2216 2364 sentis
2248 2311 2394 2375 vitae,
2426 2318 2488 2365 ut
2527 2311 2778 2366 bravium
2810 2330 3064 2383 supernae
3095 2314 3477 2370 retributionis
3505 2333 3638 2387 pos-

360 2403 483 2457 heec
519 2409 709 2457 autem
763 2408 1006 2473 quatuor
1057 2404 1254 2466 latera,
1297 2403 1564 2456 debemus
1619 2401 1953 2470 intelligere,

359 2508 539 2562 spem,
605 2493 795 2558 ﬁdem,
855 2492 1189 2546 charitatem
1255 2497 1311 2544 et
1371 2490 1773 2560 operationem.
1835 2506 1958 2560 quae

363 2581 603 2651 aequalia
618 2587 780 2634 sunt:
805 2581 938 2651 quia
957 2581 1342 2650 unusquisque
1359 2579 1537 2632 fidelis
1552 2586 1824 2647 quantum
1843 2595 1958 2632 cre-

361 2668 447 2721 dit
473 2674 695 2723 tantum
723 2677 929 2739 sperat,
948 2673 1167 2722 tantum
1191 2675 1346 2721 amat
1369 2675 1425 2722 et
1445 2675 1729 2739 Operatur.
1753 2667 1958 2720 Simili-

360 2761 452 2809 ter
479 2763 750 2826 quantum
779 2763 986 2827 sperat,
1011 2761 1230 2810 tantum
1263 2756 1462 2815 credit.
1485 2762 1704 2809 tantum
1727 2761 1881 2809 amat
1902 2761 1958 2809 et

364 2851 649 2914 Operatur.
692 2843 926 2904 Iterum,
975 2851 1194 2898 tantum
1243 2850 1397 2898 amat
1441 2850 1712 2915 quantum
1759 2843 1952 2909 credit,

2040 2400 2152 2454 sint
2182 2401 2636 2470 percipere.Nam
2668 2407 2725 2455 et
2754 2418 2853 2472 per
2881 2402 3173 2456 duodecim
3203 2404 3382 2458 millia
3410 2421 3635 2461 summa

2040 2488 2346 2542 electorum
2378 2490 2712 2559 exprimitur
2763 2491 3152 2545 Duodenarius
3183 2493 3332 2545 enim
3363 2510 3634 2549 numerus

2039 2577 2244 2631 idcirco
2267 2579 2544 2648 perfectus
2571 2579 2827 2644 habetur,
2848 2580 2980 2650 quia
3001 2598 3064 2634 ex
3085 2583 3316 2636 denario
3340 2589 3398 2637 et
3416 2583 3634 2639 binario

2039 2671 2289 2728 constat;
2309 2667 2573 2720 denarius
2595 2669 2839 2737 pertinet
2857 2671 2927 2723 ad
2948 2669 3138 2724 decem
3163 2677 3439 2742 praecepta
3453 2673 3628 2744 legis:

2038 2754 2293 2808 biuarius
2318 2756 2390 2809 ad
2409 2756 2520 2809 duo
2547 2757 2864 2811 dilectionis
2889 2765 3187 2829 praecepta,
3207 2760 3265 2814 in
3287 2761 3490 2831 quibus
3512 2767 3636 2818 tota

2039 2844 2127 2898 lex
2155 2844 2361 2914 pendet
2389 2851 2446 2897 et
2472 2845 2775 2914 prophetae.
2823 2845 2952 2900 Sive
2980 2846 3188 2900 idcirco
3218 2849 3498 2918 perfectus
3526 2850 3633 2904 ha-

695 2895 925 2904 ----π--η
1918 2895 1952 2909 η
2396 2895 2441 2897 ~~
2472 2895 2774 2914 ινηιγ---ην-
2824 2895 2947 2900 ~---
2980 2895 3182 2900 --τ--π
3218 2895 3497 2918 tvm-nu
3526 2895 3601 2904 ---

365 2938 639 3003 quantum
670 2939 875 3003 sperat,
905 2938 1176 3004 quantum
1199 2941 1478 3004 operatur.
1493 2935 1736 2987 Tantum
1759 2949 1958 3003 opera-
1978 2895 2222 2996 Cbetur,
2255 2931 2387 3002 quia
2437 2947 2503 2985 ex
2543 2931 2796 3002 partibus
2836 2935 3142 3004 septenarii
3180 2937 3473 2991 conﬁcitur
3509 2955 3633 3010 qua;

360 3025 459 3074 tur
474 3027 745 3091 quantum
761 3021 955 3082 credit.
974 3029 1244 3092 quantum
1263 3029 1726 3092 amat.quantum
1745 3027 1953 3091 sperat.
2038 3026 2172 3074 sunt
2193 3021 2306 3074 tria
2335 3025 2392 3074 et
2420 3029 2679 3090 quatuor.
2707 3021 3008 3076 Ternarius
3034 3024 3184 3077 enim
3211 3025 3281 3078 ad
3310 3026 3478 3080 ﬁdem
3507 3044 3633 3082 san-

366 3108 524 3164 Bene
543 3116 731 3164 autem
751 3110 994 3164 Ecclesia
1015 3111 1072 3164 in
1093 3110 1307 3181 quadro
1333 3111 1513 3182 posita
1533 3127 1652 3164 esse
1673 3125 1953 3163 memora-
2036 3113 2138 3163 ctae
2175 3109 2468 3163 Trinitatis
2521 3109 2798 3175 refertur;
2843 3112 3237 3180 quaternarius
3277 3115 3347 3168 ad
3387 3121 3632 3186 quatuor

347 3204 463 3257 tur.
484 3198 617 3268 quia
629 3203 716 3252 est
738 3197 970 3252 robusta
987 3215 1088 3268 per
1107 3200 1295 3263 ﬁdem,
1312 3199 1647 3270 longanimis
1660 3215 1759 3269 per
1769 3215 1947 3269 spem,

347 3287 540 3358 ampla
591 3303 693 3357 per
737 3287 1094 3352 charitatem,
1142 3287 1336 3340 efﬁcax
1381 3304 1482 3358 per
1529 3287 1938 3358 operationem.

348 3376 576 3432 Habent
602 3377 775 3431 etiam
819 3377 1024 3447 singuli
1055 3377 1304 3432 ﬁdelium
1349 3379 1540 3438 ﬁdem.
1572 3395 1682 3450 qua
1710 3380 1948 3433 credunt

349 3482 474 3536 quae
511 3465 698 3519 videre
736 3481 850 3519 non
888 3473 1140 3536 possunt,
1179 3465 1360 3520 Deum
1400 3466 1614 3521 scilicet
1649 3468 1860 3522 trinum
1889 3467 1946 3521 in

347 3555 602 3626 personis
619 3561 674 3608 et
695 3570 870 3608 unum
891 3555 948 3607 in
971 3555 1282 3624 majestate.
1301 3554 1521 3608 Habent
1542 3563 1599 3608 et
1618 3572 1796 3624 spem,
1815 3555 1947 3624 quia

350 3650 578 3713 sperant
613 3659 772 3713 posse
815 3659 874 3696 se
911 3643 1229 3712 pertingere
1259 3642 1328 3694 ad
1360 3642 1497 3695 illud
1528 3642 1676 3710 quod
1707 3642 1945 3695 necdum

348 3731 558 3785 vident.
594 3731 815 3785 Habent
853 3747 1076 3801 quoque
1117 3729 1469 3792 charitatem,
1518 3729 1572 3781 id
1621 3734 1707 3781 est
1751 3729 1848 3783 Dei
1891 3734 1949 3782 et

349 3820 588 3890 proximi
617 3820 990 3874 dilectionem.
1020 3817 1234 3882 Quibus
1261 3817 1578 3881 virtutibus,
1612 3822 1676 3870 ut
1703 3816 1948 3887 perfecta

346 3909 423 3962 sit
458 3907 569 3960 vita
597 3908 842 3972 illorum,
869 3907 1199 3977 adjungitur
1224 3906 1495 3976 operatio,
1519 3905 1639 3959 sine
1669 3922 1781 3976 qua
1809 3905 1946 3959 ﬁdes

349 4003 570 4050 mortua
598 4005 698 4059 est,
727 3997 876 4050 unde
901 3996 1139 4050 Jacobus
1161 3995 1445 4065 apostolus
1469 4015 1480 4048 :
1509 3996 1660 4048 Fides
1685 3997 1803 4048 sine
1832 4010 1947 4061 ope-

2036 3197 2356 3268 Evangelia.
2397 3197 2750 3253 Millenarius
2794 3215 3017 3269 quoque
3049 3201 3327 3270 perfectus
3360 3220 3630 3260 numerus

2032 3287 2364 3348 ostenditur,
2390 3287 2520 3357 quia
2541 3287 2759 3341 denarii
2779 3288 2999 3342 numeri
3023 3291 3362 3360 quadratum
3386 3293 3629 3350 solidum

2030 3375 2247 3442 reddit;
2291 3375 2474 3429 decies
2502 3376 2654 3430 enim
2685 3377 2904 3430 centeni
2944 3378 3088 3432 ﬁunt
3125 3380 3296 3434 mille.
3328 3383 3513 3452 Atque
3540 3383 3629 3438 id-

2029 3464 2178 3517 circo
2209 3464 2559 3518 millenarius
2581 3481 2850 3517 numerus
2877 3465 3156 3534 perfectus
3185 3474 3288 3520 est.
3313 3468 3472 3522 Unde
3487 3471 3628 3526 dici-

2028 3558 2165 3606 tur:
2211 3553 2362 3604 Verbi
2399 3554 2544 3618 quod
2581 3553 2869 3604 mandavit
2918 3555 2981 3604 in
3035 3556 3188 3607 mitte
3224 3561 3622 3624 generationes,

2028 3655 2128 3708 per
2149 3655 2288 3708 quas
2308 3638 2734 3708 generationum
2761 3639 3095 3694 universitas
3115 3642 3460 3712 exprimitur.
3483 3645 3629 3709 Quia

2029 3726 2201 3795 igitur
2255 3727 2633 3780 duodenarius
2690 3727 2804 3780 sive
2859 3727 3210 3783 millenarius
3257 3747 3526 3788 numerus
3565 3733 3626 3789 in

2028 3830 2185 3867 sacro
2244 3815 2464 3885 eloquio
2523 3831 2622 3885 pro
2681 3815 3019 3886 perfectione
3071 3819 3317 3888 ponitur,
3357 3826 3508 3876 recte
3565 3823 3624 3878 in

2029 3903 2320 3956 duodecim
2353 3903 2599 3958 millibus
2636 3921 2857 3958 summa
2886 3905 3242 3975 perfectionis
3271 3908 3496 3963 illorum
3527 3927 3625 3964 ex-

2029 3993 2310 4063 primitur,
2349 3993 2442 4064 qui
2482 3994 2812 4062 dccalogum
2854 3994 2992 4064 legis
3029 4010 3154 4047 cum
3194 3995 3492 4050 dilectione
3520 3998 3623 4052 Dei

346 4088 505 4139 ribus
549 4088 729 4140 otiosa
775 4094 860 4139 est
893 4090 1026 4151 (Jac.
1060 4090 1149 4152 Il).
1191 4085 1316 4138 Sive
1356 4084 1526 4137 etiam
1568 4100 1667 4154 per
1704 4090 1947 4154 quatuor
2029 4089 2082 4136 et
2108 4083 2346 4152 proximi
2376 4083 2629 4152 implent.
2666 4082 2946 4153 ﬁdemque
2975 4089 3180 4137 sanctae
3204 4083 3498 4139 Trinitatis
3522 4102 3624 4141 cu-

346 4175 528 4229 latera
557 4176 1116 4246 civitatis,possumus
1145 4173 1462 4242 intelligere
1492 4179 1735 4243 quatuor
1761 4173 2007 4265 virtu-D
2027 4171 2297 4234 stodiunt,
2345 4177 2402 4224 et
2439 4171 2542 4224 hoc
2588 4171 2895 4225 secundum
2947 4172 3340 4227 auctoritatem
3381 4179 3625 4244 quatuor

346 4269 431 4317 tes
451 4263 805 4334 principales.
821 4263 1176 4333 prudentiam
1194 4262 1939 4332 videlicet,temperantiam,
1960 4259 2000 4265 ”
2029 4259 2476 4330 Evangeliorum.
2503 4261 2617 4314 Hos
2643 4260 2873 4314 metitur
2899 4261 3048 4314 Deus
3072 4261 3424 4333 omnipotens
3453 4279 3625 4318 arun-

344 4350 731 4405 fortitudinem
777 4357 946 4421 atque
982 4351 1282 4420 justitiam.
1317 4350 1451 4413 Quae
1480 4349 1562 4402 ita
1589 4349 1795 4403 debent
1823 4367 1945 4404 esse
2027 4349 2176 4415 dine,
2207 4349 2338 4419 quia
2368 4349 2668 4418 unicuique
2695 4349 3002 4404 secundum
3028 4351 3396 4422 capacitatem
3427 4353 3514 4407 sui
3539 4353 3625 4408 in-

342 4439 402 4493 in
436 4441 644 4501 electis.
681 4446 742 4493 ut
773 4457 887 4493 una
934 4440 1167 4493 alteram
1215 4455 1326 4492 non
1357 4439 1605 4492 excedat.
1638 4440 1946 4493 Prudentia
2027 4438 2283 4491 tellectus
2303 4437 2588 4492 distribuit
2603 4438 2913 4492 doctrinam
2929 4439 3191 4494 scientiae.
3207 4441 3414 4496 Omnes
3429 4447 3622 4497 tamen

342 4529 550 4599 quippe
588 4534 678 4583 est
705 4529 937 4583 scientia
965 4529 1024 4582 in
1070 4527 1402 4599 appetendis
1430 4527 1592 4581 bonis
1621 4533 1680 4581 et
1707 4528 1944 4582 vitandis
2028 4543 2166 4596 quos
2180 4526 2434 4596 tangitin
2457 4527 2545 4580 his
2559 4543 2682 4597 quae
2700 4533 3036 4597 acceperunt
3050 4529 3324 4597 perfectos
3343 4530 3618 4598 ostendit;

343 4617 527 4670 malis.
563 4617 666 4671 Cui
696 4617 864 4671 debet
889 4617 1154 4687 conjungi
1188 4633 1287 4670 seu
1321 4616 1598 4687 coaequari
1629 4622 1946 4686 temperan-

350 4705 452 4768 tia,
487 4706 619 4776 quia
658 4721 772 4759 non
813 4711 900 4760 est
946 4706 1194 4776 perfecta
1231 4705 1548 4775 prudentia,
1582 4705 1690 4759 nisi
1721 4706 1948 4760 studeat

351 4793 522 4847 homo
578 4795 936 4864 semetipsum
983 4799 1322 4864 temperare,
1369 4799 1426 4847 et
1479 4809 1514 4846 a
1569 4794 1948 4864 voluptatibus

350 4882 521 4936 istius
560 4882 748 4935 saeculi
793 4883 1100 4936 retrahere.
1144 4882 1305 4946 Quod
1351 4898 1478 4934 cum
1528 4881 1740 4947 fecerit,
1783 4882 1949 4937 debet

349 4972 560 5026 habere
589 4969 994 5032 fortitudinem,
1027 4974 1091 5023 ut
1119 4969 1259 5023 illud
1285 4969 1430 5040 quod
1463 4969 1744 5039 intelligit,
1779 4986 1947 5041 opere

2028 4621 2084 4668 et
2103 4615 2490 4686 unusquisque
2513 4616 2661 4686 quod
2682 4631 2793 4668 non
2812 4616 3025 4685 accepit
3044 4615 3101 4668 in
3116 4631 3196 4679 se,
3211 4632 3313 4686 per
3327 4617 3623 4673 charitatis

2029 4705 2276 4759 studium
2309 4705 2558 4775 possidet
2603 4704 2662 4757 in
2703 4703 2902 4768 altero,
2936 4709 3000 4757 ut
3031 4720 3095 4756 ex
3135 4704 3329 4758 multis
3355 4705 3623 4762 membris

2029 4808 2205 4846 unum
2239 4792 2516 4845 efﬁciatur
2541 4807 2762 4862 corpus.
2786 4791 2909 4857 Vel,
2931 4791 3076 4845 sicut
3103 4791 3486 4861 supradictum
3513 4799 3620 4862 est,

2030 4880 2125 4934 alii
2143 4880 2413 4934 tribuitur
2431 4895 2615 4934 sermo
2636 4879 2906 4948 scientiae,
2929 4878 3024 4932 alii
3044 4895 3257 4949 genera
3276 4879 3619 4950 linguarum,

2031 4975 2137 5023 etc.
2173 4969 2242 5022 Et
2264 4968 2321 5022 hi
2351 4968 2479 5022 licet
2505 4984 2617 5021 non
2646 4968 2956 5038 aequaliter,
2989 4968 3123 5038 quia
3150 4972 3215 5021 ut
3240 4967 3514 5024 Dominus
3541 4971 3624 5026 di-

351 5058 625 5131 perﬁciat.
672 5055 883 5110 Deinde
929 5056 1098 5110 etiam
1136 5057 1303 5111 debet
1332 5058 1615 5127 possidere
1639 5058 1943 5128 justitiam,
2029 5057 2134 5111 cit:
2165 5059 2229 5112 In
2249 5059 2407 5110 domo
2421 5059 2605 5110 Patris
2622 5059 2732 5109 mei
2749 5059 3061 5110 mansiones
3082 5058 3270 5110 multa
3285 5063 3418 5112 sunt
3434 5061 3614 5126 (Joan.

353 5157 636 5216 quatenus
674 5153 834 5199 actus
873 5160 1003 5198 suos
1030 5145 1110 5198 ita
1137 5151 1434 5216 temperet,
1468 5163 1539 5200 ne
1569 5148 1739 5201 nimis
1763 5150 1952 5218 justus
2032 5150 2170 5214 xxv),
2216 5151 2409 5200 tamen
2447 5161 2642 5199 omnes
2679 5160 2934 5215 supernae
2972 5145 3440 5201 remunerationis
3477 5165 3622 5219 pra:-

352 5239 411 5286 et
441 5235 736 5305 plusquam
766 5237 1024 5303 Oporteat
1049 5233 1272 5303 sapiens
1302 5234 1409 5288 sibi
1441 5234 1709 5289 videatur.
1745 5237 1944 5303 Longi-
2029 5235 2200 5288 mium
2228 5233 2543 5304 percepturi
2564 5241 2713 5287 sunt.
2734 5233 2841 5287 Sed
2865 5249 2992 5287 cum
3013 5249 3154 5287 novo
3175 5235 3407 5289 consilio
3428 5242 3625 5290 auctor

355 5323 485 5374 tudo
513 5326 627 5389 ejus
657 5327 815 5376 tanta
842 5326 918 5375 est
945 5327 1157 5389 quanta
1184 5328 1232 5374 et
1266 5325 1518 5377 latitudo.
1546 5325 1767 5392 Repetit
1797 5324 1944 5395 quod
2027 5329 2085 5378 et
2111 5323 2465 5393 dispensator
2484 5331 2676 5375 noster
2698 5321 2827 5375 huic
2852 5322 2950 5376 illa
2971 5322 3392 5394 largiatur,quaa
3413 5323 3508 5376 alii
3528 5323 3623 5378 de-

355 5409 740 5478 supradictum
788 5417 890 5466 est.
940 5409 1072 5481 quia
1117 5411 1393 5480 quadrata
1439 5413 1626 5481 ﬁgura
1674 5429 1739 5466 ex
1794 5413 1947 5467 omni
2028 5418 2410 5481 negat,.extra
2435 5426 2758 5465 mensuram
2792 5411 3086 5470 arundinis
3117 5411 3306 5481 egredi
3333 5426 3445 5464 non
3473 5410 3628 5467 vide.
