4048 6172
386 213 529 285 1203
562 172 567 179 ί
781 212 1160 279 HAYMONIS
1199 211 1691 273 HALBERSTAT.
1731 208 1961 276 EPISC.
2002 206 2162 262 OPP.
2201 207 2387 264 PARS
2423 207 2468 261 Ι.
2512 236 2577 249 --
2616 184 2989 269 COMMENT.
3028 206 3211 266 BIBL.
3520 208 3659 266 1204

386 346 501 397 tur.
525 341 795 412 Quisquis
822 356 985 412 posse
1012 340 1140 411 plus
1155 350 1325 410 quam
1346 335 1546 407 accipit
1571 340 1826 399 conatur,
1849 334 2046 393 indeA
2063 336 2337 403 quantum
2370 336 2567 421 autem
2602 331 2674 385 ad
2708 326 2967 385 altiorem
3007 331 3257 421 pertinet
3291 328 3662 421 intelleCtum,

387 431 722 502 plerumque
750 429 993 496 amittit;
1032 434 1091 482 et
1124 429 1230 482 hoc
1257 425 1406 497 quod
1437 429 1683 495 poterat,
1715 424 1850 495 quia
1886 440 1983 477 au-
2065 436 2332 475 mensura
2359 420 2624 486 hominis,
2654 435 2777 489 quae
2807 424 2895 473 est
2919 419 3122 489 angeli,
3150 419 3487 492 intelligitur
3512 428 3663 477 recte

390 519 585 574 dacter
610 534 678 572 ea
706 534 830 588 quae
864 518 1187 587 contingere
1217 531 1329 570 non
1359 514 1528 581 valet,
1560 513 1810 584 arripere
1836 512 1986 567 festi-
2066 508 2187 579 ipse
2217 509 2470 579 angelus,
2507 508 2604 579 qui
2622 507 2928 562 Ecclesiam
2954 508 3207 574 metitur,
3249 510 3383 580 quia
3407 511 3671 566 videlicet

390 612 504 662 nat.
529 608 676 663 Nam
689 611 748 660 et
764 605 1145 661 membrbrum
1161 610 1482 659 nostrorum
1505 608 1639 658 tunc
1660 601 1989 656 ministeriis
2066 597 2250 668 gloria
2263 598 2597 668 angelorum
2618 602 2676 651 et
2700 596 2993 651 hominum
3007 597 3067 651 in
3081 598 3293 652 cmlesti
3316 598 3671 656 beatitudine

386 695 785 763 bouefutimur,
814 708 943 749 cum
964 710 1068 749 sua
1087 693 1170 749 eis
1189 693 1373 747 ofﬁcia
1391 691 1657 747 distincta
1678 706 1987 747 servamus.
2071 686 2302 758 aequalis
2330 686 2459 741 erit.
2491 685 2656 741 Unde
2694 685 2755 740 in
2792 685 3094 756 Evangelio
3119 687 3247 758 ipse
3270 687 3409 744 dicit
3437 707 3452 743 :
3482 680 3669 759 Neque

387 783 597 840 Lucem
626 784 781 839 enim
823 783 1001 838 oculis
1028 782 1331 849 cernimus,
1360 789 1554 836 vocem
1589 790 1721 834 vero
1758 778 1990 834 auribus
2070 777 2278 829 nubent
2306 791 2477 844 neque
2500 776 2803 839 nubentur,
2825 775 2916 829 sed
2934 781 3100 829 erum
3116 780 3259 831 sicut
3277 780 3465 845 angeli
3481 779 3586 833 Dei
3604 782 3670 832 in

392 873 675 928 auditune.
701 871 761 927 Si
782 871 911 943 quis
933 876 1123 927 autem
1145 876 1365 926 mutato
1387 869 1606 937 ordine,
1628 868 1816 924 ofﬁcia
1833 869 1990 923 dese-

391 961 490 1029 rit,
518 961 591 1016 ad
618 961 802 1016 aliena
829 968 943 1016 non
973 959 1237 1030 assurgit.
1260 960 1327 1014 Et
1359 959 1643 1026 longitudo
1671 964 1721 1012 et
1752 958 1990 1012 latitudo

392 1051 714 1111 eteltitudo
741 1054 859 1118 ejus
886 1051 1125 1118 aequalia
1152 1053 1307 1103 sunt.
1343 1048 1470 1102 Haec
1497 1052 1585 1101 est
1612 1047 1711 1101 illa
1740 1045 1995 1100 soliditas

397 1138 685 1211 quadratae
706 1138 920 1207 ﬁgura),
946 1137 1015 1192 de
1036 1153 1147 1207 qua
1162 1135 1420 1207 superius
1438 1135 1606 1189 dixit:
1632 1135 1699 1189 Et
1718 1137 1912 1189 civitas
1929 1137 1992 1188 in

397 1228 615 1294 quadra
625 1229 805 1295 posita
824 1230 964 1280 erat.
980 1224 1302 1295 Longitudo
1312 1224 1557 1295 pertinet
1571 1224 1644 1277 ad
1665 1224 1852 1288 ﬁdem,
1872 1223 1995 1277 alti-

398 1314 538 1370 tude
547 1315 619 1369 ad
632 1314 1056 1385 spem,latitudo
1068 1314 1139 1367 ad
1151 1313 1506 1378 charitatem,
1518 1312 1586 1366 de
1605 1326 1715 1382 qua
1726 1312 1996 1382 scriptum

401 1408 489 1457 est
510 1421 522 1456 :
546 1405 746 1457 Latum
766 1404 1097 1456 mandatum
1121 1407 1281 1455 tuum
1309 1404 1481 1455 nimis
1498 1402 1609 1473 (Ps.
1634 1406 1845 1469 cxvul).
1870 1400 1997 1454 Sive

2070 867 2195 920 cale
2223 865 2439 933 (Matth.
2472 864 2582 933 xu).
2612 862 2716 918 Vel
2757 863 2886 918 ideo
2932 880 3201 920 mensura
3240 866 3505 934 hominis,
3543 883 3675 938 quas

2070 958 2158 1008 est
2183 953 2391 1023 angeli,
2415 952 2639 1019 dicitur,
2663 952 2797 1023 quia
2815 958 2953 1024 quot
2977 955 3165 1025 angeli
3188 961 3585 1011 remensa-unt
3610 956 3673 1012 in

2073 1041 2211 1096 caelo
2239 1046 2365 1112 post
2394 1057 2585 1094 casum
2633 1041 2979 1113 archangeli,
3010 1047 3101 1097 tot
3122 1043 3383 1098 homines
3403 1045 3476 1099 de
3501 1044 3675 1101 tumis

2075 1136 2209 1186 sunt
2234 1129 2521 1184 escensuri
2550 1130 2610 1183 in
2637 1131 2827 1185 caelos.

2146 1221 2213 1273 Et
2248 1224 2368 1272 erat
2395 1223 2705 1283 structura,
2730 1219 2788 1272 id
2818 1224 2903 1274 est
2932 1219 3249 1287 mdiﬁcatio,
3280 1226 3437 1277 muri
3463 1227 3583 1292 ejus
3608 1241 3672 1278 es

2078 1309 2259 1376 lapide
2274 1309 2516 1376 jaspz'de.
2547 1308 2575 1361 J
2581 1308 2732 1377 aspis
2759 1308 2901 1379 lapis
2930 1309 3127 1363 viridis
3148 1314 3235 1364 est
3259 1311 3481 1373 coloris,
3500 1318 3675 1384 atque

2078 1396 2384 1450 Dominum
2393 1394 2592 1450 Jesum
2609 1396 2893 1451 Christum
2912 1397 3213 1468 signiﬁcat,
3225 1400 3325 1470 qui
3342 1405 3427 1454 est
3444 1402 3673 1456 retectis

402 1490 575 1547 etiam
590 1490 884 1559 longitudo
896 1490 1142 1561 pertinet
1155 1490 1225 1543 ad
1240 1488 1997 1559 longanimitatem,altitudo
2080 1490 2402 1539 sanctorum
2431 1484 2784 1539 animalium.
2809 1487 2875 1541 In
2899 1488 3375 1557 contemplatione
3400 1490 3551 1544 enim
3575 1489 3678 1544 Dei

400 1578 475 1637 ad
501 1578 1069 1648 cdntemplationem;
1108 1578 1349 1633 latitudo
1388 1578 1513 1632 sine
1553 1577 1723 1631 dubio
1753 1577 1997 1630 charitaa
2026 1643 2053 1648 _
2081 1573 2483 1643 omnipotentis
2537 1573 2645 1627 erit
2697 1589 2920 1628 summa
2964 1575 3268 1629 electorum
3298 1578 3585 1648 perfectio,
3617 1585 3680 1634 et

399 1670 519 1722 tem
549 1643 824 1737 designat,
848 1683 974 1737 qua
995 1667 1054 1720 in
1083 1670 1305 1720 tantum
1336 1667 1453 1720 lata
1470 1670 1575 1731 est,
1599 1671 1662 1720 ut
1680 1682 1793 1719 non
1815 1666 1997 1719 solum
2016 1643 2290 1749 Bteterna
2326 1661 2578 1727 satietas,
2620 1662 2782 1732 juxta
2830 1663 2969 1716 illud
3003 1643 3320 1719 Psalmistae
3349 1683 3362 1719 :
3406 1643 3677 1722 Dominus

400 1755 474 1812 ad
498 1755 728 1820 amicos,
760 1755 859 1810 sed
884 1755 1057 1811 etiam
1086 1763 1266 1826 uague
1294 1755 1365 1808 ad
1397 1755 1551 1825 ipsos
1579 1755 1871 1826 perveniat
1897 1753 2001 1808 ini-
2074 1754 2253 1819 pascz’t
2274 1767 2360 1804 me
2378 1756 2428 1805 ct
2457 1752 2607 1804 nihil
2635 1751 2779 1805 mihi
2806 1752 3001 1812 deerit.
3022 1755 3086 1806 in
3114 1756 3231 1807 loco
3246 1770 3462 1822 pascua
3487 1758 3569 1809 ibi
3594 1771 3683 1810 me

402 1844 597 1899 mices.
628 1842 803 1898 Juxta
829 1842 970 1898 illud
1010 1862 1021 1897 :
1053 1845 1280 1912 Diligitc
1310 1845 1567 1897 inimicos
1595 1847 1814 1907 vestros,
1844 1844 2000 1896 bcm-
2082 1843 2363 1895 collocavit
2384 1840 2558 1910 (Psal.
2583 1838 2743 1908 xxu).
2767 1839 2897 1894 Sive
2914 1841 3085 1895 etiam
3115 1858 3218 1913 per
3243 1843 3492 1915 lapidem
3506 1846 3685 1916 iaspi-

404 1932 569 1999 faolta
601 1923 687 1985 his
715 1934 815 2000 qm“
841 1933 1077 1990 oderunt
1104 1948 1194 1986 vos
1236 1933 1382 2000 (Luc.
1414 1934 1512 1999 τι).
1543 1931 1861 2001 longitudo
1901 1931 2005 1984 ita-
2084 1929 2233 1995 dem,
2265 1928 2429 1983 electi
2472 1928 2881 1999 exprimuntur,
2925 1945 3165 1999 quorum
3208 1931 3350 1986 ﬁdes
3387 1947 3681 2003 nunquam

504 2006 519 2074 ὲ
544 2019 805 2086 civitatis,
831 2025 890 2074 et
919 2020 1159 2075 latitudo
1189 2024 1359 2088 atque
1385 2020 1625 2074 altitudo
1655 2021 1794 2088 ejus,
1819 2035 2005 2088 mqua-
2086 2017 2399 2083 marcescit,
2433 2018 2532 2071 sed
2562 2017 2620 2070 in
2648 2017 2930 2071 viriditate
2961 2019 3301 2088 operationis
3331 2026 3574 2075 constat.
3600 2022 3683 2077 Bs

2085 2106 2271 2177 lapide
2291 2121 2426 2175 ergo
2447 2105 2669 2176 jaspide
2692 2110 2978 2160 structura
3003 2106 3244 2162 civitatis
3265 2108 3525 2175 efficitur,
3549 2110 3682 2181 quia

405 2037 519 2091 que
544 2019 805 2086 civitatis,
831 2025 890 2074 et
919 2020 1159 2075 latitudo
1189 2024 1359 2090 atque
1385 2020 1625 2074 altitudo
1655 2021 1794 2090 ejus,
1819 2035 2005 2091 aequa-

403 2109 484 2164 lia
519 2115 671 2176 ωλι,
725 2108 859 2180 quia
887 2113 1163 2179 quantum
1219 2109 1439 2179 patiens
1486 2108 1659 2163 fuerit
1693 2125 1854 2164 mens
1905 2125 2006 2180 per

402 2197 916 2267 longanimitatem,
946 2203 1177 2251 tantum
1216 2197 1334 2251 lata
1362 2197 1470 2251 erit
1495 2213 1596 2268 per
1623 2213 1875 2252 amorem
1904 2212 1917 2245 ε
1948 2203 2007 2252 et
2086 2195 2242 2265 prius
2264 2194 2323 2247 in
2347 2193 2593 2247 Ecclesia
2617 2194 3046 2248 fundamentum
3071 2195 3277 2250 Christi
3295 2198 3679 2261 constituitur,

408 2290 683 2357 quantum
709 2286 929 2354 patiens
958 2284 1129 2338 fuerit
1155 2301 1256 2354 per
1291 2285 1798 2355 longanimitatem,
1833 2300 2006 2357 quan-
2088 2284 2177 2338 cui
2199 2283 2371 2336 etiam
2400 2297 2596 2337 omnes
2624 2282 2820 2337 ﬁdeles
2846 2290 3329 2355 superponuntur,
3352 2288 3515 2357 juxta
3542 2287 3683 2342 illud

405 2378 647 2442 tumque
672 2373 789 2427 lata
817 2388 917 2443 per
958 2382 1230 2439 amorem,
1261 2379 1485 2427 tantum
1521 2374 1631 2434 erit
1662 2379 1719 2428 et
1764 2375 1879 2428 alta
1908 2385 2009 2445 per
2088 2370 2343 2442 Apostoli
2369 2372 2490 2426 :Ad
2514 2388 2677 2440 quam
2694 2373 2999 2426 accedente:
3023 2374 3263 2441 lapidem
3279 2377 3558 2443 vivum,»
3578 2379 3685 2445 ipsi

407 2460 942 2532 contemplationem
967 2479 983 2528 δ
1008 2461 1399 2532 unusquisque
1421 2463 1493 2516 ad
1521 2462 1725 2517 altiora
1752 2479 1853 2534 per
1880 2480 2011 2518 con-
2093 2467 2362 2530 tanquam
2396 2461 2600 2534 lapides
2623 2462 2737 2514 vivi
2763 2462 3284 2529 superadiﬁcamini
3310 2465 3494 2518 demes
3521 2467 3697 2533 Spir?

409 2531 837 2621 temptationem
868 2550 1124 2621 erigitur,
1148 2550 1487 2627 inquantum
1517 2531 1881 2622 semetipsum
1908 2553 2014 2607 hu-
2095 2552 2267 2603 tuales
2311 2549 2358 2620 (I
2383 2551 2527 2603 Pclr.
2561 2531 2647 2618 li).
2678 2549 2823 2631 Nam
2849 2548 2998 2603 sicut
3034 2550 3095 2604 in
3132 2551 3279 2605 muri
3318 2531 3690 2607 adiﬁcatione

410 2638 597 2701 miliat
631 2638 689 2693 in
728 2639 1022 2693 toleranda
1060 2639 1213 2693 mala
1256 2640 1661 2711 proximorum.
1694 2641 2013 2711 Longitudo
2092 2637 2276 2710 primo
2329 2642 2616 2708 ponuntur
2665 2637 2882 2708 lapides
2920 2638 3113 2708 magni
3162 2645 3219 2694 et
3265 2640 3547 2711 quadrati,
3585 2642 3689 2712 qui

410 2720 607 2797 itaque
633 2727 892 2782 Ecclesia:
936 2728 1177 2782 latitudo
1214 2734 1272 2782 et
1299 2728 1560 2791 altitudo,
1591 2730 1830 2799 aequalia
1856 2736 2009 2794 sunt,
2094 2726 2234 2780 alios
2273 2742 2442 2796 super
2481 2742 2542 2779 se
2578 2726 2792 2797 positos
2827 2732 3073 2796 portant,
3108 2727 3204 2798 qui
3233 2734 3291 2782 et
3334 2728 3442 2800 ipsi
3477 2730 3700 2797 iterum_

412 2814 549 2886 quia
587 2815 927 2885 inquantum
968 2815 1311 2886 longanimis
1340 2817 1605 2873 estinter
1638 2818 1893 2883 adversa,
1926 2818 2014 2873 in-
2095 2815 2236 2873 alios
2272 2820 2518 2886 portant,
2558 2814 2750 2885 sicque
2777 2815 2964 2869 omnis
3003 2815 3295 2871 aedificatio
3340 2818 3690 2872 construitur

416 2909 695 2974 quantum
743 2904 1020 2958 charita'te
1058 2921 1194 2975 erga
1221 2918 1417 2960 omnes
1444 2906 1702 2974 dilatata,
1731 2907 2014 2962 intentum
2037 2914 2081 2975 ο
2096 2920 2389 2975 usquequo
2408 2905 2480 2958 ad
2498 2904 2763 2958 ultimum
2780 2903 3027 2974 lapidem
3045 2905 3419 2975 perveniatur,
3443 2907 3543 2978 qui
3561 2924 3692 2962 cum

418 2997 509 3047 est
532 2992 651 3047 alta
676 3006 777 3062 per
804 2994 1356 3062 contemplationem.

469 3079 539 3134 Et
553 3095 775 3134 mensus
788 3086 865 3134 est
881 3095 1113 3134 murum
1124 3085 1241 3149 ejus
1259 3087 1479 3136 centum
1495 3084 1874 3150 quadraginta
1884 3096 2016 3151 qua-

420 3173 550 3223 tuor
560 3169 1030 3223 cubitorum.ch
1041 3186 1164 3224 sum
1172 3186 1264 3225 ma
1273 3170 1418 3240 quad
1425 3175 1675 3225 raturam
1687 3169 2021 3226 duodenarii

421 3255 646 3323 numeri
673 3256 958 3322 continet;
990 3258 1287 3313 duodecies
1318 3259 1469 3312 enim
1498 3260 1765 3329 duodeni,
1794 3266 2020 3315 centum

353 3373 357 3383 υ
423 3343 801 3414 quadraginta
841 3350 1083 3415 quatuor
1124 3347 1311 3413 ﬁunt;
1358 3348 1716 3402 centenarias
1750 3364 2020 3404 numerus

421 3431 822 3504 perfectionem
837 3434 1136 3504 signiﬁcat.
1151 3435 1311 3490 Unde
1327 3435 1385 3489 in
1402 3436 1701 3507 Evangelio
1718 3437 2015 3492 Dominus:

425 3521 535 3590 Qui
552 3524 846 3591 reliquerit
871 3524 1117 3593 duilium,
1136 3527 1220 3578 vel
1240 3526 1445 3591 fratres
1468 3532 1567 3579 aut
1595 3540 1862 3593 sororem,
1888 3532 2016 3593 etc.,

422 3623 605 3680 usque
631 3614 953 3678 centuplum
982 3615 1213 3680 accipiet
1236 3614 1450 3679 (Matth.
1484 3619 1611 3678 xxx),
1642 3613 1699 3667 id
1727 3619 1814 3668 est
1840 3615 2023 3685 perfe-

423 3698 669 3763 ctionem
683 3699 893 3754 mentis
905 3706 1301 3771 consequetur.
1316 3705 1379 3755 ut
1398 3717 1465 3755 ea
1479 3718 1603 3772 quae
1615 3702 1808 3756 amisit
1824 3704 2018 3769 semei,

424 3786 581 3842 ultra
597 3792 855 3858 repetere
867 3788 1028 3843 nolit.
1055 3789 1547 3860 Quadragenarius
1575 3804 1801 3862 quoque
1822 3806 2020 3846 nume-

424 3890 527 3929 rus
552 3874 615 3930 in
653 3876 946 3946 Scriptura
970 3890 1131 3933 sacra
1159 3877 1496 3933 multimoda
1523 3879 1741 3933 ratione
1782 3879 2023 3934 habetur

424 3965 707 4035 perfectus
742 3984 754 4021 ι
793 3967 908 4021 sive
938 3972 1170 4039 propter
1197 3967 1421 4022 Domini
1446 3967 1749 4038 jejunium,
1779 3969 2023 4038 quadra-

424 4054 589 4124 ginta
600 4054 800 4111 diebus
814 4062 1124 4126 peractum,
1142 4057 1254 4111 sive
1269 4062 1498 4127 propter
1513 4056 1842 4127 deealogum
1864 4057 2021 4127 legis,

427 4148 485 4201 et
513 4149 758 4215 quatuor
786 4145 1107 4216 Evangelia,
1148 4145 1208 4200 in
1245 4145 1448 4216 quibus
1477 4145 1743 4216 perfectio
1773 4145 2027 4215 decalogi

2094 2997 2353 3063 portetur
2389 2992 2461 3047 ab
2496 2992 2771 3059 omnibus,
2802 2993 2923 3064 ipse
2951 2994 3238 3048 neminem
3275 3001 3481 3066 portat.
3509 2996 3598 3050 Ita
3632 2996 3693 3051 in

2095 3082 2466 3136 fundamento
2502 3081 2779 3147 Ecclesia,
2819 3082 3005 3152 primo
3040 3082 3211 3154 positi
3252 3089 3388 3138 sunt
3430 3085 3693 3155 apostoli,

2100 3171 2302 3235 deinde
2331 3176 2628 3242 martyres,
2672 3170 2879 3235 deinde
2913 3171 3281 3237 confessores,
3309 3172 3577 3243 virgines,
3607 3173 3695 3227 vi-

2100 3259 2243 3325 duae,
2275 3259 2574 3331 caterique
2605 3259 2805 3321 sancti.
2852 3260 2948 3329 qui
2977 3276 3038 3314 se
3066 3277 3263 3315 omnes
3288 3261 3528 3316 invicem
3560 3278 3697 3333 por-

2100 3354 2242 3414 tant,
2275 3349 2563 3418 passiones
2592 3364 2711 3402 suae
2736 3348 2943 3403 mentis
2971 3348 3342 3404 libentissime
3364 3350 3692 3418 tolerantes,

2095 3434 2256 3507 juxta
2290 3437 2431 3492 illud
2475 3437 2730 3508 Apostoli
2760 3452 2774 3486 :
2813 3437 2969 3493 Alter
3004 3440 3241 3492 alterius
3277 3454 3447 3492 onera
3479 3445 3699 3508 portate

2106 3526 2303 3597 (Galat.
2333 3532 2433 3594 v1).
2456 3526 2561 3580 Vel
2596 3524 2768 3580 etiam
2798 3527 3053 3597 exemplo
3100 3527 3434 3598 semetipsos
3457 3526 3696 3582 invicem

2102 3614 2371 3682 foventes,
2384 3620 2443 3669 et
2461 3614 2540 3669 ita
2561 3615 2749 3684 agitur
2768 3631 2948 3686 usque
2968 3615 3040 3669 ad
3054 3615 3225 3670 ﬁnem
3240 3616 3451 3681 sawuli,
3472 3616 3699 3687 quando

2103 3704 2337 3758 ultimus
2362 3704 2572 3759 electus
2601 3704 2662 3757 in
2685 3703 2987 3759 novissimo
3011 3704 3258 3765 culmine
3286 3705 3456 3775 hujus
3477 3705 3699 3759 aediﬁcii

2101 3797 2344 3864 ponetur
2385 3811 2398 3846 :
2440 3793 2537 3863 qui
2572 3808 2702 3846 cum
2739 3798 2997 3863 portetur
3033 3786 3106 3846 ab
3150 3792 3413 3848 omnibus
3449 3798 3600 3847 retro
3633 3809 3699 3847 se

2105 3879 2563 3952 praecedentibus,
2596 3881 2718 3951 ipse
2745 3886 2939 3935 tamen
2966 3896 3081 3936 non
3112 3881 3345 3936 habebit
3370 3898 3538 3953 quem
3568 3898 3704 3952 por-

2103 3978 2229 4023 tare
2256 3969 2453 4039 possit,
2471 3969 2605 4040 quia
2627 3969 2688 4023 in
2711 3969 2832 4040 ipso
2851 3970 3038 4024 omnis
3065 3970 3323 4025 Ecclesiae
3343 3986 3707 4025 consumma-

2105 4058 2258 4112 bitur
2284 4058 2595 4113 aediﬁcatio.
2610 4058 2732 4112 Erit
2751 4074 2881 4112 vero
2905 4058 3164 4127 Christus
3190 4065 3247 4114 et
3269 4059 3707 4114 fundamentum

2108 4153 2166 4202 et
2206 4148 2615 4202 consummatio
2646 4148 2922 4214 Ecclesia,
2957 4149 3053 4220 qui
3089 4154 3179 4204 est
3212 4149 3436 4215 initium
3465 4156 3524 4204 et
3550 4150 3707 4205 ﬁnis.

428 4233 771 4290 continetur.
793 4232 1202 4300 Quaternarius
1230 4234 1490 4289 similiter
1531 4239 1892 4289 consecratus
1918 4239 2023 4300 est,
2044 4270 2092 4328 D
2113 4238 2238 4304 Ipsa
2247 4252 2371 4290 vero
2381 4239 2577 4291 civitas
2586 4252 2798 4290 aurum
2810 4239 3112 4306 mundum,
3123 4240 3306 4292 simile
3318 4241 3459 4292 vitro
3470 4240 3703 4292 mundo.

428 4325 659 4391 propter
677 4326 922 4391 quatuor
939 4323 1174 4379 ﬁumina
1192 4323 1461 4393 paradisi,
1481 4323 1566 4376 vel
1593 4328 1835 4393 quatuor
1854 4322 2029 4377 libros
2045 4322 2085 4328 ⁷
2114 4323 2227 4378 Per
2255 4338 2457 4379 aurum
2478 4324 2709 4379 claritas
2726 4325 3061 4395 intelligitur
3078 4326 3341 4392 caelestis,
3370 4325 3439 4380 de
3467 4342 3582 4397 qua
3598 4326 3711 4381 Do—

429 4408 859 4479 Evengelii,eeu
886 4409 1055 4465 etiam
1081 4416 1313 4482 propter
1336 4417 1580 4482 quatuor
1594 4413 1791 4467 mundi
1816 4418 2027 4484 partes,

428 4497 518 4557 vel
531 4502 776 4569 quatuor
786 4498 1021 4554 virtutes
1032 4501 1384 4572 principales.
1400 4501 1543 4565 Quia
1560 4508 1748 4556 autem
1760 4502 1821 4557 in
1834 4502 2029 4557 cubitu

428 4596 634 4644 manu:
653 4593 759 4654 est,
782 4594 936 4643 recte
955 4598 1057 4661 per
1075 4589 1326 4644 cubitum
1350 4590 1602 4661 operatio
1622 4602 1824 4646 manus
1844 4591 2029 4662 expri-

428 4677 786 4737 mituriﬂurl
805 4683 997 4733 autem
1016 4678 1140 4749 ipsa
1159 4684 1245 4733 est
1258 4679 1473 4734 civitas.
1491 4679 1721 4734 Mensus
1731 4686 1819 4736 est
1836 4680 2031 4749 itaque

428 4766 665 4836 angelus
682 4782 875 4822 muros
889 4767 1132 4822 civitatis
1152 4773 1380 4822 centum
1397 4768 1540 4841 quad
1551 4768 1771 4838 raginta
1788 4774 2032 4840 quatuor

427 4853 647 4921 cubitis,
674 4855 808 4927 quia
832 4858 1189 4928 omnipotens
1208 4856 1362 4911 Deus“
1380 4858 1681 4928 perpendit
1698 4862 1758 4912 et
1772 4858 2028 4913 conside-

426 4945 815 5012 rat,quantunl
830 4944 1035 5015 singuli
1046 4944 1481 5015 electorummer
1490 4945 1882 5001 auctoritatem
1896 4962 2030 5018 qua-

427 5033 561 5089 tuor
572 5030 1027 5101 Evangelicrum,
1048 5031 1309 5087 laborant
1324 5033 1381 5087 in
1398 5033 1539 5103 legis
1554 5034 1841 5105 decalogo,
1856 5050 2030 5105 quan-

429 5123 664 5191 tamque
676 5121 1077 5188 perfectionem
1092 5121 1297 5177 mentis
1316 5129 1755 5193 consequuntur,
1772 5129 1838 5179 ut
1856 5125 1927 5179 ad
1943 5141 2027 5179 θοι

431 5207 698 5265 oietatem
720 5210 1051 5278 angelorum
1072 5210 1365 5281 pervenire
1394 5211 1628 5281 possint,
1664 5213 1813 5266 unde
1839 5212 2028 5282 sequi-

426 5300 564 5353 tur?
592 5298 859 5353 Meum
883 5300 1127 5353 hominis
1154 5314 1275 5369 qua;
1299 5305 1374 5354 est
1401 5303 1606 5367 angeli.
1638 5301 1925 5364 Quantum
1955 5302 2027 5356 ad

426 5385 679 5441 litteram
694 5386 956 5458 pertinet,
976 5387 1064 5441 hic
1084 5389 1398 5445 ostenditur
1416 5389 1602 5460 ipsum
1625 5391 1908 5460 angelum,
1929 5392 2027 5463 qui

426 5474 546 5530 hac
564 5475 898 5531 ostendebat
907 5477 937 5532 J
942 5476 1111 5532 oanni
1129 5476 1187 5530 in
1208 5478 1390 5547 ﬁgura
1402 5468 1647 5534 hominis
1666 5480 2021 5551 apparuisse;

2111 4413 2299 4467 minus
2325 4412 2460 4466 dicit
2491 4430 2504 4467 :
2544 4416 2784 4483 Accipite
2824 4417 3155 4483 sapientiam
3198 4419 3341 4470 sicut
3372 4430 3605 4469 aurum.
3634 4414 3707 4470 In

2111 4503 2256 4557 vitro
2298 4518 2428 4556 vero
2478 4503 2696 4574 puritas
2741 4502 2993 4558 cordium
3036 4504 3374 4575 intelligitur
3403 4522 3416 4558 :
3458 4519 3592 4558 nam
3635 4520 3709 4583 es,

2113 4591 2330 4646 cmteris
2357 4592 2620 4657 metallis,
2650 4592 2698 4645 si
2727 4582 3021 4646 conﬁcitur
3041 4592 3270 4662 aliquod
3286 4608 3403 4656 vas,
3432 4582 3709 4662 quidquid

2111 4680 2444 4735 intrinsecus
2464 4681 2711 4752 ponitur,
2745 4680 3089 4736 extrinsecus
3120 4681 3353 4736 minime
3371 4680 3612 4734 videtur.
3639 4678 3711 4739 In

2108 4769 2256 4823 vitro
2277 4774 2466 4824 autem
2474 4802 2487 4833 ρ
2518 4769 2789 4841 quidquid
2818 4769 3054 4824 interius
3081 4770 3330 4840 ponitur,
3349 4774 3534 4823 totum
3558 4774 3711 4823 exteo

2110 4858 2228 4913 rius
2254 4858 2614 4929 perapicitur.
2638 4857 2828 4929 Atqlle
2856 4858 2983 4913 ideo
3001 4874 3105 4929 per
3129 4858 3337 4912 vitrum
3367 4858 3590 4929 puritas
3616 4857 3711 4912 de-

2109 4947 2368 5018 signatur
2406 4946 2592 5001 cordis
2638 4946 2892 5002 omnium
2934 4951 3282 5013 sanctorum,
3314 4962 3439 5017 quae
3467 4946 3706 5000 invicem

2111 5036 2170 5092 in
2192 5036 2405 5092 caelesti
2426 5036 2775 5091 beatitudine
2797 5036 3056 5091 omnibus
3082 5035 3555 5091 manifestabitur.
3574 5035 3705 5088 Haec

2111 5126 2263 5180 enim
2312 5124 2484 5179 verba
2521 5141 2635 5180 non
2676 5125 2749 5179 ad
2792 5130 3124 5197 praesentem
3172 5124 3477 5180 Ecclesium
3508 5123 3705 5178 referri

2110 5221 2365 5285 possunt,
2394 5214 2455 5268 in
2472 5226 2585 5285 qua
2603 5214 2839 5284 singulis
2867 5214 3218 5284 singulorum
3236 5212 3592 5267 conscientia
3610 5228 3711 5267 occ.

2107 5304 2271 5359 cultae
2299 5310 2447 5366 sunt,
2479 5303 2578 5357 sed
2624 5303 2695 5356 ad
2741 5302 3011 5367 futuram,
3052 5303 3276 5373 quando
3304 5301 3563 5356 veniente
3593 5301 3705 5355 Do-

2109 5394 2278 5453 mino,
2300 5393 2395 5464 qui
2415 5392 2757 5447 illuminabit
2775 5391 3101 5447 abscondita
3116 5390 3501 5453 tenebrarum,
3514 5390 3705 5467 singu-

2106 5483 2293 5537 lorum
2320 5481 2675 5537 conscientiae
2716 5481 2932 5537 cunctis
2960 5478 3491 5535 manifestabuntur.
3521 5477 3698 5542 Quid-
