4006 6164
348 189 489 254 i205-

1259 184 1640 252 EXPOSITIG
1669 189 1750 252 ηιξ
1777 183 2385 250 arcessitum..—
2413 187 2548 249 Lis.
2586 190 2708 251 vn.

3479 185 3611 259 1906

341 318 474 392 quid
504 323 654 378 enim
678 316 985 392 cogitatum
1010 322 1185 378 fuerit
1219 323 1292 378 ab
1313 323 1519 394 aliquo,
1563 324 1743 376 totum
1771 321 1926 374 vide-
1947 323 1997 380 Α
2018 326 2136 373 erat
2175 323 2406 376 lucerna
2431 322 2633 374 ardens
2661 327 2712 374 et
2749 324 2934 375 lucens
2962 325 3144 392 (ωιτη.
3177 331 3250 387 vi.
3283 314 3503 379 Ardeas
3531 325 3614 379 riu

343 409 499 464 bitur
526 410 598 464 ab
629 405 827 475 altero,
859 412 1048 481 sicque
1076 413 1465 482 unusquisque
1504 417 1636 465 tunc
1667 410 1775 464 erit
1803 425 1937 463 cou-

346 497 629 569 sploabilis
655 497 835 563 alteri,
866 500 1013 553 sicut
1040 511 1189 554 nunc
1211 517 1332 554 esse
1355 505 1536 571 potest
1549 493 1938 570 conspicabilis

347 586 468 640 sibi.
502 588 602 642 Vel
633 599 734 658 per
758 599 960 642 aurum
1010 590 1156 643 sicut
1199 590 1412 644 dictum
1460 595 1568 654 est,
1606 588 1940 654 intelligitur

345 672 620 745 sapientia"
649 687 908 747 superna.
944 679 1051 732 Per
1079 678 1285 732 vitrum
1332 687 1465 732 vero
1507 678 1722 748 paritas
1768 675 1935 739 fidei;

345 773 478 817 nam
497 764 554 817 in
571 756 734 829 vitro,
753 766 899 820 sicut
921 766 1130 820 dictum
1161 770 1264 831 est,
1290 766 1560 837 quidquid
1583 766 1810 836 ponitur
1852 765 1938 817 in-

343 853 536 919 terius,
565 858 746 906 totum
791 854 1015 910 Videtur
1057 856 1323 922 exterius,
1354 858 1409 908 et
1452 870 1553 925 per
1588 856 1691 907 hoc
1725 853 1941 924 poi-itas

344 941 472 995 ﬁdei
501 941 846 1011 designatur,
873 951 1041 1013 quam
1067 945 1246 998 sancti
1274 932 1530 997 tenentes
1549 944 1732 1006 corde,
1768 942 1943 994 mani-

344 1029 554 1085 festam
598 1031 766 1084 etiam
797 1039 913 1084 ore.
946 1033 1061 1086 Nec
1099 1032 1407 1103 quidquam
1445 1032 1595 1084 intus
1627 1031 1814 1100 agitur
1844 1036 1944 1100 per

345 1119 939 1190 simulationem,quod
963 1128 1072 1175 non
1089 1122 1344 1175 videatur
1362 1118 1608 1174 exterius
1618 1136 1720 1190 per
1738 1124 1935 1190 puram

347 1207 459 1259 oris
491 1212 546 1260 et
575 1209 760 1278 aperis
783 1202 1206 1263 confessionem.

420 1288 486 1348 Et
513 1297 883 1362 fumiamentu-
908 1301 1068 1351 muri
1085 1299 1327 1351 ciuitatis
1344 1300 1500 1351 omni
1511 1299 1689 1365 lapide
1707 1298 1938 1364 pretioso

349 1389 568 1437 ornata.
593 1385 982 1439 Fundamenta
1013 1386 1274 1452 civitatis,
1294 1386 1351 1438 id
1381 1389 1464 1438 est
1490 1384 1771 1446 Ecclesiae,
1805 1390 1936 1438 sunt

343 1471 694 1541 patriarchas,
719 1464 1004 1544 prophetae
1024 1479 1083 1527 et
1113 1475 1300 1528 caeteri
1327 1473 1738 1544 praedicatores,
1767 1477 1937 1543 super

346 1568 583 1630 quorum
622 1563 932 1616 doctrinam
987 1562 1067 1616 vel
1112 1563 1382 1633 exempla,
1419 1565 1638 1616 constat
1680 1561 1938 1615 Ecclesiae

2021 402 2223 464 delicat
2262 411 2372 464 ﬁde
2419 417 2476 464 et
2511 411 2828 473 dilectione,
2883 412 3071 465 lucens
3108 413 3280 466 verba
3331 416 3390 467 et
3420 427 3612 484 Opere.-

2023 501 2298 565 ouurtmn
2330 501 2676 566 smaragdos.
2703 500 3047 569 Smara‘gdus
3077 501 3355 569 pretiosus
3377 501 3618 571 lapisest

2022 588 2082 640 in
2107 598 2210 642 sua
2253 593 2473 645 natura.
2507 588 2605 642 sed
2652 588 2953 657 pretiosior
2979 589 3038 641 in
3067 590 3373 643 electorum
3400 591 3609 659 ﬁgura.

2023 677 2129 740 Qui
2160 676 2300 746 lapis
2331 681 2502 731 tantae
2530 676 2832 730 viriditatis
2862 682 2966 742 est,
3001 681 3064 731 ut
3111 685 3335 731 omnem
3375 679 3618 734 virumn!

2022 757 2325 818 herbarum
2353 770 2598 836 superet,
2623 772 2679 819 et
2699 771 2886 820 aerem
2917 767 3088 820 etiam
3115 766 3518 822 circumfusum
3544 768 3621 821 vis

2023 855 2203 908 ridem
2227 844 2442 909 reddat;
2477 854 2682 908 Reddit
2709 855 2878 908 etiam
2908 855 3182 926 imagines
3202 856 3616 932 aspicientium,

2023 943 2070 996 si
2093 944 2266 996 moles
2288 943 2412 1011 ejus
2429 944 2598 996 fuerit
2613 943 2818 1014 ampla.
2838 935 3019 1014 Hujus
3036 944 3241 1013 lapidis
3257 957 3466 1013 genera
3485 947 3620 999 sunt

2023 1033 2220 1095 multa,
2255 1020 2774 1102 Sedjpretiosissimi
2805 1032 3184 1102 smaragdinei
3216 1032 3429 1102 lapides
3453 1047 3620 1103 ηεροδ

2019 1120 2246 1174 riuntur
2285 1121 2342 1173 in
2387 1121 2635 1190 Scythia,
2687 1119 2916 1190 regione
2961 1121 3200 1182 deserta,
3243 1135 3384 1191 quos
3423 1128 3615 1175 tamen

2020 1209 2341 1263 custodiunt
2376 1209 2638 1278 gryphas,
2669 1209 2936 1262 animalia
2975 1209 3254 1264 terribilia
3290 1214 3348 1264 et
3385 1209 3617 1275 ferocia,-

2021 1313 2145 1367 qum
2160 1309 2361 1367 corpus
2380 1297 2590 1350 habent
2608 1297 2916 1362 leoninum,
2938 1298 3107 1367 pedes
3136 1305 3346 1364 autem,
3366 1299 3613 1352 rostrum

2021 1391 2079 1438 e‘t
2107 1387 2246 1450 alas,
2275 1393 2338 1439 ut
2384 1386 2573 1455 aQuila
2605 1403 2618 1437 :
2644 1385 2882 1455 ideoque
2913 1402 3012 1456 per
3044 1390 3256 1440 terram
3285 1390 3520 1442 currunt
3549 1389 3616 1442 ut

2019 1473 2229 1534 leones.
2264 1485 2366 1543 per
2393 1487 2524 1526 aera
2551 1474 2742 1527 volant
2768 1481 2833 1527 nt
2857 1489 3003 1528 aves.
3034 1475 3170 1538 Quae
3209 1475 3398 1528 bestiae
3424 1463 3616 1530 custo-

2019 1562 2184 1615 dimit
2210 1563 2391 1633 ipsam
2421 1563 2629 1616 deserti
2656 1563 2965 1632 regionem,
2984 1566 3041 1616 et
3067 1569 3289 1617 servant
3309 1565 3615 1641 ipsoslapia

343 1625 646 1704 structura.
682 1650 814 1714 Quae
843 1651 1208 1705 fundamenta
1256 1625 1409 1703 omni
1450 1650 1636 1720 lapide
1665 1650 1933 1720 pretioso,
1956 1625 2135 1716 Bde‘s,
2168 1625 2280 1706 non
2313 1653 2456 1722 quod
2481 1652 2615 1722 ipsa:
2638 1653 2696 1705 in
2720 1625 2880 1706 suam
2917 1625 3012 1706 eos
3039 1625 3366 1707 convertant
3403 1625 3614 1708 utilitas

340 1736 397 1789 id
431 1740 518 1790 est
544 1738 800 1792 omnibus
846 1739 1164 1804 virtutibus,
1197 1739 1309 1792 ﬁde
1336 1739 1563 1803 scilicet,
1597 1753 1713 1808 spe,
1748 1739 1933 1791 charia

339 1819 476 1887 tate,
519 1826 918 1895 hospitalitate,
943 1827 1179 1897 jejunio,
1215 1826 1576 1892 abstinentia,
1609 1827 1935 1896 czeterisque

337 1917 469 1967 sum
497 1919 697 1966 ornata
725 1915 997 1969 bonorum
1037 1919 1264 1969 actuum
1295 1915 1576 1985 operibus.
1611 1915 1737 1969 Sive
1764 1914 1932 1968 etiam

333 2000 549 2070 lapides
570 2002 844 2071 pretiosos
863 2004 1115 2073 lntellige
1135 2019 1330 2057 omnes
1349 2004 1662 2058 imitatores
1681 2004 1925 2065 illorum,

335 2080 431 2158 qui
451 2089 506 2142 in
527 2085 759 2146 tediﬁcio
788 2091 1026 2146 civitatis
1044 2080 1209 2164 positi
1235 2097 1385 2159 sunt,
1413 2094 1706 2163 ipsaque
1728 2093 1928 2146 civita-

334 2181 448 2231 tem
472 2179 718 2234 moribus
737 2184 794 2234 et
829 2181 945 2235 vita
974 2186 1265 2235 eXornant.
1289 2183 1370 2236 De
1404 2183 1492 2235 his
1512 2175 1792 2252 lapidibus
1824 2181 1930 2234 Do-

335 2266 521 2320 minus
549 2281 650 2338 per
676 2269 1006 2340 prophetam
1056 2271 1226 2324 dicit:
1254 2272 1379 2324 Ecce
1429 2287 1521 2338 ego
1560 2274 1802 2323 sternam
1831 2285 1930 2338 per

335 2357 586 2408 ordinem
611 2359 813 2425 lapides
839 2363 976 2422 tuos,
1000 2365 1047 2412 et
1069 2361 1316 2425 fundabo
1339 2362 1467 2412 tein
1492 2359 1771 2426 sapphiris
1795 2360 1926 2428 (Isa.

329 2444 463 2510 HV).
499 2443 658 2498 Unde
679 2446 970 2517 sequitur:
995 2448 1439 2500 Fundamentum
1467 2450 1926 2514 prinwmjaspis.

335 2531 442 2593 Qui
468 2533 627 2602 lapis,
643 2539 706 2588 ut
722 2536 980 2605 superius
1004 2537 1213 2589 dictum
1234 2541 1337 2599 est,
1358 2534 1550 2588 viridis
1588 2540 1672 2588 est
1708 2522 1926 2600 coloris,

334 2623 502 2689 atque
531 2621 658 2676 ideo
684 2639 800 2678 non
827 2624 1133 2693 incongrue
1161 2625 1463 2677 Dominum
1503 2624 1799 2694 significat,
1834 2625 1929 2694 qui

339 2700 424 2759 est
450 2709 720 2777 pabulum
743 2717 800 2763 et
828 2713 1055 2765 refectio
1071 2712 1323 2766 omnium
1353 2714 1677 2776 electorum,
1705 2713 1823 2783 ipse
1845 2717 1930 2767 est

336 2795 579 2863 primum
615 2799 1040 2853 fundamentum
1069 2801 1345 2866 Ecclesize,
1377 2803 1508 2871 quia
1541 2807 1602 2855 ut
1629 2803 1928 2872 Apostolus

339 2883 505 2937 dicit:
533 2887 978 2941 Fundamentum.
1002 2891 1164 2942 aliud
1198 2903 1354 2944 nemo
1370 2897 1538 2958 potest
1559 2907 1761 2958 ponere
1780 2907 1926 2959 pra--

2014 1745 2148 1803 tem,
2183 1742 2280 1794 sed
2311 1740 2629 1794 hominibus
2658 1751 2751 1794 eas
2777 1741 3054 1794 auferunt.
3086 1730 3226 1795 Cum
3249 1736 3452 1812 quibus
3476 1742 3615 1796 Aria'

2017 1831 2220 1902 maspi,
2273 1831 2525 1883 homines
2572 1846 2748 1884 unum
2795 1830 3018 1883 oculum
3067 1829 3355 1895 habentes,
3397 1827 3608 1885 bellum

2014 1924 2237 1986 gerunt,
2256 1919 2515 1990 ipsosque
2536 1919 2748 1989 lapides
2771 1920 2891 1998 ejus
2915 1918 3198 1972 auferunt.
3224 1919 3363 1983 Quae
3380 1933 3470 1973 res
3488 1919 3608 1990 pula'

2013 2006 2210 2060 chrum
2237 2008 2292 2060 in
2315 2024 2375 2061 se
2395 2007 2646 2061 continet
2663 2007 2992 2078 mysterium
3019 2021 3031 2060 :
3056 2005 3223 2091 Lapis
3247 2007 3453 2094 quippe
3465 2003 3610 2062 smaé

2011 2095 2237 2163 ragdos,
2269 2095 2383 2165 qui,
2416 2101 2479 2148 ut
2507 2095 2767 2154 diximus,
2796 2095 3096 2170 nimiaslest
3122 2094 3612 2159 viriditatisﬂhrid

2012 2186 2162 2236 stum
2184 2184 2484 2252 significat,
2509 2185 2603 2254 qui
2634 2197 2840 2253 pascua
2868 2187 3091 2238 aeterna
3133 2182 3456 2238 refectionis
3491 2183 3609 2237 suis

2013 2272 2248 2326 daturus
2279 2277 2365 2325 est
2395 2272 2667 2326 ﬁdelibus.
2705 2271 2882 2325 Porro
2909 2272 3196 2326 desertum
3225 2269 3364 2325 illud
3408 2271 3466 2325 in
3497 2285 3612 2342 quo

2013 2359 2226 2430 lapides
2252 2360 2627 2430 reperiuntur,
2649 2360 2927 2430 significat
2952 2360 3122 2414 corda
3149 2361 3491 2434 sanctorum,
3511 2358 3610 2431 qui

2014 2464 2072 2502 se
2101 2464 2134 2502 a
2164 2450 2403 2503 terrenis
2417 2456 2473 2502 et
2493 2449 2659 2519 hujus
2691 2449 2887 2502 mundi
2917 2450 3069 2502 curis
3095 2449 3264 2519 longe
3286 2447 3516 2511 faciunt,
3543 2449 3610 2503 ut

2013 2536 2070 2590 in
2100 2541 2311 2591 secreta
2333 2537 2514 2591 cordis
2545 2538 2630 2591 sui
2658 2537 2844 2608 quiete
2876 2537 3116 2591 Domino
3141 2536 3348 2591 servire
3369 2537 3606 2608 possint.

2014 2626 2170 2679 Unde
2199 2641 2347 2680 unus
2375 2641 2566 2681 eorum
2611 2626 2746 2680 dicit
2779 2646 2790 2681 :
2824 2628 2952 2682 Ecce
2982 2627 3232 2694 clongot'i
3274 2630 3514 2700 fugiens,
3555 2626 3610 2680 et

2013 2717 2200 2767 mansi
2223 2719 2285 2768 in
2315 2718 2614 2770 solitudine
2646 2715 2808 2783 (Psal.
2845 2712 3051 2782 Liv).ln
3081 2729 3321 2794 quorum
3345 2710 3612 2769 cordibus

2010 2801 2294 2856 invenitur
2338 2802 2477 2874 lapis
2521 2802 2873 2878 sma‘ragdus,
2925 2804 3056 2879 quia
3105 2803 3164 2857 in
3211 2801 3348 2874 ipsis
3389 2801 3611 2857 habitat

2013 2891 2286 2944 Christus.
2318 2892 2426 2946 Sed
2465 2891 2672 2946 adsunt
2697 2893 2960 2964 gryphas,
2997 2891 3053 2945 id
3087 2897 3173 2946 est
3199 2884 3431 2961 maligni
3447 2889 3614 2962 spiria

341 2976 426 3024 ter
449 2974 507 3025 id
534 2977 677 3041 quod
700 2979 942 3044 positum
974 2983 1068 3043 est,
1111 2980 1254 3045 quod
1296 2984 1370 3031 est
1405 2980 1654 3033 Christus
1700 2982 1855 3032 Jews
1885 2978 1987 3046 (lC
2013 2983 2122 3044 tus,
2159 2981 2251 3050 qui
2277 2979 2569 3056 Christum
2618 2982 2879 3035 nituntur
2923 2979 3120 3035 tollere
3165 2979 3444 3048 fidelibus,
3492 2976 3612 3034 non

338 3061 459 3115 σον.
484 3067 586 3130 In).
613 3063 904 3133 Significat
923 3081 1144 3136 quoque
1177 3071 1231 3120 et
1259 3068 1482 3134 electos,
1517 3063 1756 3137 quorum
1789 3069 1928 3122 fides

336 3157 624 3220 nunquam
657 3159 982 3218 mareesbet,
1017 3155 1113 3208 sed
1142 3159 1364 3226 semper
1391 3157 1450 3210 in
1479 3156 1819 3226 operationis
1848 3158 1928 3209 vi-

335 3253 460 3291 rore
508 3246 846 3310 perseverat.
889 3244 1203 3297 Secundum
1243 3246 1552 3312 sapphirus.
1599 3245 1764 3315 Lapis
1805 3257 1930 3316 sapa

332 3327 528 3396 phirus
555 3329 612 3382 in
643 3345 747 3383 sua
775 3337 998 3398 natura,
1023 3348 1378 3402 nequaquam
1404 3334 1683 3404 pretiosus
1705 3341 1806 3398 est,
1832 3335 1928 3388 sed

334 3418 390 3470 in
410 3418 679 3487 mysterio
705 3420 860 3473 valde
876 3406 1174 3490 praeolarus
1194 3422 1496 3487 invenitur,
1521 3423 1653 3492 quia
1672 3424 1927 3478 videlicet

333 3521 561 3560 aereum
582 3508 823 3561 colorem
841 3509 1376 3579 retinet,atqucideo
1387 3516 1609 3565 sanctos
1628 3513 1926 3580 significat,

335 3595 430 3664 qui
451 3595 696 3650 caelestia
715 3599 902 3650 mente
931 3601 1150 3668 petunt,
1176 3599 1423 3652 dicentes
1453 3601 1579 3652 cum
1610 3600 1876 3669 Apostolo
1912 3618 1924 3650 :

336 3684 533 3737 Nostra
562 3687 896 3739 conversatio
927 3689 990 3739 in
1011 3689 1153 3740 cavlis
1179 3691 1254 3739 est
1286 3687 1515 3756 (Philip.
1548 3695 1647 3752 In).
1681 3689 1927 3740 Tertium

334 3774 734 3827 chalcedon-ius.
770 3774 1178 3828 Chalcedonius
1221 3774 1364 3844 lapis
1411 3775 1590 3828 multo
1639 3779 1726 3829 est
1772 3774 1930 3829 vilior

336 3873 502 3930 quam
528 3862 825 3934 sapphirus
852 3862 909 3916 in
936 3867 1159 3929 natura,
1183 3863 1280 3917 sed
1300 3863 1357 3917 in
1389 3863 1643 3934 mysticis
1671 3864 1928 3919 sensibus

335 3950 494 4003 valde
518 3950 803 4005 invenitur
830 3953 888 4005 et
919 3951 1042 4022 ipse
1089 3953 1384 4022 pretiosus.
1419 3951 1519 4007 Est
1555 3953 1704 4007 enim
1736 3953 1925 4008 fortis-

334 4038 487 4092 simae
517 4045 750 4105 natura,
783 4039 925 4093 adeo
952 4043 1016 4093 ut
1043 4041 1296 4094 omnium
1339 4041 1712 4114 sculpentium
1753 4055 1928 4112 argu~

335 4127 537 4181 mentis
567 4129 792 4182 resistat
825 4145 836 4178 :
866 4134 1035 4200 atque
1070 4129 1196 4183 ideo
1234 4129 1511 4199 signiﬁcat
1554 4136 1795 4197 sanctos,
1831 4130 1927 4202 qui

333 4214 680 4271 invictissimi
703 4223 835 4271 sunt
851 4215 1000 4271 inter
1018 4217 1252 4271 adversa
1268 4219 1438 4287 hujus
1459 4218 1923 4282 saeuiiQuorum
1945 4271 1992 4287 ﬂ

2011 3067 2156 3138 quod
2182 3068 2285 3138 i‘p‘si
2312 3085 2439 3122 eum
2466 3068 2730 3132 habeant,
2754 3070 2852 3123 sed
2880 3085 3050 3123 causa
3075 3067 3397 3123 invidentia:
3430 3063 3608 3122 hornis

2009 3156 2173 3210 nibus
2196 3173 2324 3210 eum
2351 3156 2627 3212 auferant.
2647 3157 2753 3212 Sed
2789 3163 2921 3212 sunt
2951 3155 3230 3228 Arimaspi
3256 3171 3435 3211 unum
3479 3171 3612 3210 oena

2012 3245 2129 3298 lum
2163 3245 2456 3312 habentes,
2479 3245 2535 3300 id
2582 3254 2667 3300 est
2707 3244 2868 3300 electi
2910 3261 3087 3300 unum
3137 3237 3357 3300 oculum
3402 3243 3610 3299 mentis

2011 3334 2378 3404 possidentes,
2401 3333 2495 3404 qui
2533 3334 2812 3388 bellantur
2840 3349 2965 3388 cum
3006 3331 3336 3406 gryphibus,
3365 3333 3471 3386 hoc
3499 3335 3602 3398 est,

2011 3435 2134 3476 cum
2163 3423 2423 3492 malignis
2451 3421 2758 3492 spiritibus,
2793 3421 3192 3490 Christumque
3221 3419 3327 3473 sibi
3356 3420 3606 3489 rapiunt,

2010 3511 2105 3578 qui
2135 3515 2218 3562 est
2267 3511 2408 3578 lapis
2439 3511 2735 3578 pretiosus.
2780 3509 2847 3561 Et
2876 3513 2939 3561 ut
2967 3507 3238 3560 Dominus
3279 3506 3608 3575 designatur

2011 3613 2112 3674 per
2129 3597 2278 3649 hunc
2302 3595 2565 3666 lapidem,
2597 3596 2674 3649 ita
2699 3595 2880 3661 electi,
2905 3606 3145 3665 quorum
3165 3595 3606 3665 ﬁdes—nunquam

2012 3684 2321 3737 marcescit.
2345 3685 2489 3738 Nam
2519 3691 2575 3737 et
2602 3683 2709 3754 ipsi
2748 3683 2806 3737 in
2836 3683 3200 3737 fundamento
3223 3682 3482 3737 Ecclesiae
3508 3690 3612 3754 po»

2010 3771 2242 3837 nuntur,
2275 3771 2406 3842 quia
2433 3772 2576 3825 alios
2604 3777 2659 3826 et
2679 3772 2934 3842 exemplo
2960 3777 3015 3825 et
3041 3769 3294 3824 doctrina
3313 3769 3599 3839 erudiunt,

2009 3865 2067 3912 et
2094 3859 2150 3914 in
2179 3861 2387 3915 Christi
2415 3858 2667 3914 doctrina
2697 3861 3030 3914 confertam.

2083 3951 2349 4015 Quintum
2377 3952 2676 4018 sordere-ys.
2711 3949 3000 4020 Sardonyx
3029 3945 3404 4020 compositum
3425 3955 3513 4005 cst
3535 3954 3604 4005 cx

2008 4037 2193 4093 sardio
2222 4045 2278 4093 et
2307 4039 2539 4109 onyche.
2583 4037 2743 4112 cujus
2777 4053 2988 4107 genera
3028 4031 3272 4107 plurima
3317 4044 3467 4104 sunt,
3501 4032 3602 4107 sed

2009 4127 2307 4198 pretiosior
2330 4125 2508 4180 tribus
2562 4125 2842 4178 coloribus
2878 4123 3245 4194 distinguitur
3282 4125 3340 4180 in
3371 4124 3604 4181 modum

2010 4214 2293 4286 unguinis,
2315 4214 2444 4286 quia
2463 4213 2520 4267 in
2542 4212 2840 4267 subteriori
2865 4215 3023 4283 parte
3051 4211 3221 4268 habet
3248 4214 3476 4285 nigrum
3507 4231 3613 4270 eo:

334 4319 478 4359 unus
517 4305 650 4359 dicit
683 4325 694 4359 :
732 4309 863 4374 Quis
911 4321 1010 4361 nos
1054 4271 1390 4375 separabitva
1422 4271 2479 4369 choritatcvc‘hrt‘stz‘uloremdn'medio
2499 4271 2957 4366 rubicundunidn
2977 4303 3256 4378 superiori
3275 4271 3596 4373 candidum.

334 4395 507 4463 (Rom.
534 4395 697 4464 vnr)?
722 4397 790 4449 Et
808 4396 1013 4450 iterum
1032 4395 1248 4450 :0ertus
1272 4411 1395 4448 sum
1419 4399 1552 4464 quia
1574 4411 1744 4463 neque
1757 4411 1919 4457 mors,

332 4497 506 4550 neque
533 4486 647 4537 vita
665 4503 682 4545 ;
723 4500 893 4552 neque
922 4486 1129 4552 angeli,
1167 4488 1224 4537 et
1269 4488 1486 4547 caetera,
1519 4489 1780 4551 poterunt
1830 4501 1929 4538 nos

330 4582 588 4636 separare
615 4587 649 4623 α
687 4572 954 4625 Char-flata
984 4570 1190 4626 Christi
1221 4572 1440 4642 (Ibid);
1465 4571 1677 4625 ettales
1703 4571 1844 4626 bene
1867 4572 1924 4626 in

331 4655 696 4713 fundamento
723 4659 982 4715 Ecclesiae
997 4660 1430 4724 constituuntur,
1451 4661 1583 4730 quia
1604 4660 1729 4715 aliis
1743 4676 1925 4715 exem-

328 4745 423 4817 pla
453 4746 798 4802 fortitudinis
825 4747 1090 4819 prazbent.
1124 4747 1282 4803 Unde
1315 4753 1371 4802 et
1397 4748 1544 4802 idem
1575 4750 1926 4804 auditoribus

327 4836 447 4890 suis
480 4836 612 4889 dicit
644 4855 655 4888 :
693 4840 1000 4891 [mi-latores
1028 4841 1136 4891 mei
1159 4842 1315 4891 estote
1340 4841 1483 4891 sicut
1519 4844 1569 4891 et
1596 4851 1687 4905 ego
1718 4839 1927 4893 Christi

327 4926 384 4994 Η
412 4926 534 4981 θον.
571 4932 708 4992 viil).
743 4923 924 4979 Habet
969 4935 1189 4997 quoque
1233 4925 1380 4980 idem
1420 4928 1560 4997 lapis
1604 4923 1922 4981 similitudi-

326 5032 457 5070 nem
483 5016 724 5069 lucerme
756 5015 1034 5085 pallentis,
1069 5021 1125 5069 et
1164 5015 1220 5068 in
1252 5017 1356 5068 hoc
1388 5015 1762 5070 humilitatem
1791 5028 1918 5069 san-

329 5111 549 5159 ctorum
587 5103 882 5174 signiﬁcat,
914 5104 1010 5174 qui
1049 5101 1107 5157 in
1137 5104 1398 5174 praesenti
1435 5104 1546 5157 vita
1589 5104 1780 5174 pallidi
1831 5105 1925 5157 ha-

328 5193 549 5254 bentur,
599 5194 734 5264 quia
767 5191 1174 5262 despiciuntur,
1207 5200 1646 5246 contemnuntur
1690 5199 1745 5247 et
1780 5193 1928 5248 velut

333 5279 391 5332 in
423 5281 654 5335 nihilum
687 5286 1040 5353 reputantur.
1076 5281 1338 5335 Attamen
1369 5281 1473 5353 ipsi
1521 5283 1756 5336 obscuro
1804 5283 1926 5348 loco

333 5368 541 5431 lucent,
571 5369 808 5441 aliisque
847 5371 1036 5424 lumen
1083 5370 1329 5424 scientiae
1367 5379 1535 5444 atque
1577 5371 1795 5426 ardoris
1836 5372 1927 5439 dc-

335 5459 670 5513 monstrant.
700 5452 858 5512 Unde
904 5466 963 5513 et
1005 5475 1075 5513 ex
1113 5474 1227 5513 uno
1273 5459 1494 5514 illorum
1543 5459 1748 5523 dicitur
1781 5478 1793 5513 :
1827 5453 1930 5514 Ille

2008 4393 2109 4446 Vel
2135 4394 2300 4447 aliter
2332 4409 2344 4445 τ
2375 4393 2614 4463 primam
2645 4395 2862 4462 partem
2895 4389 3065 4445 habet
3092 4392 3334 4462 nigram,
3355 4393 3601 4448 mediani

2008 4481 2324 4547 candidam,
2348 4482 2607 4552 snperius
2627 4479 2881 4543 rubeam,
2905 4478 3230 4548 signiﬁcans
3245 4487 3487 4548 sanctos,
3503 4481 3599 4553 qui

2006 4570 2177 4641 nigri,
2208 4570 2264 4624 id
2309 4577 2394 4624 est
2419 4569 2687 4644 despecti,
2720 4564 3193 4638 contemptibiles,
3223 4575 3278 4623 et
3307 4561 3601 4624 abominaa

2006 4663 2164 4730 biles,
2182 4663 2456 4724 videntur,
2483 4661 2578 4714 sed
2601 4667 2788 4713 tamen
2812 4659 3058 4712 innovati
3080 4659 3430 4728 pergratiam
3443 4659 3614 4715 Chri-'

2008 4753 2100 4818 sti,
2134 4768 2357 4823 semper
2381 4750 2676 4820 splendore
2706 4747 2838 4801 fidei
2864 4747 3213 4801 irradiantur
3239 4743 3313 4800 ab
3335 4755 3420 4813 eo,
3450 4753 3516 4804 ut
3549 4751 3599 4804 si

2008 4841 2312 4895 necessitas
2351 4837 2646 4908 ingruerit,
2678 4838 2846 4890 etiam
2880 4849 2981 4906 per
3021 4835 3308 4902 charitatis
3349 4837 3606 4904 omnem

2005 4929 2291 5001 preprium
2318 4927 2648 4996 sanguinem
2679 4941 2788 4978 non
2819 4926 2998 4978 solum
3031 4939 3136 4995 pro
3161 4923 3376 4986 amicis,
3406 4935 3608 4995 verum

2005 5019 2173 5072 etiam
2209 5032 2306 5087 pro
2339 5014 2474 5085 ipsis
2498 5013 2732 5067 fundere
2760 5025 2870 5064 non
2897 5013 3154 5065 metuant
3177 5011 3610 5086 inimicis,quocl~

2007 5106 2360 5177 signiﬁcatur
2389 5119 2488 5175 per
2509 5103 2748 5155 colorem
2778 5099 3036 5154 rubeam.
3070 5099 3211 5154 illnc
3254 5101 3312 5168 in
3357 5103 3610 5170 Canticis

2010 5195 2354 5249 canticorum
2407 5190 2652 5244 Ecclesia
2700 5188 2831 5242 dicit
2867 5189 3086 5242 :Noiitc
3134 5204 3221 5242 mc
3255 5193 3608 5256 considerare

2011 5284 2156 5352 quod
2183 5285 2338 5349 fusca
2377 5295 2520 5344 sum,
2555 5279 2689 5346 quia
2727 5278 3051 5329 decerni-coit
3093 5289 3177 5330 me
3207 5282 3289 5332 sat
3317 5278 3493 5342 (Cant.
3527 5279 3596 5350 ι).

2009 5372 2168 5426 Unde
2201 5369 2406 5424 Paulus
2436 5365 2720 5438 apostolus
2747 5365 2829 5419 ait
2855 5383 2868 5418 :
2894 5365 3012 5419 Etsi
3036 5365 3282 5419 exterior
3303 5363 3472 5431 homo
3498 5373 3598 5424 no.

2011 5465 2128 5513 ster
2147 5447 2544 5527 corrumpitur,
2568 5459 2760 5508 tamen
2779 5454 3018 5509 interior
3032 5456 3339 5509 renovatur
3350 5449 3532 5510 tie-die
3547 5455 3608 5511 fa
