4006 6164
399 205 537 269 1207

813 206 1205 264 HAYMONIS'
1226 204 1721 267 HALBERSTAT.
1761 203 1989 262 EPISC.

2092 202 2191 260 PP.
2230 201 2416 257 PARS
2453 202 2500 257 Ι.
2539 232 2607 246 -
2643 200 3021 259 ΟΟΜΜΕΝΤ.
3059 202 3248 259 BIBL.

3525 191 3671 257 ηαδ

399 335 552 393 diem
568 334 657 406 (II
670 333 792 389 Cor.
810 336 904 400 tv).
922 332 1151 390 Sextum
1164 333 1407 387 sardius.
1427 331 1658 387 Sardius
1672 331 1815 403 lapis
1823 329 2057 390 terrmA
2077 327 2290 383 sionem
2314 326 2570 399 martyrii
2591 342 2705 383 non
2722 327 2906 383 solum
2925 344 3027 399 pro
3042 327 3262 389 amicis.
3282 326 3385 383 sed
3404 340 3518 398 pro
3544 325 3665 397 ipsis

397 422 837 495 rubraespeciem
851 420 1288 492 habetideoque
1308 421 1589 491 significat
1613 430 1855 486 sanctos,
1881 419 1998 491 qui,

398 512 533 567 licet
549 513 621 567 ad
632 510 895 566 sublimia
907 510 1273 580 intelligenda
1290 516 1348 564 et
1367 510 1688 565 contuenda
1698 510 1996 572 ducantur,

401 607 595 671 tamen
613 616 772 655 suam
796 615 1020 669 semper
1042 598 1273 653 student
1300 615 1697 669 recognoscere
1724 597 1999 668 fragilita-

399 694 538 755 tem,
570 687 930 743 recordantes
958 704 1020 742 se
1040 703 1161 742 esse
1188 686 1333 742 ﬁlios
1351 688 1505 749 Adae,
1529 687 1625 758 qui
1650 693 1801 742 terra
1820 687 1999 740 rubra

396 777 826 849 interpretatur.
857 776 1157 831 Reducunt
1183 793 1407 848 semper
1435 776 1504 831 ad
1537 775 1868 831 memoriam
1900 775 1997 846 qui

400 866 519 931 sint
546 871 604 920 et
628 865 779 920 unde
809 866 1082 928 venerint,
1116 865 1329 920 scilicet
1364 881 1430 919 ex
1472 865 1659 920 radice
1686 864 1903 935 fragilis
1941 869 2000 920 et

400 954 711 1027 peccatoris
738 954 1001 1018 hominis,
1035 970 1107 1009 ne
1133 954 1394 1009 videlicet
1417 971 1485 1008 ex
1513 959 1738 1025 accepto
1759 953 2001 1008 ctelestis

400 1041 599 1111 gratiae
647 1041 796 1095 dono
828 1041 1187 1096 extollantur.
1236 1042 1378 1095 Hinc
1417 1042 1666 1096 Ezechiel
1694 1058 1840 1113 saepe
1868 1057 2006 1096 con-

401 1132 571 1183 tuens
599 1129 846 1183 coelestia
872 1130 1162 1201 mysteria.
1190 1132 1343 1197 ﬁlius
1373 1130 1617 1183 hominis
1643 1137 1875 1185 vocatur
1899 1150 1912 1198 ;
1945 1137 2005 1187 et

401 1217 726 1273 Abraham:
751 1219 972 1286 Loquar
989 1219 1061 1271 ad
1084 1219 1382 1272 Dominum
1408 1234 1591 1272 meum
1614 1234 1741 1272 cum
1759 1224 1867 1273 sim
1877 1222 2005 1287 pul-

403 1309 487 1362 uis
530 1311 579 1361 et
624 1309 769 1361 cinis
801 1307 958 1377 (Gen.
1007 1313 1180 1375 xvnt).
1226 1308 1296 1361 Et
1340 1307 1644 1361 Psalmista
1673 1326 1685 1360 :
1718 1310 2005 1375 Memento,

403 1397 797 1464 Domine,quia
810 1397 999 1462 pulvis
1009 1410 1130 1448 sum
1141 1396 1390 1457 us,homo
1400 1398 1540 1448 sicut
1560 1396 1753 1463 fenum
1768 1397 1881 1450 dies
1892 1401 2009 1465 ejus

406 1485 709 1549 ('Psal.cn).
731 1483 883 1537 Bene
904 1487 1095 1537 autem
1122 1482 1229 1537 iste
1245 1483 1388 1554 lapis
1417 1491 1572 1537 sexto
1594 1484 1718 1538 loco
1735 1483 2008 1555 subroga-

402 1578 522 1638 tur,
540 1570 639 1642 qui
655 1576 819 1625 terrae
831 1569 1014 1626 rubra:
1034 1571 1275 1641 speciem
1301 1578 1494 1625 tenere
1518 1571 1758 1637 videtur,
1790 1573 1924 1643 quia
1952 1581 2010 1628 et

404 1659 623 1732 primus
643 1658 811 1713 homo
832 1664 987 1714 sexto
1007 1659 1098 1713 die
1111 1660 1371 1714 conditus
1386 1659 1781 1724 invenitur,cui
1796 1661 2007 1716 dictum

404 1752 493 1805 est
522 1766 535 1802 :
577 1748 744 1802 Terra
771 1764 824 1801 es
855 1754 905 1802 et
927 1751 991 1802 in
1021 1753 1233 1803 terram
1256 1751 1361 1803 ibis
1383 1750 1539 1818 (Gen.
1570 1754 1674 1807 Illl.
1699 1750 2008 1818 Septimum

406 1836 800 1906 chrysolithus.
835 1836 1230 1908 Chrysolithus
1261 1837 1423 1908 quasi
1468 1854 1671 1893 aurum
1717 1838 1913 1908 fulget,
1953 1844 2008 1893 et

405 1925 630 1979 videtur
658 1924 918 1978 emittere
947 1941 1012 1979 ex
1043 1942 1105 1979 se
1136 1925 1407 1995 quasdam
1429 1925 2001 1997 ardentesscintillas.

410 2013 588 2085 Cujus
605 2014 789 2085 specie
804 2013 1194 2083 signiﬁcantur
1204 2013 1262 2068 hi
1277 2014 1503 2083 quiluce
1523 2030 1777 2085 supernae
1794 2014 2014 2085 sapien-

406 2102 500 2161 tia
527 2102 909 2174 resplendent,
940 2118 1074 2157 suas
1106 2102 1340 2157 virtutes
1365 2108 1537 2173 atque
1549 2102 1861 2156 sententias
1879 2118 2009 2157 cum

406 2190 578 2245 verbo
594 2190 998 2245 exhortationis
1020 2191 1171 2244 velut
1182 2190 1455 2245 scintillas
1470 2190 1528 2243 in
1541 2190 1825 2261 proximos
1836 2190 2010 2245 eﬁ‘un—

409 2278 572 2341 dunt,
587 2279 792 2350 quibus
809 2279 881 2333 ad
900 2295 1151 2333 amorem
1175 2279 1277 2334 Dei
1296 2284 1353 2333 et
1368 2278 1607 2349 proximi
1645 2278 1786 2332 alios
1814 2295 2006 2333 accen-

410 2367 573 2422 dunt.
595 2368 857 2423 Octavum
880 2367 1409 2438 beryllus.Beryllus
1419 2367 1560 2421 duos
1580 2367 1794 2421 colores
1813 2368 2002 2434 habet,

408 2455 647 2510 viridem
675 2461 735 2511 et
761 2456 1085 2527 pallentem.
1120 2457 1231 2510 Per
1258 2472 1423 2526 quem
1452 2456 1567 2509 vita
1603 2455 1826 2509 illorum
1866 2457 2007 2511 desi-

409 2549 640 2616 gnatur,
699 2544 797 2616 qui
843 2550 1183 2600 internarum
1230 2543 1690 2615 contemplationi
1731 2542 2006 2598 bonorum

411 2632 710 2696 inhmrent,
735 2637 793 2687 et
811 2632 1017 2687 iterum
1036 2650 1175 2687 cura
1192 2634 1455 2687 fraternae
1483 2632 2008 2700 administrationis,

413 2722 578 2792 quasi
606 2721 677 2775 ad
705 2721 976 2793 pallorem
1009 2722 1269 2787 redeunt,
1288 2722 1422 2775 dum
1454 2722 1731 2776 exteriora
1752 2737 1851 2791 per
1879 2720 2012 2774 acti-

409 2825 539 2864 vam
559 2809 733 2864 vitam
745 2809 1016 2865 fratribus
1038 2810 1363 2865 ministrare
1380 2810 1630 2874 student,
1654 2815 1713 2862 et
1732 2809 1829 2880 qui
1848 2809 2014 2880 paulo

409 2902 545 2958 ante
581 2897 805 2953 fuerant
831 2898 1034 2952 virides
1062 2898 1122 2952 in
1149 2898 1252 2953 Dei
1296 2897 1789 2969 contemplatione,
1837 2897 2016 2968 palle-

2083 433 2305 488 quoque
2330 416 2625 488 prosiliant
2667 416 2932 472 inimicis.
2966 417 3127 473 Unde
3174 417 3458 472 Dominus
3502 413 3661 469 dicit:

2080 507 2345 574 Maiorem
2369 506 2471 560 hac
2497 506 2845 561 dilectionem
2875 522 3034 560 nemo
3064 508 3243 571 habet,
3267 521 3445 574 quam
3474 509 3540 557 ut
3564 507 3672 557 ani-

2082 610 2233 649 mam
2256 610 2419 648 suam
2444 599 2614 662 ponat
2641 598 2765 662 quis
2788 610 2893 663 pro
2912 598 3111 650 amicis
3136 598 3252 649 suis
3285 596 3475 663 (Joan.
3505 592 3626 660 xv).

2134 685 2201 738 Et
2215 684 2501 737 duodecim
2511 687 2683 750 porta:
2692 684 2976 737 duodecim
2990 686 3313 751 margarita:
3323 686 3460 736 sunt
3468 683 3691 750 persiu-

2078 773 2550 840 gutas.Quantum
2565 777 2754 826 autem
2772 772 2844 826 ad
2866 772 3112 827 litteram
3133 770 3518 844 pertinet,hoc
3529 769 3689 833 dicit,

2081 860 2229 931 quod
2257 860 2355 914 illa
2372 860 2569 914 civitas
2597 859 2767 914 habet
2792 860 3088 915 duodecim
3119 848 3329 930 portas,
3360 863 3417 913 et
3444 857 3691 926 singula

2082 954 2257 1020 portae
2268 955 2510 1002 erantex
2529 948 2765 1018 singulis
2785 948 3125 1019 margaritis,
3150 949 3206 1002 id
3222 952 3311 1003 est
3328 962 3693 1016 unaquaeque

2084 1044 2249 1109 porta
2284 1042 2408 1091 erat
2429 1054 2495 1091 ex
2522 1053 2635 1090 una
2663 1053 2906 1106 gemma.
2937 1042 2995 1092 et
3020 1040 3224 1092 iterum
3256 1037 3318 1091 in
3342 1050 3696 1106 unaquaque

2084 1130 2247 1198 porta
2274 1133 2439 1180 erant
2465 1125 2757 1179 duodecim
2789 1126 3130 1195 margaritae,
3154 1142 3278 1196 quae
3301 1130 3437 1179 sunt
3456 1130 3696 1177 centum

2091 1215 2465 1287 quadraginta
2490 1220 2746 1285 quatuor.
2771 1215 2896 1269 Una
2917 1220 3095 1285 porta,
3121 1214 3206 1268 vel
3241 1212 3560 1283 margarita
3587 1212 3698 1265 sin-

2088 1303 2639 1375 gulariterDominus
2655 1302 3427 1373 intelligiturJesusChristus
3437 1300 3540 1371 qui
3551 1300 3701 1354 sicut

2089 1393 2299 1448 dicitur
2314 1392 2738 1446 fundamentum
2763 1391 3277 1455 fundamentorum,
3301 1391 3385 1446 sic
3406 1389 3586 1445 etiam
3610 1404 3705 1459 po-

2089 1487 2203 1537 test
2220 1482 2331 1535 dici
2352 1481 2661 1551 margarita
2680 1478 3297 1551 margaritarusztud
3312 1484 3403 1533 est
3419 1476 3706 1547 margari-

2089 1576 2234 1631 tum,
2250 1570 2396 1640 quod
2420 1569 2737 1639 negotiator
2750 1569 2995 1623 venditis
3013 1567 3270 1622 omnibus
3288 1567 3527 1622 emit.ln
3552 1566 3701 1620 duo-

2092 1658 2271 1713 decim
2295 1665 2484 1713 autem
2531 1658 2709 1729 portis
2738 1657 3131 1727 intelliguntur
3152 1655 3333 1710 sancti
3364 1653 3618 1725 apostoli
3648 1660 3705 1708 et

2091 1748 2279 1803 caeteri
2330 1747 2746 1818 praedicatores,
2802 1745 2900 1816 qui
2945 1744 3106 1799 nobis
3143 1746 3381 1814 januam
3427 1741 3704 1797 Ecclesia

2090 1835 2525 1908 aperiunt,unde
2539 1834 2841 1890 Psalmista
2851 1836 2906 1893 :A
2908 1836 3083 1903 perite
3096 1834 3238 1886 mihi
3251 1836 3447 1900 portas
3456 1834 3706 1899 justiti:

2090 1926 2263 1995 (Psal.
2286 1940 2351 1979 cx
2361 1932 2472 1989 vn).
2502 1922 2817 1993 Statimque
2837 1938 3009 1976 unam
3031 1926 3250 1992 portam
3270 1919 3550 1978 annectit,
3578 1934 3707 1989 qua

2093 2012 2761 2083 singulariterDominum
2776 2008 3444 2080 signiﬁcat.sicutdictum
3462 2007 3707 2069 estsine

2091 2118 2203 2173 quo
2223 2117 2388 2155 nemo
2408 2100 2561 2156 venit
2577 2098 3247 2164 adPatrem,dicens:Hzc
3261 2100 3424 2165 porta
3439 2097 3704 2157 Domini,

2079 2193 2227 2260 justi
2244 2191 2542 2244 intrabunt
2558 2192 2620 2243 in
2635 2205 2754 2242 eam
2775 2190 2936 2257 (Psal.
2959 2183 3142 2257 cxvn).
3169 2184 3440 2255 Superius
3453 2183 3705 2253 legimus

2087 2279 2236 2350 quod
2259 2294 2485 2332 mensus
2504 2282 2592 2332 est
2610 2277 2844 2347 angelus
2859 2292 3050 2329 muros
3065 2272 3305 2329 civitatis
3315 2277 3545 2327 centum
3572 2286 3702 2342 qua-

2086 2367 2350 2438 draginta
2372 2374 2621 2437 quatuor
2639 2365 2977 2420 cubitorum.
3001 2363 3109 2427 Qui
3130 2377 3399 2417 numerus
3411 2360 3592 2414 etiam
3611 2358 3704 2412 hic

2087 2456 2545 2526 replicatur,cum
2557 2454 2854 2509 duodecim
2866 2452 3185 2524 margarita:
3197 2447 3558 2522 persingulas
3568 2447 3708 2500 duo-

2088 2544 2267 2598 decim
2292 2551 2493 2615 portas
2512 2542 2924 2610 describuntur;
2949 2541 3083 2612 quia
3104 2537 3700 2597 duodenariusnume-

2095 2648 2192 2686 rus
2207 2632 2505 2686 duodecies
2516 2630 3111 2696 ductus,centesimum
3125 2647 3189 2685 ac
3202 2629 3704 2700 quadragesimum

2098 2726 2363 2791 quartum
2388 2737 2686 2775 numerum
2708 2726 3080 2778 consummat.
3097 2720 3157 2774 in
3174 2735 3286 2790 quo
3306 2718 3495 2773 omnis
3515 2718 3704 2773 multi-

2096 2809 2234 2863 tudo
2246 2815 2569 2863 sanctorum
2586 2808 3029 2862 concluditur.Et
3036 2810 3219 2877 platea
3229 2809 3474 2861 ciuitatis
3489 2822 3702 2859 aurum

2098 2899 2376 2952 mundum
2389 2902 2661 2966 tanquam
2676 2900 2888 2950 vitrum
2897 2897 3252 2964 perlucidum
3264 2935 3277 2947 .
3312 2894 3591 2964 Superius
3618 2893 3703 2948 di-

408 2992 576 3042 scunt
593 2986 800 3042 iterum
820 2986 880 3041 in
893 2986 1288 3057 temporalium
1306 3002 1493 3040 rerum
1516 3002 1619 3057 per
1645 2985 2015 3041 humanitatis
2031 2983 2074 3001 υ
2095 2994 2250 3043 ctum
2272 2993 2358 3042 est
2377 2986 2523 3058 quod
2540 2987 2664 3058 ipsa
2674 2986 2869 3041 civitas
2891 2986 3064 3040 fuerit
3081 3001 3148 3039 ex
3163 3001 3304 3040 auro
3323 2983 3536 3039 mundo
3566 2989 3696 3039 tan-

409 3074 660 3131 ofﬁcium
674 3075 1180 3129 administratione.
1203 3076 1426 3129 Nonum
1448 3077 1715 3142 topazius.
1739 3073 2014 3144 Topazius
2096 3092 2266 3147 quam
2280 3074 2485 3129 vitrum
2500 3074 2931 3146 perlucidum,et
2941 3073 3035 3128 hic
3042 3073 3230 3145 platea
3240 3072 3482 3128 civitatis
3492 3072 3697 3127 iisdem

410 3163 556 3233 lapis
585 3165 839 3218 omnium
866 3164 1118 3234 lapidum
1148 3163 1363 3217 colores
1386 3163 1445 3217 in
1473 3179 1534 3217 se
1554 3162 1751 3229 habet;
1775 3164 1927 3217 unde
1954 3168 2013 3218 et
2094 3159 3699 3233 metallisfertur.Permurosquippecivitatis,robustiores

409 3264 620 3304 nomen
638 3251 1012 3320 accepit,quia
1021 3265 1139 3318 pan
1160 3251 1371 3312 Graece,
1394 3251 1764 3305 Latineomne
1783 3251 2008 3306 dicitur.
2095 3256 2154 3306 et
2180 3251 2582 3306 eminentiores
2611 3251 2798 3306 saeculi
2838 3250 3239 3320 intelliguntur
3267 3269 3280 3304 :
3307 3265 3407 3321 per
3441 3250 3697 3320 plateam

414 3336 538 3401 Quo
561 3336 701 3391 nihil
722 3337 908 3391 carius
928 3337 1167 3407 regesin
1189 3338 1472 3391 thesauris
1508 3337 1626 3391 suis
1656 3337 1862 3392 habere
1881 3356 2015 3410 pos-
2094 3356 2375 3411 vero,qua2
2394 3357 2430 3393 a
2447 3340 2747 3394 latitudine
2768 3340 2849 3394 ita
2863 3338 3251 3410 vocatur,quia
3269 3338 3463 3393 Grece
3478 3342 3690 3407 pluton,

413 3427 586 3491 sunt;
614 3427 673 3478 et
698 3423 951 3478 nascitur
984 3424 1044 3477 in
1065 3422 1252 3478 insula
1270 3423 1497 3495 Egypti
1518 3440 1642 3495 quae
1671 3425 1877 3480 dicitur
1902 3427 2013 3481 To-
2095 3429 2296 3483 Latine
2309 3432 2484 3482 latum
2496 3427 3010 3499 dicitur,simplices
3024 3426 3695 3498 intelliguntur,ipsisque

411 3512 632 3585 pazion.
672 3512 966 3584 Significat
1012 3518 1237 3566 sanctos
1279 3511 1540 3567 omnibus
1587 3512 1886 3568 virtutibus
1932 3531 2018 3569 re-
2097 3516 2336 3586 subjecti
2354 3516 2412 3570 in
2425 3516 2724 3570 latitudine
2739 3515 3032 3570 charitatis
3054 3514 3691 3569 morantesDiciturau-

412 3602 671 3666 fertos,et
688 3601 851 3673 quasi
876 3600 1067 3656 multis
1089 3598 1389 3666 coloribus,
1406 3600 1487 3655 sic
1510 3601 1703 3655 multis
1714 3602 2015 3657 virtutibus
2096 3610 2211 3658 tem
2239 3605 2426 3675 platea
2450 3603 2691 3660 civitatis
2721 3620 2788 3659 ex
2817 3620 2957 3658 auro
3003 3602 3229 3666 mundo,
3271 3601 3427 3656 sicut
3452 3608 3518 3658 et
3552 3603 3686 3657 muri
3768 3644 3773 3647 .

411 3690 973 3748 lucentes.Decimum
985 3690 1399 3758 chrysoprasus.
1420 3688 1837 3760 Chrysoprasus
1856 3692 2014 3745 aurei
2100 3691 2275 3746 fuisse
2302 3692 2579 3758 feruntur,
2612 3692 2743 3763 quia
2769 3692 2902 3746 licet
2928 3692 3004 3746 sit
3030 3692 3108 3745 ibi
3151 3690 3424 3745 distantia
3460 3691 3688 3745 merito-

414 3777 620 3833 coloris
637 3782 724 3831 est
739 3781 797 3831 et
811 3776 1023 3841 viridis,
1047 3777 1197 3847 quod
1214 3777 1335 3847 ipso
1351 3777 1578 3831 nomine
1597 3778 2008 3845 manifestatur,
2098 3796 2245 3847 rum,
2269 3781 2400 3852 quia
2421 3781 2565 3835 sicut
2578 3781 2635 3834 in
2656 3781 2762 3834 hac
2783 3781 2894 3834 vita
2912 3780 3199 3835 invenitur
3233 3780 3381 3834 alius
3418 3779 3526 3832 alio
3546 3794 3679 3831 san-

415 3882 618 3938 parum
647 3865 862 3919 distans
906 3881 940 3918 a
968 3864 1203 3935 beryllo.
1239 3865 1528 3936 Signiﬁcat
1570 3872 1761 3920 autem
1804 3866 2013 3922 electos
2095 3869 2255 3929 otior,
2278 3869 2358 3923 sic
2378 3869 2435 3922 in
2454 3869 2551 3922 illa
2563 3867 2911 3923 beatitudine
2929 3868 3073 3923 alius
3087 3868 3377 3922 invenitur
3404 3867 3515 3921 alio
3547 3865 3684 3920 emi-

413 3954 695 4027 sapientia
712 3954 1152 4027 resplendentes,
1175 3959 1233 4008 et
1250 3953 1529 4009 viriditate
1544 3954 1673 4008 ﬁdei
1690 3970 1913 4026 semper
1940 3959 2011 4013 ad
2095 3958 2537 4013 nentior.tamen
2556 3958 2943 4028 unusquisque
2967 3957 3115 4027 quod
3141 3973 3255 4011 non
3280 3956 3512 4010 habebit
3530 3955 3590 4008 in
3609 3970 3697 4022 se,

414 4043 666 4098 caelestia
687 4043 1004 4098 tendentes:
1022 4043 1379 4098 Undecimum
1399 4044 1753 4112 hyacinthus.
1780 4045 2017 4115 Hyacin-
2097 4045 2407 4117 possidebit
2426 4045 2480 4099 in
2505 4045 2682 4099 altero
2705 4060 2805 4114 per
2838 4043 3129 4098 charitatis
3151 4042 3574 4097 amorem.Hinc
3592 4058 3693 4113 per

412 4131 548 4186 thus
577 4131 777 4186 similis
796 4137 882 4185 est
908 4148 1069 4203 aquae
1098 4130 1258 4184 radio
1288 4130 1425 4184 solis
1453 4129 1707 4201 perfusae.
1724 4131 1794 4185 Et
1820 4132 1878 4185 in
1905 4132 2014 4187 hoc
2095 4132 2322 4187 beatum
2342 4134 2368 4187 J
2376 4132 2445 4186 ob
2461 4131 2903 4186 diciturzl’arvus
2917 4137 2964 4185 et
2980 4146 3219 4198 magnus
3238 4132 3320 4184 ibi
3331 4131 3692 4199 sunt,etApo-

412 4219 698 4291 signiﬁcat
724 4220 928 4275 electos
959 4219 1237 4290 sapientia
1261 4219 1525 4289 repletos,
1552 4235 1664 4272 non
1693 4224 1885 4275 tamen
1912 4222 2013 4276 hu-
2030 4289 2059 4291 _
2094 4222 2465 4277 stolus:Stetla
2485 4237 2521 4274 a
2540 4223 2698 4275 stella
2716 4222 2901 4288 differt
2920 4224 2983 4274 in
2998 4221 3357 4287 claritate,sic
3374 4223 3423 4271 et
3445 4233 3694 4271 resurre-

414 4289 605 4371 mana,
639 4323 751 4378 qua
776 4312 910 4362 sunt
931 4308 1033 4361 ﬁlii
1057 4308 1244 4361 saeculi
1273 4307 1666 4377 prudentiores
1688 4309 1819 4363 ﬁliis
1847 4310 2004 4370 lucis,
2028 4289 2076 4347 D
2094 4315 2199 4364 ctio
2219 4314 2568 4364 mortuorum
2600 4310 2782 4376 (1001'.
2814 4314 2924 4377 xv).
2956 4309 3101 4362 Nam
3118 4324 3219 4378 per
3236 4323 3440 4361 aurum
3461 4306 3693 4360 claritas

415 4395 516 4450 sed
543 4394 749 4455 divina,
783 4411 910 4466 quae
938 4395 1291 4465 signiﬁcatur
1317 4413 1418 4466 per
1454 4397 1643 4450 radios
1668 4397 1804 4452 solis
1851 4414 2011 4470 aquai
2093 4399 2423 4468 designatur
2466 4404 2689 4452 aeternae
2729 4396 3136 4460 retributionis,
3171 4412 3273 4468 per
3308 4395 3517 4449 vitrum
3559 4409 3690 4449 vero

412 4483 714 4538 immissos.
732 4484 1125 4537 Duodecimum
1151 4483 1509 4552 amethystus.
1532 4485 1899 4556 Amethystus
1913 4487 2017 4541 tri~
2092 4487 2308 4557 puritas
2330 4485 2516 4540 cordis
2534 4486 2759 4540 illorum
2781 4484 3131 4555 exprimitur,
3151 4500 3275 4555 quae
3295 4490 3434 4537 tunc
3453 4482 3690 4553 singulis

415 4572 521 4628 bus
537 4570 816 4628 coloribus
836 4570 1236 4644 principalibus
1251 4572 1616 4644 respergitur,
1635 4573 1689 4627 id
1708 4580 1795 4628 est
1804 4592 2014 4646 purpu-
2094 4575 2330 4630 invicem
2349 4573 2817 4629 manifestabitur.
2836 4572 3042 4628 Iisdem
3060 4573 3251 4644 itaque
3271 4572 3519 4626 metallis
3531 4572 3694 4626 ador-

411 4677 534 4730 reo,
558 4661 807 4716 violaceo
835 4666 894 4715 et
919 4676 1099 4715 roseo.
1130 4661 1201 4715 Et
1241 4660 1301 4715 in
1329 4660 1435 4715 hoc
1461 4660 1849 4731 signiﬁcantur
1884 4680 2013 4718 san-
2092 4669 2263 4719 natur
2280 4664 2488 4735 platea.
2511 4662 2713 4735 quibus
2733 4669 2792 4717 et
2810 4662 2962 4717 muri
2985 4681 2999 4715 :
3022 4662 3156 4733 quia
3174 4677 3289 4716 non
3311 4661 3447 4716 licet
3470 4667 3692 4715 tantam

412 4750 506 4813 cti,
549 4750 648 4821 qui
675 4749 961 4805 caelestem
987 4748 1241 4803 habitum
1287 4755 1497 4820 gerunt
1531 4750 1590 4804 in
1634 4751 1819 4817 terris,
1852 4759 1907 4806 et
1937 4753 2011 4808 ad

411 4838 709 4909 praemium
735 4844 793 4893 et
819 4838 892 4893 ad
921 4837 1265 4893 coaevitatem
1290 4838 1622 4908 angelorum
1641 4840 1861 4894 venturi
1877 4845 2012 4897 sunt

411 4924 475 4978 in
503 4926 672 4980 ctelis-
699 4927 860 4982 Unde
886 4926 1158 4982 Dominus
1181 4926 1351 4981 dicit:
1377 4927 1441 4980 El
1472 4933 1641 4980 erunt
1660 4930 1804 4981 sicut
1822 4930 2012 4997 angeli

410 5012 477 5065 in
490 5015 614 5066 cato
639 5016 851 5082 (Matth.
878 5021 1035 5084 χιιι).
1066 5015 1217 5087 quod
1244 5014 1574 5086 designatur
1585 5031 1687 5087 per
1698 5032 2011 5088 purpuram

412 5114 539 5172 quae
557 5101 872 5172 principum
893 5111 980 5159 est
1001 5104 1488 5161 indumentum.ln
1507 5104 1653 5158 viola
1669 5110 2012 5175 autem,quaa

410 5185 645 5243 humilis
663 5195 750 5242 est
767 5189 959 5257 herba,
981 5198 1040 5247 et
1058 5197 1250 5248 tamen
1269 5192 1497 5249 odorem
1518 5192 1795 5263 optimum
1817 5192 2005 5260 habet,

410 5275 706 5332 humilitas
732 5274 957 5330 illorum
986 5280 1340 5349 exprimitur,
1375 5295 1501 5334 cum
1531 5279 1688 5334 bona;
1727 5281 2007 5352 opinionis

411 5364 602 5420 odore.
621 5364 687 5420 In
707 5380 937 5420 rosaceo
957 5371 1147 5422 autem
1168 5369 1354 5423 colore
1377 5367 1623 5422 charitas
1647 5369 2002 5439 intelligitur,

412 5468 537 5529 quas
565 5452 851 5510 intentum
876 5454 940 5511 in
964 5452 1078 5509 illis
1097 5454 1264 5523 viget,
1298 5461 1365 5510 ut
1391 5456 1563 5511 etiam
1590 5472 1770 5532 usque
1798 5458 1869 5512 ad
1882 5472 2009 5529 pas-

2092 4751 2338 4805 habeant
2349 4751 2589 4822 gloriam
2610 4750 2869 4821 subjecti,
2893 4757 3166 4821 quantam
3185 4750 3404 4822 praelati
3422 4754 3484 4804 et
3504 4749 3695 4805 docto-

2092 4855 2184 4894 res
2202 4838 2477 4902 Ecclesiae,
2502 4845 2692 4893 tamen
2717 4845 2802 4905 (ut
2819 4838 3033 4894 dictum
3045 4839 3157 4909 est)
3174 4838 3325 4909 quod
3352 4838 3415 4891 in
3444 4854 3508 4892 se
3527 4838 3692 4910 quis-

2094 4944 2203 4999 que
2225 4943 2339 4982 non
2368 4927 2616 4995 habebit,
2649 4927 2958 4999 possidebit.
2974 4928 3035 4981 in
3059 4928 3237 4981 altero
3267 4943 3371 4998 per
3393 4926 3691 4981 charitatis

2092 5016 2373 5080 ardorem,
2388 5017 2611 5087 quando
2632 5016 2778 5070 sicut
2791 5016 3092 5088 Apostolus
3108 5015 3245 5069 dicit
3262 5032 3275 5069 :
3290 5019 3399 5068 erit
3414 5017 3535 5069 illis
3549 5017 3689 5069 Deus

2093 5108 2286 5159 omnia
2312 5108 2378 5158 in
2406 5107 2662 5159 omnibus
2693 5107 2739 5174 (Ι
2767 5106 2888 5160 Cor.
2922 5114 3033 5161 xv).
3063 5103 3225 5159 Unde
3251 5103 3513 5174 sequitur
3543 5122 3557 5158 :

2164 5194 2232 5247 Et
2261 5195 2524 5262 templum
2556 5209 2668 5247 non
2698 5193 2815 5245 ridi
2842 5196 2907 5246 in
2936 5208 3026 5249 ea.
3066 5194 3335 5246 Dominus
3360 5194 3518 5244 enim
3552 5193 3690 5247 Deus

2089 5285 2431 5350 omnipotens
2453 5284 2718 5350 templum
2740 5282 2898 5334 illius
2926 5285 3072 5335 estet
3098 5296 3299 5348 agnus.
3322 5280 3691 5335 Prmseusk-

2089 5369 2259 5424 clesia
2273 5370 2551 5442 templum
2574 5370 2676 5424 Dei
2690 5374 2794 5434 est,
2813 5369 2977 5439 juxta
3001 5368 3150 5441 quod
3171 5368 3474 5439 Apostolus
3500 5368 3641 5422 dicit
3671 5389 3685 5423 :

2097 5458 2378 5526 Templum
2393 5459 2645 5513 enimDei
2653 5462 2911 5513 sanctum
2919 5458 3149 5527 estquod
3156 5459 3282 5511 estis
3292 5455 3687 5530 vos(100r.ut).
