4006 6164
377 211 526 275 1209

1287 212 1667 270 EXPOSITIO
1700 212 1780 268 IN
1807 206 2330 267 APOCALYPSIN.
2362 235 2433 249 —
2462 205 2600 261 LIB.
2626 203 2755 261 VII.

3510 203 3651 264 i210

376 315 597 372 Tamen
628 313 801 368 habet
844 313 1016 368 etiam
1074 311 1197 383 ipsa
1239 313 1517 384 templum
1574 311 1882 382 corporale,
1924 307 1980 364 id
1993 314 2041 370 Α
2061 309 2226 360 vertet
2249 305 2526 368 z'lluler.
2551 319 2658 359 χχιι
2708 303 2808 359 Isti
2830 303 3021 374 itaque
3040 303 3208 373 regis.
3226 303 3330 358 hoc
3348 307 3659 368 est,omnes

379 410 473 461 est
495 405 681 458 locum
710 402 999 466 orationis,
1033 419 1142 473 quo
1168 402 1508 456 conveniunt
1537 401 1730 454 fideles
1767 401 1837 454 ad
1883 416 1984 453 au-

381 494 594 549 dienda
620 493 805 546 divina
835 492 1056 562 eloquia
1084 499 1142 545 et
1182 490 1515 544 celebranda
1554 489 1761 543 Christi
1801 504 1988 543 sacra-

383 587 597 638 menta.
637 581 742 636 Illa
789 587 976 635 autem
1009 578 1246 633 caelestis
1292 579 1484 632 civitas
1523 578 1834 633 Jerusalem
1872 577 1991 646 jam

384 687 501 725 non
529 670 758 724 habebit
783 669 1056 736 templum
1086 667 1322 727 visibile,
1358 668 1489 738 quia
1529 667 1799 720 Dominus
1846 666 1994 718 Deus

384 758 740 828 omnipotens
767 759 936 812 Pater
963 763 1020 811 et
1047 759 1240 825 Agnus
1273 755 1346 822 (id
1380 762 1467 809 est
1496 755 1672 809 Filius
1704 754 1992 821 Dei),tem-

385 847 546 917 plum
577 847 700 916 ejus
725 852 834 901 est.
869 846 1010 899 Hinc
1037 845 1239 899 Paulus
1259 844 1428 898 dicit:
1453 844 1580 898 Non
1610 843 1760 896 enim
1788 842 1845 895 in
1872 857 1993 894 ma-

386 935 628 989 nufactis
651 934 982 989 habitaculis
1000 935 1163 988 Jesus
1184 932 1453 996 introivit,
1488 935 1545 985 et
1572 930 1723 992 alibi,
1748 930 1999 984 Christus

384 1025 648 1077 assistens
672 1024 922 1091 pontifex
946 1025 1276 1090 futurorum
1306 1023 1591 1081 bonorum,
1617 1034 1716 1087 per
1754 1020 1999 1084 amplius

387 1113 442 1165 et
448 1110 742 1178 perfectius
755 1111 1173 1164 tabernaculum
1189 1125 1300 1163 non
1313 1110 1638 1174 manu/actu
1647 1123 1719 1166 in,
1729 1108 1786 1158 id
1797 1110 1871 1159 est
1890 1121 2002 1158 non

389 1198 562 1266 hujus
583 1200 899 1263 creationis,
914 1200 1167 1250 introivit
1187 1201 1348 1249 semel
1367 1199 1429 1250 in
1446 1200 1634 1248 sancta
1655 1195 1801 1258 (Heb.
1830 1194 2002 1259 1x).Et

387 1286 499 1340 hoc
512 1285 871 1357 templum,id
895 1291 980 1339 est
998 1291 1173 1338 totam
1193 1284 1527 1339 Trinitatem
1540 1328 1552 1340 .
1571 1299 1722 1336 nunc
1748 1281 1999 1335 Ecclesia

387 1374 642 1444 possidet
681 1390 780 1444 per
807 1374 997 1437 ﬁdem,
1027 1379 1164 1426 tunc
1195 1389 1324 1426 vero
1353 1370 1660 1442 possidebit
1689 1387 1790 1440 per
1815 1371 2000 1422 mani-

388 1461 596 1516 festam
628 1461 1120 1532 speciem,quando
1151 1460 1260 1513 erit
1279 1461 1428 1514 Deus
1453 1459 1640 1512 omnia
1664 1457 1721 1511 in
1743 1457 2002 1511 omnibus

391 1555 452 1603 et
480 1549 541 1603 in
576 1549 692 1602 illo.
730 1548 848 1602 Erit
876 1548 1025 1601 enim
1051 1553 1187 1601 tunc
1212 1547 1487 1618 templum
1519 1545 1796 1611 Ecclesiae,
1827 1547 1997 1599 Pater

2064 395 2224 465 justi.
2251 410 2408 448 suam
2442 393 2678 462 gloriam
2703 399 2758 446 et
2788 393 3076 458 honorem,
3105 393 3254 463 quod
3284 393 3528 463 idipsum
3562 403 3668 457 est,

2072 485 2316 538 referent
2340 484 2411 536 ad
2442 484 2593 538 illam
2624 483 2906 536 caelestem
2929 483 3262 545 Jerusalem,
3288 483 3420 553 quia
3443 499 3671 537 omnem

2075 589 2232 626 suam
2257 571 2768 626 remunerationem
2787 576 2845 624 et
2866 571 3492 642 pr«-speritatem,atque
3508 588 3675 626 omne

2077 678 2240 714 suum
2260 660 2533 730 gaudium
2545 667 2601 713 et
2614 659 3044 714 exsultationem
3061 658 3136 712 ibi
3151 659 3421 729 recipient
3445 674 3457 708 ε
3481 666 3537 714 et
3560 675 3671 730 quo

2078 749 2321 820 amplius
2336 749 2392 802 in
2417 749 2674 820 praesenti
2695 748 2806 802 vita
2835 747 3168 818 afﬂiguntur
3186 754 3244 801 et
3263 747 3670 818 despiciuntur,

2082 855 2146 894 eo
2176 838 2421 909 amplius
2437 837 2511 891 ibi
2525 836 2940 891 exaltabuntur.
2957 835 3079 900 Quo
3097 841 3295 890 contra
3318 836 3560 907 reprobi,
3571 838 3674 908 qui

2081 927 2141 981 in
2168 926 2427 998 praesenti
2452 943 2613 981 suam
2640 925 2880 996 gloriam
2908 931 2967 979 et
2993 925 3262 978 honorem
3283 925 3589 996 possident,
3621 930 3678 980 et

2082 1017 2141 1070 in
2173 1015 2452 1086 prosperis
2480 1017 2646 1086 hujus
2675 1014 2860 1069 saeculi
2891 1031 2951 1068 se
2965 1013 3294 1078 extendunt,
3317 1014 3393 1068 ibi
3417 1015 3570 1070 vacui
3592 1031 3678 1069 re-

2084 1104 2409 1158 manebunt.
2438 1105 2598 1158 Unde
2616 1103 2887 1162 Dominus
2904 1102 3039 1157 dicit
3069 1121 3080 1155 :
3121 1105 3195 1156 Va:
3224 1105 3370 1156 vobis
3390 1105 3676 1170 divitibus,

2079 1195 2180 1261 qui
2205 1193 2294 1245 hic
2314 1193 2520 1245 habetis
2539 1194 2964 1245 consolationem
2992 1196 3229 1244 vestram
3256 1194 3403 1257 (Luc.
3428 1191 3679 1256 v1).Quia

2081 1281 2229 1334 enim
2255 1279 2430 1334 sancti
2464 1279 2520 1333 ir.
2552 1279 2814 1350 praesenti
2838 1279 2950 1332 vita
2985 1279 3224 1349 gloriam
3269 1280 3439 1349 hujus
3468 1280 3675 1346 saeculi,

2084 1385 2206 1438 quae
2237 1367 2604 1438 reproborum
2636 1373 2744 1436 est,
2774 1383 2887 1421 non
2931 1373 3146 1435 amant,
3175 1367 3383 1421 idcirco
3413 1384 3573 1422 suam
3603 1369 3676 1422 ad

2084 1462 2349 1510 aeternam
2399 1456 2726 1509 felicitatem
2754 1455 2992 1525 gloriam
3032 1456 3313 1516 deferunt.
3345 1456 3568 1526 quando
3603 1456 3681 1512 ibi

2085 1543 2313 1597 exaltati
2332 1543 2998 1608 remunerabuntur,cum
3031 1548 3088 1598 et
3115 1543 3212 1596 uni
3239 1543 3462 1597 illorum
3481 1542 3686 1598 dixerit

390 1652 526 1690 cum
575 1635 720 1688 Filio
762 1640 818 1690 et
848 1636 1060 1706 Spiritu
1107 1641 1322 1700 sancto,
1366 1636 1498 1706 quia
1529 1633 1867 1688 inhabitabit
1903 1634 1998 1687 ille
2019 1634 2060 1692 Β
2079 1633 2352 1713 Dominqs
2383 1652 2395 1687 :
2435 1633 2500 1684 Te
2528 1637 2634 1684 esto
2662 1647 2835 1699 supra
2861 1633 3039 1684 decem
3069 1634 3315 1686 civitates
3337 1649 3353 1692 ;
3387 1631 3550 1685 alteri
3579 1649 3685 1686 au-

392 1723 703 1778 Ecclesiam
733 1725 996 1794 regendo,
1041 1729 1098 1779 et
1125 1724 1235 1778 ista
1263 1723 1600 1778 inhabitabit
1640 1723 1802 1778 illum
1847 1722 1906 1777 in
1935 1739 2001 1778 eo

394 1810 823 1882 quiescendo-In
845 1829 957 1883 qua
975 1812 1185 1867 scilicet
1204 1813 1582 1878 mansione,id
1609 1819 1693 1866 est
1723 1813 1780 1866 in
1811 1812 2002 1866 divina

391 1899 764 1971 protectione,
785 1900 966 1954 tribus
987 1900 1352 1971 qualitatibus
1374 1901 1600 1971 vigebit.
1626 1902 1755 1972 quia
1787 1900 1862 1954 ibi
1894 1901 2000 1954 ha-

389 1986 552 2040 bebit
568 2003 690 2041 esse
710 1987 967 2054 feliciter,
987 1995 1047 2044 (et
1061 2006 1224 2044 nosse
1246 1998 1496 2044 sanctam
1517 1989 1848 2044 Trinitatem
1876 2005 2002 2059 per-

388 2074 555 2139 fecte,
577 2079 634 2129 et
656 2092 779 2130 eam
803 2093 971 2147 quam
995 2078 1230 2144 noverit,
1251 2077 1484 2147 diligere
1504 2083 1673 2131 caste.
1703 2076 1768 2130 In
1789 2076 1876 2130 his
1903 2092 2006 2129 au-

389 2167 514 2216 tem
542 2163 724 2218 tribus
751 2164 1161 2221 beatitudinum
1181 2166 1550 2236 qualitatibus
1571 2165 1753 2220 omnis
1785 2179 2008 2219 summa

387 2247 766 2306 beatitudinis
783 2253 1057 2309 consistit.

469 2336 538 2396 Et
565 2345 759 2396 civitas
779 2359 892 2397 non
922 2348 1032 2411 eget
1061 2345 1167 2396 sole
1199 2359 1370 2412 neque
1404 2345 1561 2404 (una,
1594 2347 1656 2394 ut
1690 2344 1906 2396 luceant
1940 2344 2003 2394 in

396 2446 483 2486 ea.
517 2430 648 2485 Haec
676 2431 992 2485 Jerusalem
1039 2447 1163 2502 quae
1189 2431 1248 2484 in
1281 2431 1540 2501 prtesenti
1584 2429 1791 2500 agitur,
1820 2429 1877 2482 in
1915 2428 2006 2482 die

399 2518 841 2573 fruiturlumine
870 2518 1026 2584 solis,
1058 2526 1220 2572 nocte
1253 2535 1380 2573 vero
1410 2517 1623 2572 lumine
1674 2518 1820 2572 lunae
1864 2537 1876 2570 :
1910 2517 2006 2570 illa

402 2614 595 2662 autem
640 2605 881 2660 caelestis
922 2605 1236 2659 Jerusalem
1289 2605 1429 2659 nihil
1471 2606 1672 2659 horum
1711 2605 2005 2675 indigebit,

405 2695 542 2766 quia
565 2710 758 2748 verum
778 2693 1006 2747 habebit
1032 2694 1399 2763 lumen,quod
1420 2710 1532 2747 non
1553 2694 1732 2747 solum
1754 2709 2008 2763 corpora,

406 2781 508 2835 sed
537 2779 708 2834 etiam
740 2789 956 2834 mentes
985 2782 1339 2850 singulorum
1368 2781 1732 2844 illuminabit,
1750 2781 1900 2835 unde
1920 2797 2013 2835 se-

409 2867 606 2938 quitur
631 2885 644 2922 :
667 2869 811 2922 Nam
828 2871 1056 2922 claritas
1067 2869 1166 2922 Dei
1185 2872 1532 2924 ittuminabit
1554 2887 1693 2924 eam.
1720 2871 1842 2940 lpse
1863 2869 2012 2923 enim

2082 1725 2197 1774 tem
2225 1737 2237 1771 :
2279 1722 2342 1774 Te
2371 1724 2478 1772 esto
2498 1734 2672 1788 supra
2699 1723 2966 1788 quinque,
2993 1719 3140 1774 sicut
3161 1719 3218 1772 in
3248 1719 3683 1790 Evangelioipse

2082 1808 2605 1863 manifestat.Aliter
2624 1826 2635 1860 :
2661 1808 2839 1877 Reges
2852 1813 3018 1862 terrae
3029 1807 3425 1878 intelliguntur
3441 1809 3680 1879 apostoli

2086 1898 2387 1968 caaterique
2408 1897 2928 1968 praedicatores,qui
2951 1902 3182 1967 propter
3198 1897 3448 1966 regimen
3471 1897 3684 1951 anima-

2089 2003 2216 2040 rum
2238 2002 2376 2057 quas
2406 1991 2630 2055 regunt,
2655 1985 2784 2054 jure
2808 2001 2970 2055 reges
3000 1991 3285 2040 vocantur.
3317 1986 3416 2040 Isti
3446 1985 3682 2041 afferent

2087 2075 2324 2145 gloriam
2356 2080 2413 2128 et
2439 2074 2709 2128 honorem
2740 2073 2797 2127 in
2825 2074 3003 2136 illam,
3036 2074 3141 2128 hoc
3171 2079 3275 2138 est,
3311 2090 3508 2128 omnes
3547 2090 3687 2144 quos

2089 2164 2312 2220 Christo
2349 2163 2730 2233 acquisierunt
2759 2179 2861 2216 sua
2899 2163 3292 2232 praedicatione
3323 2170 3377 2217 et
3409 2163 3685 2220 doctrina.

2089 2253 2248 2308 Unde
2269 2253 2478 2307 Paulus
2490 2251 2827 2322 quibusdam
2846 2251 3000 2304 dicit:
3021 2251 3211 2306 Gloria
3235 2257 3425 2306 nostra
3447 2268 3536 2304 vos
3557 2255 3684 2305 estis

2087 2346 2150 2395 in
2182 2341 2272 2395 die
2308 2343 2531 2395 Domini
2560 2343 2739 2394 nostri
2770 2342 2898 2394 Jesu
2930 2340 3139 2394 Christi
3167 2338 3248 2409 (II
3284 2340 3403 2395 Cor.
3441 2342 3501 2407 ι),
3535 2345 3687 2395 recte

2088 2430 2236 2483 enim
2264 2429 2446 2500 gloria
2466 2445 2660 2499 regum
2683 2433 2740 2482 et
2771 2428 2951 2483 honor
2978 2434 3246 2482 vocantur
3263 2429 3323 2482 hi
3350 2445 3453 2499 pro
3481 2428 3686 2498 quibus

2088 2517 2258 2572 iidem
2284 2535 2445 2589 reges
2475 2523 2838 2572 coronantur.

2164 2607 2229 2660 Et
2259 2612 2428 2675 porta:
2456 2611 2572 2674 ejus
2595 2623 2704 2660 non
2735 2607 3070 2660 claudentur
3093 2621 3190 2674 per
3214 2607 3594 2676 diem.Magna
3607 2623 3692 2661 se-

2094 2695 2302 2750 curitas
2323 2695 2431 2749 erit
2450 2695 2507 2748 in
2527 2695 2839 2749 Jerusalem
2857 2693 3365 2759 coelesti,ubinullaa
3378 2696 3499 2765 jam
3519 2701 3688 2752 erunt

2093 2783 2312 2838 insidiae
2332 2783 2562 2849 inimici,
2579 2789 2636 2837 et
2649 2783 2853 2837 idcirco
2868 2787 3043 2852 portae
3063 2783 3185 2852 ejus
3198 2798 3313 2836 non
3332 2781 3686 2851 claudentur,

2095 2873 2229 2943 quia
2249 2872 2507 2926 videlicet
2521 2872 2640 2925 dies
2660 2872 2769 2926 erit
2788 2871 2865 2926 ibi
2886 2879 3176 2942 perpetua,
3202 2870 3291 2926 cui
3307 2887 3416 2925 nox
3430 2888 3543 2926 non
3561 2889 3689 2927 suc-

410 2955 685 3026 Deus,qui
714 2972 863 3010 nunc
890 2956 1174 3011 illuminat
1193 2965 1408 3012 mentes
1432 2959 1684 3014 fidelium
1704 2975 1805 3030 per
1819 2959 2008 3025 fidem,
2029 2981 2072 3040 C
2094 2961 2271 3016 cedet.
2295 2961 2455 3015 Unde
2475 2960 2768 3031 sequitur:
2797 2961 2915 3015 Non:
2943 2976 3055 3013 non
3085 2963 3190 3012 erit
3220 2962 3358 3014 illic.
3375 2960 3484 3015 Sed
3509 2961 3692 3016 videa-

410 3041 534 3112 ipse
555 3044 677 3114 jam
704 3051 840 3100 tunc
866 3046 1043 3100 multo
1080 3046 1259 3116 magis
1301 3046 1660 3112 illuminabit,
1713 3063 1842 3101 cum
1881 3063 2011 3100 eum
2093 3066 2219 3103 mus
2245 3049 2524 3120 quomodo
2564 3048 2621 3102 in
2651 3047 2914 3119 praesenti
2946 3047 3061 3101 vita
3098 3047 3440 3101 clauduntur
3492 3054 3687 3119 portis,

410 3131 602 3187 videre
633 3134 948 3188 meruerint
977 3135 1116 3188 facie
1150 3135 1220 3188 ad
1247 3133 1464 3189 faciem.
1493 3136 1634 3189 Hinc
1660 3135 1781 3207 ipse
1821 3136 1959 3190 dicit
1995 3155 2008 3190 :

409 3223 564 3275 Beati
615 3225 826 3276 mundo
856 3224 1032 3288 corde,
1063 3225 1330 3291 quoniam
1382 3226 1491 3290 ipsi
1538 3225 1710 3277 Deum
1754 3225 2010 3278 videbunt

405 3311 636 3380 (Matth.
691 3316 766 3378 v).
817 3311 885 3364 Et
933 3315 1164 3365 lucerna
1213 3315 1330 3380 ejus
1377 3313 1588 3378 Agnus.
1627 3310 1886 3366 Lucerna
1939 3312 2011 3366 ad

407 3397 601 3469 ignem
622 3400 885 3470 pertinet.
910 3401 1056 3454 Nam
1075 3415 1319 3470 praesens
1341 3400 1582 3454 Ecclesia
1608 3406 1736 3471 eget
1757 3401 2006 3466 lucerna,

407 3491 517 3540 hoc
547 3494 634 3541 est
660 3488 790 3558 igne
834 3489 1111 3558 corporali
1151 3487 1480 3546 illuminari.
1521 3489 1624 3543 Illa
1664 3496 1854 3543 autem
1888 3491 2008 3560 jam

406 3593 522 3630 non
550 3575 824 3646 indigebit
851 3576 956 3630 hac
983 3577 1092 3631 frui
1122 3577 1372 3640 lucerna,
1405 3577 1538 3647 quia
1559 3577 1751 3630 lumen
1781 3578 1901 3639 eius
1927 3582 2013 3629 est

406 3680 609 3735 agnus,
643 3663 700 3718 id
731 3670 815 3718 est
859 3665 996 3719 visio
1049 3665 1258 3719 Christi
1306 3681 1434 3718 cum
1478 3664 1648 3717 Patre
1694 3669 1749 3717 et
1800 3664 2013 3734 Spiritu

406 3762 626 3819 sancto,
641 3753 712 3806 de
729 3753 851 3823 ipso
871 3757 1020 3807 enim
1041 3752 1179 3806 Filio
1201 3753 1259 3806 in
1279 3751 1420 3806 libro
1439 3751 1740 3822 Sapientiae
1767 3751 1974 3805 dicitur
1997 3769 2009 3804 :

408 3841 632 3897 Candor
647 3846 794 3895 enim
809 3847 884 3895 est
897 3844 1036 3895 lucis
1045 3847 1276 3896 aeternas.
1288 3842 1438 3909 (Sap.
1451 3840 1698 3904 vui.Quaa
1711 3841 1803 3895 lux
1819 3842 2015 3911 utique

408 3929 471 3982 in
496 3931 757 4001 praesenti
787 3931 960 3984 videri
981 3931 1196 4001 nequit.
1223 3930 1382 3984 Unde
1409 3929 1680 3983 Dominus
1702 3930 1772 3983 ad
1784 3931 2014 4001 Moysen

409 4017 581 4075 dicit:
627 4018 749 4074 Non
767 4022 916 4072 enim
956 4020 1156 4072 videbit
1209 4034 1293 4072 me
1321 4020 1480 4072 homo
1531 4025 1579 4071 et
1628 4022 1786 4073 vivet.
1815 4019 2012 4086 (Erod.

409 4116 626 4174 xxxnl).

482 4197 935 4250 Etambulabunt
963 4201 1146 4263 gentes
1161 4211 1263 4264 per
1285 4198 1472 4249 lumen
1505 4198 1644 4262 ejus.
1668 4196 1881 4250 Lumen
1913 4196 2014 4250 Ec-

2093 3154 2216 3208 qua:
2244 3137 2441 3207 utique
2471 3135 2864 3207 praedicatores
2886 3133 3297 3204 intelliguntur,
3332 3151 3431 3206 per
3453 3151 3692 3206 quorum

2093 3225 2470 3280 ministerium
2501 3225 2802 3279 Ecclesiam
2820 3223 3116 3278 intramus.
3141 3223 3319 3278 Portae
3332 3223 3483 3277 enim
3497 3224 3693 3279 civita-

2092 3315 2165 3369 tis
2193 3315 2328 3369 dum
2357 3315 2717 3380 clauduntur,
2736 3312 3182 3384 ingredientibus
3202 3312 3418 3368 aditum
3437 3330 3550 3368 non
3573 3330 3696 3385 per-

2093 3403 2551 3473 mittunt.ltaque
2568 3402 2728 3472 quasi
2749 3402 3092 3456 clauduntur
3127 3407 3322 3470 portae,
3349 3401 3487 3455 dum
3515 3401 3695 3456 sancti

2091 3491 2488 3563 praedicatores
2502 3490 2785 3543 diabolum
2800 3489 3080 3558 repellunt
3093 3504 3128 3540 a
3139 3488 3399 3542 cordibus
3419 3489 3692 3554 ﬁdelium,

2093 3579 2311 3649 ipsique
2326 3578 2541 3631 aditum
2561 3576 2912 3645 ingrediendi
2934 3575 3375 3644 denegant,dum
3400 3577 3592 3630 ﬁdeles
3613 3578 3696 3632 in-

2094 3673 2325 3720 struunt
2353 3665 2633 3735 quomodo
2661 3665 2786 3734 ejus
2807 3663 3214 3717 tentationibus
3233 3665 3522 3718 resistant.
3545 3666 3688 3720 Hinc

2101 3756 2295 3808 l'etrus
2315 3753 2468 3807 dicit:
2493 3754 2861 3808 Adversarius
2882 3760 3057 3806 vester
3075 3757 3349 3821 tanquam
3365 3759 3443 3807 [eo
3464 3757 3695 3822 rugiens

2097 3846 2317 3909 circuit,
2350 3859 2597 3910 quarens
2623 3857 2784 3909 quem
2804 3843 3038 3906 devoret,
3065 3844 3159 3894 cui
3184 3845 3417 3896 resistite
3437 3844 3606 3910 fortes
3633 3847 3698 3898 in

2097 3933 2199 3999 ﬁde
2248 3933 2335 4002 (ll
2376 3932 2514 3984 Petr.
2549 3932 2629 3998 v).
2675 3929 2807 3983 Ideo
2837 3934 3024 3983 autem
3055 3929 3132 3982 ibi
3162 3929 3298 3983 dicit
3333 3948 3347 3985 :
3378 3933 3553 3985 Porta
3581 3935 3697 4000 ejus

2098 4036 2212 4074 non
2240 4018 2732 4090 claudentur,quia
2752 4018 2971 4072 sublato
2988 4017 3168 4072 noctis
3187 4018 3410 4086 timore,
3425 4026 3699 4090 perpetua

2098 4108 2218 4162 dies
2247 4107 2437 4162 electis
2466 4107 2719 4178 fulgebit.
2744 4108 2870 4161 Non
2888 4109 3008 4176 jam
3043 4106 3262 4161 dicetur
3295 4108 3373 4160 ibi
3398 4126 3412 4163 :
3468 4110 3693 4176 Vigilate

2099 4203 2146 4251 et
2169 4203 2318 4251 orate
2330 4199 2523 4264 (illa-rc.
2545 4197 2846 4267 xm),quod
2863 4197 2930 4249 ad
2953 4202 3175 4250 noctem
3198 4197 3554 4251 adversitatis
3577 4214 3700 4268 per-

408 4285 592 4339 clesiae
613 4285 871 4339 Christus
894 4291 997 4338 est.
1015 4284 1174 4338 Unde
1197 4300 1296 4354 per
1313 4285 1510 4338 Isaiam
1531 4283 1736 4338 dicitur
1768 4303 1780 4336 :
1811 4285 2010 4352 Surge,
2035 4286 2260 4352 Dtinet,
2288 4285 2386 4339 sed
2418 4303 2429 4338 :
2479 4286 2659 4338 Vacate
2685 4289 2733 4338 et
2773 4287 2947 4338 videte
2982 4287 3248 4353 quoniam
3281 4302 3374 4353 ego
3406 4302 3531 4339 sum
3564 4287 3698 4340 Deus

407 4377 759 4438 illuminare,
786 4376 1252 4442 Jerusalem,quia
1277 4377 1633 4426 venitlumen
1666 4379 1848 4426 tuum.
1876 4375 2012 4443 (lsa.

408 4468 524 4532 Lx).
583 4464 714 4516 Hac
763 4475 953 4516 autem
984 4462 1151 4516 verba
1181 4478 1293 4516 non
1318 4462 1390 4515 ad
1416 4461 1592 4516 futuri
1621 4463 1893 4532 temporis
1924 4479 2013 4516 re-

409 4550 880 4617 munerationem,
897 4552 994 4606 sed
1023 4552 1094 4605 ad
1121 4550 1412 4622 praesentis
1433 4550 1705 4615 laborem,
1726 4550 2019 4605 referenda

411 4653 533 4691 esse
548 4638 687 4692 satis
707 4639 905 4693 elucet.
929 4641 1124 4710 Neque
1145 4639 1295 4693 enim
1310 4641 1430 4709 jam
1445 4645 1580 4693 tunc
1602 4639 1781 4693 sancti
1806 4639 1863 4693 in
1892 4657 2015 4693 am-

409 4723 656 4779 bulando
673 4725 1026 4794 laborabunt,
1051 4729 1150 4782 sed
1165 4733 1295 4799 post
1319 4727 1568 4781 laborem
1590 4727 1751 4782 beate
1770 4728 2016 4783 viventes

411 4813 715 4884 quiescent.
759 4815 921 4869 Nunc
951 4815 1141 4887 itaque
1181 4815 1474 4870 ambulant
1506 4832 1608 4886 per
1648 4816 1839 4870 lumen
1870 4818 2008 4886 ejus,

410 4900 518 4954 hoc
554 4908 658 4967 est,
696 4918 796 4972 per
820 4903 1025 4956 Christi
1062 4903 1251 4968 ﬁdem,
1285 4909 1628 4974 caeterasque
1667 4903 1919 4970 virtutes,
1952 4911 2016 4958 ut

407 4996 607 5062 postea
634 4990 1022 5061 pervenientes
1047 4992 1118 5045 ad
1148 4992 1390 5063 patriam
1412 4993 2016 5063 caalestem,quiescant

407 5080 469 5135 in
496 5079 620 5152 ipso
648 5080 884 5144 lumine,
914 5083 1018 5134 hoc
1045 5088 1149 5146 est,
1173 5081 1231 5134 in
1260 5081 1440 5152 ipsius
1462 5081 1563 5134 Dei
1583 5082 2016 5152 contemplatio-

413 5184 503 5222 ne.
528 5171 593 5223 Et
625 5185 774 5238 reges
804 5173 963 5223 terra
983 5172 1211 5236 a/rerent
1229 5170 1468 5237 gloriam
1499 5186 1660 5223 suam
1684 5177 1731 5223 et
1758 5172 2018 5224 honorem

431 5257 496 5306 in
518 5259 698 5312 illam.
734 5258 914 5329 Reges
935 5266 1097 5311 terra:
1125 5256 1517 5328 intelliguntur
1545 5274 1739 5312 omnes
1760 5259 2026 5330 justi,qui

417 5339 558 5396 bene
597 5361 659 5399 se
707 5363 837 5401 cum
865 5345 1134 5418 subjectis
1167 5362 1360 5417 regere
1391 5354 1676 5417 satagunt,
1710 5349 1779 5402 de
1816 5348 2018 5419 quibus

417 5427 627 5485 dictum
638 5440 737 5490 est:
747 5438 851 5491 Cor
865 5439 1008 5507 regis
1026 5438 1088 5491 in
1101 5451 1278 5490 manu
1295 5437 1736 5512 Dei,quocunque
1753 5441 2009 5504 voluerit,

2101 4375 2268 4438 (Psat.
2291 4369 2436 4441 XLV),
2469 4371 2618 4442 quod
2653 4372 2724 4425 ad
2741 4371 2851 4425 diei
2873 4373 3146 4442 redigitur
3167 4375 3550 4428 securitatem.

2171 4461 2238 4514 Et
2256 4463 2484 4527 a/I‘erent
2507 4463 2750 4528 gloriam
2781 4467 2828 4514 et
2859 4463 3122 4515 honorem
3143 4466 3398 4530 gentium
3418 4466 3479 4516 in
3510 4464 3692 4516 illam.

2100 4549 2262 4602 Haud
2291 4549 2523 4603 dubium
2578 4549 2686 4620 ipsi
2717 4549 2812 4620 qui
2841 4550 3098 4620 superius
3144 4551 3502 4622 appellantur
3535 4567 3698 4620 reges

2099 4644 2282 4704 terrae,
2316 4638 2374 4691 id
2394 4645 2481 4692 est
2504 4638 2686 4691 sancti
2718 4639 3232 4710 praedicatores,qui
3252 4639 3492 4709 gloriam
3521 4645 3579 4693 et
3598 4639 3701 4694 ho-

2098 4743 2293 4781 norem
2319 4727 2577 4797 gentium
2605 4726 2664 4780 in
2695 4726 2850 4780 illam
2879 4727 3165 4781 civitatem
3197 4727 3454 4790 afferent,
3477 4728 3702 4798 quando

2098 4824 2404 4887 aggregata
2421 4814 2588 4870 turba
2612 4815 2882 4881 ﬁdelium,
2901 4815 3052 4886 ipsos
3075 4832 3216 4886 quos
3231 4816 3584 4887 pradicando
3607 4818 3706 4872 ad-

2095 4907 2376 4960 duxerunt
2399 4906 2470 4959 ad
2492 4905 2680 4971 fidem,
2704 4921 2894 4959 secum
2916 4905 2988 4958 ad
3020 4905 3262 4975 patriam
3292 4905 3577 4960 caelestem
3598 4907 3690 4961 in-

2095 4995 2412 5048 troducent.
2454 4995 2657 5064 Magna
2695 4994 2846 5052 enim
2889 4993 3094 5064 gloria,
3129 5009 3481 5066 magnusque
3520 4995 3702 5051 honor

2097 5085 2351 5153 gentium
2381 5083 2439 5136 in
2466 5083 2623 5136 illam
2649 5083 2927 5138 civitatem
2970 5082 3258 5148 afferetur,
3303 5083 3436 5154 quia
3464 5086 3709 5140 maxima

2111 5188 2181 5226 ex
2209 5180 2370 5243 parte
2396 5189 2461 5225 ex
2486 5172 2623 5242 ipsis
2649 5171 2914 5241 gentibus
2942 5171 3320 5227 decorabitur.

2179 5262 2301 5315 Non
2331 5261 2566 5313 intrabit
2587 5263 2649 5313 in
2673 5263 2831 5313 illam
2857 5261 3078 5327 aliquid
3104 5263 3531 5330 coinquinatum
3551 5265 3599 5313 et
3621 5262 3709 5328 fa-

2104 5351 2248 5402 ciens
2264 5349 2752 5401 abominationem.
2769 5345 2838 5401 In
2866 5348 3010 5400 hanc
3029 5347 3309 5402 civitatem
3332 5347 3626 5417 coinquina
3636 5347 3702 5414 ti,

2097 5436 2155 5490 id
2175 5441 2262 5490 est
2289 5434 2442 5493 vitiis
2461 5434 2751 5504 maculati,
2773 5441 2830 5490 et
2847 5434 3116 5491 facientes
3129 5434 3696 5504 abominationem,id
