4006 6164
358 200 533 306 1213‘

1266 190 1651 269 EXPOSiTI‘O
1683 212 1761 267 IN
1787 182 2312 266 Apocuvpsm.
2350 238 2412 250 _
2444 202 2583 265 LIB'.
2619 160 2742 264 vn.
2788 204 2789 207 γ

3504 184 3685 309 me;

357 314 517 419 aquae
537 332 815 406 viva,hoc
832 353 981 405 nunc
998 332 1171 401 etiam
1188 312 1515 411 designatur
1528 355 1629 411 per
1646 334 1868 410 lignum
1884 355 1951 397 ex
1967 339 2014 397 A
2033 340 2226 391 autem
2249 349 2462 399 amore.
2492 330 2609 393 Hac
2629 330 2903 402 servitute
2922 335 3177 403 serviunt
3202 326 3370 401 electi
3391 338 3485 395 hic
3524 346 3649 403 om,

358 434 601 501 utraque
621 432 779 500 parte
800 426 1055 489 ﬂuminis
1069 428 1338 498 positum.
1365 429 1419 487 id
1451 434 1536 487 est
1557 428 1954 498 contemplatio

359 522 567 575 sanetae
584 508 897 585 Trinitatis,
911 532 1036 587 quae
1050 516 1360 586 angelicam
1380 517 1549 573 simul
1571 521 1628 572 et
1648 517 1955 573 humanam

361 611 627 674 naturam.
651 604 782 665 hinc
808 605 935 661 inde
967 606 1161 671 satiat,
1180 605 1414 677 ipsaque
1442 605 1669 661 visionis
1695 605 1848 676 potio
1877 603 1957 664 ita

362 700 450 753 est
459 682 879 759 multimodamt
893 693 1164 765 quidquid
1181 694 1449 765 cuiquam
1463 693 1520 749 in
1534 692 1811 755 desiderio
1821 699 1956 757 tunc

362 781 595 848 venerit,
612 782 731 837 haec
750 781 947 841 eadem
961 780 1097 847 visio
1114 782 1229 845 ﬁat,
1248 782 1473 854 quando
1491 782 1636 841 sicut
1654 778 1955 853 Apostolus

359 871 495 931 dicit
516 885 529 920 :
551 870 660 929 erit
676 872 817 927 Deus
836 873 1027 925 omnia
1049 873 1111 925 in
1124 872 1379 930 omnibus,
1397 873 1579 940 (1001'.
1602 870 1714 938 xv).
1730 864 1839 925 Sed
1853 884 1957 927 nec

358 960 585 1025 mirum,
603 974 732 1021 cum
753 963 811 1021 et
830 957 1014 1029 ipsum
1039 974 1251 1017 manna
1278 958 1405 1015 filiis
1432 958 1608 1020 Israel
1626 956 1694 1019 de
1714 957 1853 1013 coelo
1874 964 1955 1012 at-

358 1047 657 1113 tributum,
692 1063 795 1119 per
821 1047 971 1118 quod
1012 1052 1227 1111 aeterna,
1261 1047 1492 1105 satietas
1523 1048 1819 1118 ﬁguratur,
1851 1044 1956 1100 hoc

359 1135 668 1201 secundum
691 1132 992 1206 Scriptura:
1012 1135 1350 1196 sententiam
1375 1132 1678 1206 unicuique
1707 1135 1960 1206 sapuerit

358 1225 421 1280 in
449 1240 567 1294 ore,
600 1240 710 1295 quo
745 1222 940 1277 fuisset
967 1223 1292 1281 delectatus.
1330 1224 1440 1279 Per
1468 1240 1713 1290 menses,
1754 1223 1957 1295 quibus

357 1313 545 1384 ipsum
574 1310 790 1383 lignum
809 1308 1023 1366 fructus
1044 1311 1229 1379 aﬂ‘ert,
1258 1311 1549 1369 aeternitas
1578 1308 1915 1382 intelligitur
1942 1330 1953 1366 :

359 1402 470 1457 Per
494 1417 694 1467 annos,
735 1404 817 1466 ut,
845 1402 1032 1454 annui
1065 1403 1150 1455 tui
1189 1415 1303 1453 non
1345 1402 1595 1466 deﬁcient
1628 1401 1797 1470 (Psal.
1834 1406 1911 1469 CI)
1944 1419 1957 1455 :

360 1506 463 1563 per
487 1505 709 1548 menses
748 1504 901 1554 vero,
944 1492 1009 1547 ut
1053 1493 1139 1543 est
1187 1487 1329 1543 illud
1372 1483 1533 1547 Isaiae
1565 1491 1628 1557 (c.
1670 1491 1861 1557 LXVI):
1896 1486 1963 1553 Et

362 1581 468 1637 erit
493 1580 697 1636 mensis
734 1593 798 1635 ea:
825 1592 1006 1631 mense
1039 1594 1055 1629 :
1087 1592 1189 1648 per
1216 1570 1389 1642 diem,
1420 1584 1484 1631 ut
1517 1582 1601 1632 est
1638 1568 1777 1630 illud
1814 1595 1827 1631 :
1860 1574 1962 1632 Me.

2036 424 2312 496 nipotenti
2332 422 2469 488 Deo.
2485 428 2860 496 praecaventes
2872 424 3127 490 omnino,
3138 442 3211 483 ne
3222 443 3351 485 eum
3371 427 3432 483 in
3454 429 3663 505 aliquo,-

2038 513 2323 577 oﬁ‘endant
2347 521 2596 587 peccato.
2620 510 2706 569 Ibi
2739 519 2928 579 autem
2954 516 3198 573 servient
3226 514 3326 582 illi,
3355 518 3645 575 laudande

2038 608 2096 659 et
2120 602 2690 673 gloriﬁcandoillum,
2705 602 2868 674 juxta
2888 602 3031 665 illud
3060 621 3072 657 :
3096 606 3247 659 Beati
3273 608 3372 675 qui
3389 607 3645 665 habitant

2038 694 2102 745 in
2130 693 2289 745 domo
2320 698 2419 746 tua
2440 693 2611 761 (Psal.
2635 696 2883 760 Lxxxm).

2108 778 2176 834 Et
2204 779 2465 843 videbunt
2484 781 2700 861 faciem
2732 784 2869 850 ejus.
2902 770 2967 836 Id
2998 786 3085 837 est
3112 768 3421 854 perfectam
3457 770 3654 861 cogni-.
3704 828 3707 829 ν

2037 867 2250 935 tionem
2297 866 2420 940 ejus
2467 860 2779 937 habebunt.
2807 866 3005 942 Neque
3036 870 3186 933 enim
3214 870 3507 941 pueriliter
3539 864 3647 935 hoc.

2036 954 2465 1027 intelligendum
2494 964 2685 1025 est,ut
2698 964 2969 1032 putemus
2983 952 3164 1022 Deum
3182 959 3391 1027 habere
3415 960 3643 1028 faciem,
3672 1011 3676 1015 .

2038 1061 2160 1115 quae
2186 1046 2475 1117 corporeis
2504 1043 2681 1109 oculis
2709 1047 2888 1118 possit
2916 1046 3110 1115 videri,
3135 1040 3235 1107 sed
3258 1048 3392 1120 quia
3415 1048 3474 1104 in
3503 1034 3670 1107 facie‘

2038 1133 2282 1199 hominis
2301 1132 2546 1205 cognitio
2569 1142 2672 1202 est,
2696 1134 2820 1190 ideo
2840 1136 2928 1190 hic
2950 1153 3051 1207 per
3071 1128 3269 1193 faciem
3293 1153 3461 1207 quam
3485 1128 3667 1193 electi

2038 1218 2227 1287 videre
2257 1222 2539 1289 dicuntur,
2590 1223 2734 1277 nihil
2768 1224 2920 1279 aliud
2950 1241 3120 1295 quam
3163 1225 3411 1295 cognitio,
3437 1231 3651 1289 sanetae,

2042 1306 2333 1364 Trinitatis
2378 1310 2747 1382 intelligetur.
2789 1306 2932 1373 Hinc
2969 1313 3239 1383 scriptum
3265 1319 3353 1372 est
3383 1329 3394 1362 :
3427 1304 3649 1373 Scimus

2046 1401 2180 1466 quia
2200 1414 2327 1451 cum
2344 1402 2908 1467 apparuerit,similes
2931 1393 3652 1469 eierimus,quoniamvide;

2047 1488 2229 1541 bimus
2256 1502 2381 1539 eum
2411 1488 2579 1540 sicuti
2602 1493 2676 1540 est
2700 1487 2927 1557 (lJoan.
2950 1490 3053 1558 III).
3084 1489 3279 1555 Talem
3310 1490 3460 1559 enim
3491 1492 3647 1550 vide-

2044 1573 2188 1628 bunt
2219 1573 2398 1628 sancti
2430 1574 2631 1645 Deum,
2671 1571 2895 1647 qualem
2944 1594 3095 1641 nunc
3122 1578 3310 1649 angeli
3337 1578 3550 1647 vident.
3580 1576 3652 1640 de

364 1670 477 1725 lior-
503 1671 579 1721 est
623 1664 735 1721 dies
778 1681 897 1720 una
927 1668 991 1723 in
1035 1643 1201 1723 atriis
1239 1668 1349 1723 tuis
1388 1680 1553 1733 super
1580 1668 1767 1720 millia
1796 1643 2249 1734 (Psal.Bquibus
2279 1662 2551 1718 Dominus
2580 1643 2748 1718 dicit:
2776 1658 2972 1734 Angeli
2995 1643 3435 1737 eorum‘se-mper
3463 1643 3675 1739 vident!

364 1755 627 1825 Lxxxm);
667 1759 725 1810 et
766 1754 974 1808 iterum
1009 1772 1021 1807 :
1060 1753 1425 1808 Ordinatione
1472 1758 1571 1808 tua
1610 1758 1962 1822 perseverant

362 1832 475 1910 dics
492 1832 671 1914 ’(Psal.
698 1844 906 1911 cxv—m).
953 1842 1195 1912 Lignum
1225 1857 1361 1911 ergo,
1387 1842 1514 1897 vitae
1541 1858 1644 1914 per
1667 1838 1962 1896 duodecim

362 1948 585 1989 menses
611 1930 825 1987 fruetus
857 1929 1064 1997 reddit,
1094 1929 1229 2000 quia
1255 1929 1378 2000 ipsa
1408 1946 1621 1987 merces
1659 1930 1837 1989 beatae
1862 1931 1963 1984 im-

365 2019 744 2084 mortalitatis,
793 2035 915 2089 quae
957 2034 1056 2089 per
1097 2018 1314 2073 fructus
1358 2008 1708 2088 designatur,
1741 2035 1964 2090 quaque

365 2108 530 2165 electi
576 2107 960 2180 perfruuntur,
1012 2107 1228 2163 nullum
1278 2107 1586 2162 terminum
1643 2106 1832 2173 habet,
1865 2102 1964 2162 sed

366 2196 489 2251 sine
517 2197 630 2253 ﬁne
676 2201 886 2253 manet.
923 2194 1163 2264 Singula
1195 2198 1352 2263 ligna
1378 2197 1668 2252 reddentia
1711 2198 1963 2264 fructum

2044 1748 2243 1820 fdciem
2276 1752 2462 1807 Patris
2493 1755 2602 1806 mei
2627 1755 2728 1823 qui
2747 1755 2810 1807 in
2839 1757 2983 1808 catis
3013 1760 3087 1810 est
3110 1755 3322 1822 (Matth.
3358 1750 3543 1826 ινιιι),ε
3569 1749 3654 1813 De

2044 1840 2148 1894 hac
2174 1845 2363 1897 autem
2392 1839 2602 1896 visione
2624 1842 2904 1913 quomodo
2923 1843 3134 1897 scilicet
3159 1844 3234 1913 sit
3258 1836 3669 1919 intelligenda,”

2044 1926 2183 1991 satis
2217 1929 2604 2003 supradictum
2638 1934 2742 1984 est.
2767 1930 2837 1985 Et
2867 1929 3065 1986 beatus
3086 1930 3398 1997 Ansbertus
3416 1928 3653 2002 Ambros

2045 2010 2182 2083 sius,
2198 2016 2347 2071 dicta
2371 2018 2609 2072 aliorum
2632 2019 2924 2074 doctorum
2949 2036 3210 2090 sequens,
3232 2019 3416 2092 plura,
3441 2016 3647 2092 inquit,

2044 2107 2373 2177 loquuntur,
2391 2108 2796 2179 patefacientes
2816 2108 3005 2162 oculos
3028 2108 3251 2176 mentis,
3269 2104 3369 2165 Dei
3386 2100 3671 2185 naturam-

2047 2211 2167 2249 esse
2199 2196 2707 2266 contemplandum,
2742 2195 2888 2251 sicut
2916 2201 2973 2251 et
3017 2197 3263 2255 Charitas
3307 2198 3546 2261 videtur.
3591 2188 3669 2259 Si

369 2301 558 2341 suum.
584 2286 650 2343 In
667 2286 772 2343 hoc
790 2285 1036 2343 fructum
1058 2300 1224 2341 suum
1244 2282 1504 2347 reddent,
1532 2283 1798 2355 quoniam
1821 2301 1966 2340 mer—
2046 2282 2197 2337 enim
2215 2282 2453 2337 exterior
2470 2280 2638 2338 homo
2659 2290 2852 2339 noster
2869 2276 3059 2340 videre
3081 2286 3279 2358 nequit
3297 2285 3650 2367 interiorem,

371 2374 562 2429 cedem
586 2390 820 2451 cperum
850 2389 1083 2429 suorum
1107 2373 1440 2444 percipient.
1470 2375 1537 2427 Et
1560 2375 1699 2441 folia
1729 2376 1872 2441 ligni
1892 2374 1967 2427 ad
2048 2370 2259 2449 quanto
2288 2372 2468 2442 magis
2506 2372 2689 2428 Deum
2717 2374 3038 2446 conspicere
3076 2375 3293 2447 nequit,
3328 2375 3425 2448 qui
3454 2375 3649 2446 utique

372 2465 667 2519 sanitatem
688 2466 961 2531 gentium.
988 2462 1148 2516 Folia
1171 2461 1331 2531 ligni,
1352 2461 1548 2519 laudes
1576 2461 1967 2531 intelliguntur
2049 2454 2229 2514 multo
2260 2470 2347 2514 est
2374 2459 2634 2515 subtilior
2662 2461 2852 2516 anima
2897 2463 3137 2517 nostra?
3174 2462 3459 2533 Videbunt
3488 2458 3652 2525 illum

371 2555 720 2620 sanctorum,
739 2552 809 2607 de
831 2550 1032 2622 quibus
1051 2540 1351 2605 Psalmista
1376 2570 1387 2603 :
1416 2553 1566 2605 Beati
1590 2553 1690 2618 qui
1714 2546 1969 2604 habitant
2050 2548 2242 2619 itaque
2271 2553 2480 2611 mente,
2510 2548 2568 2605 id
2598 2552 2683 2604 est
2709 2554 3010 2622 perfectam
3035 2552 3157 2624 ejus
3183 2552 3269 2619 (ut
3297 2548 3508 2617 dictum
3541 2544 3663 2622 est);

365 2644 435 2695 in
461 2642 620 2694 domo
649 2630 747 2695 tua
774 2642 937 2708 (Psal.
986 2642 1234 2705 Lxxxm).
1265 2638 1399 2703 Quae
1428 2638 1624 2697 laudes
1652 2638 1719 2694 ad
1756 2637 1968 2692 sanita-
2050 2637 2338 2715 habebunt
2358 2638 2756 2709 cognitionem,
2783 2646 2845 2695 ut
2873 2640 3176 2713 impleatur
3202 2636 3350 2715 quod
3379 2640 3652 2707 Dominus

366 2733 483 2781 tem
504 2727 758 2797 gentium
785 2727 1101 2798 proﬁcient,
1123 2744 1250 2781 cum
1279 2743 1474 2781 eorum
1506 2727 1676 2781 corda
1699 2738 1970 2797 perpetua
2052 2712 2188 2781 dicit
2206 2746 2216 2780 :
2234 2729 2602 2782 Bealimundo
2615 2712 3651 2803 corde,quoniamipsiDeumvidebunt

371 2816 657 2881 Creatoris
686 2815 811 2870 laus
839 2815 1083 2887 replens,
1112 2815 1327 2871 nullam
1360 2815 1420 2871 in
1449 2816 1533 2871 eis
1557 2815 1971 2889 fatigationem,
2054 2810 2579 2884 (liattli.v).Caetera
2591 2808 3649 2894 exilliusinvestigenturcontractione.

369 2906 589 2961 nullam
614 2904 1023 2969 lassitudinem,
1046 2905 1259 2961 nullam
1285 2904 1577 2961 tristitiam
1604 2902 1738 2960 sinit
1758 2898 1965 2969 inesse.
2049 2903 2117 2957 Et
2135 2920 2331 2963 nomen
2354 2907 2470 2973 ejus
2485 2903 2756 2975 scriptum
2778 2906 2839 2958 in
2856 2905 3138 2971 frontibus
3153 2922 3360 2960 eorum.
3382 2905 3490 2969 Per
3503 2904 3652 2960 fron-

443 2994 511 3048 Et
548 3010 706 3047 omne
736 2994 1090 3049 maledictum
1139 3009 1249 3047 non
1278 2996 1386 3048 erit
1427 2993 1486 3048 in
1514 3010 1581 3047 ea
1606 2997 1874 3063 amplius.
1903 2994 1968 3053 In
1984 2976 2026 3036 θ
2048 2995 2164 3071 tem
2188 2990 2357 3058 (sicut
2374 2991 2633 3063 superius
2653 2990 2865 3047 dictum
2886 2995 2989 3061 est)
3013 2992 3347 3064 exprimitur
3365 2992 3525 3053 ﬁdes.
3541 2993 3651 3055 Sed

370 3082 635 3153 praesenti
654 3081 899 3136 Ecclesia
925 3081 1282 3139 maledictum
1308 3086 1412 3147 est,
1435 3081 1648 3139 scilicet
1673 3099 1853 3153 genus
1873 3083 1973 3141 hoe
2050 3096 2176 3133 cum
2207 3078 2284 3133 ibi
2308 3080 2424 3150 jam
2454 3094 2569 3134 non
2598 3080 2672 3136 sit
2703 3079 2842 3135 ﬁdes
2870 3082 2970 3135 aut
3011 3099 3156 3153 spes,
3192 3082 3325 3159 quid
3365 3078 3471 3137 sibi
3508 3082 3647 3151 vult,

371 3171 609 3243 minam,
634 3171 731 3241 qui
755 3171 814 3227 in
844 3170 983 3227 Cain
1014 3170 1464 3227 maledictionem
1486 3177 1876 3243 perceperunt.
1901 3172 1966 3227 In
2052 3166 2200 3241 quod
2222 3166 2381 3222 electi
2402 3185 2606 3237 nomen
2627 3166 2730 3224 Dei
2751 3166 2810 3223 in
2830 3168 3108 3235 frontibus
3130 3170 3337 3237 habere
3355 3170 3655 3245 Perhibent

371 3258 472 3315 illa
507 3259 773 3314 societate
800 3264 1142 3325 sanctorum,
1179 3260 1399 3315 nullum
1438 3260 1547 3315 erit
1578 3261 1963 3332 maledictum,
2047 3256 2176 3321 tur?
2199 3254 2308 3312 Sed
2330 3250 2639 3320 sciendum,
2658 3258 2791 3330 quia
2809 3258 2944 3316 ﬁdes
2964 3259 3054 3314 hic
3075 3277 3177 3336 pro
3192 3260 3657 3325 remuneratione

372 3348 471 3412 sed
511 3347 693 3403 omnis
730 3348 981 3407 Ecclesia
1016 3348 1326 3405 electorum
1367 3347 1726 3405 benedicetur
1754 3346 1813 3403 in
1851 3350 1967 3404 suis

370 3436 934 3500 habitatoribus.cum
957 3436 1264 3495 audierint:
1297 3438 1493 3503 Venite,
1511 3440 1775 3493 benedicti
1784 3444 1967 3507 patris

371 3530 481 3585 mei
505 3522 723 3597 (Matth.
746 3527 898 3595 xxv),
930 3530 1033 3580 etc.
1064 3525 1169 3581 Sed
1195 3526 1338 3587 sedes
1368 3527 1465 3583 Dei
1502 3532 1552 3580 et
1591 3528 1739 3595 Agni
1775 3531 1837 3581 in
1866 3532 1967 3583 illa

371 3621 557 3672 erunt.
590 3615 860 3686 Superius
890 3630 1063 3673 unam
1094 3613 1285 3668 sedem
1321 3626 1623 3684 posuerat;
1666 3615 1735 3668 de
1764 3631 1877 3685 qua
1914 3620 1971 3671 et

371 3705 591 3761 dixerat
614 3721 672 3759 se
692 3703 899 3758 vidisse
917 3719 1181 3761 emanare
1201 3702 1414 3761 ﬂumen
1441 3717 1601 3772 aquae
1622 3701 1756 3756 vivae
1784 3719 1795 3757 :
1822 3719 1971 3757 nunc

372 3800 564 3851 autem
584 3791 880 3864 pluraliter
899 3792 1059 3847 sedes
1079 3789 1403 3861 introducit,
1426 3789 1649 3845 dicens:
1677 3790 1847 3845 Sedes
1868 3791 1969 3845 Dei

373 3882 432 3939 in
458 3882 556 3936 illa
582 3886 768 3936 erunt.
801 3879 911 3935 Sed
943 3885 999 3933 et
1043 3881 1149 3934 hoc
1196 3879 1516 3950 signiﬁcant
1555 3879 1745 3951 plures
1787 3878 1968 3948 sedes,

373 3971 522 4041 quod
554 3985 683 4034 una,
709 3969 765 4028 id
795 3974 880 4024 est
905 3984 1128 4025 omnem
1158 3968 1465 4025 electorum
1494 3969 1818 4036 Ecclesium,
1847 3986 1972 4040 quas

370 4058 582 4114 scilicet
610 4063 837 4129 propter
866 4057 1144 4113 unitatem
1173 4056 1306 4115 ﬁdei
1333 4057 1389 4112 in
1427 4074 1540 4119 una
1578 4058 1709 4112 sede
1739 4063 1971 4130 propter

369 4147 753 4205 diversitatem
782 4148 1037 4217 gentium
1065 4146 1125 4200 in
1148 4144 1406 4216 pluribus
1428 4146 1773 4217 exprimitur.
1810 4140 1972 4201 Unde

368 4242 427 4291 et
452 4235 713 4307 superius
741 4235 941 4308 viginti
971 4240 1215 4306 quatuor
1240 4234 1401 4288 sedes
1426 4234 1555 4289 visae
1580 4252 1701 4289 esse
1720 4235 1973 4291 referun-

2050 3344 2180 3411 ﬂdei
2208 3346 2392 3418 posita
2418 3348 2523 3414 est,
2556 3364 2682 3421 qua:
2709 3348 3092 3407 remuneratio
3118 3348 3518 3423 contemplatio
3548 3351 3651 3411 Dei

2050 3435 2453 3507 omnipotentis
2500 3434 2626 3489 erit.
2679 3436 2821 3489 Cum
2864 3435 3016 3490 enim
3058 3439 3338 3512 acceperit
3386 3430 3651 3504 Ecclesia,

2051 3524 2199 3593 quod
2228 3540 2328 3593 per
2352 3523 2518 3577 ﬁdem
2543 3522 2797 3589 credidit,
2815 3529 2966 3577 recte
2992 3516 3178 3595 ipsum
3204 3524 3332 3578 fidei
3354 3522 3651 3596 praemium

2051 3628 2152 3681 pro
2173 3610 2340 3664 titulo
2358 3609 2550 3681 gloriae
2579 3610 2638 3663 in
2660 3611 2778 3664 suis
2807 3610 3087 3676 frontibus
3105 3617 3332 3683 gestare
3350 3611 3649 3677 videbitur.

2125 3699 2191 3752 Et
2210 3714 2318 3751 nos:
2338 3700 2492 3751 ultra
2515 3714 2627 3763 non
2653 3700 2776 3753 erit.
2811 3699 2873 3757 Id
2901 3702 2986 3754 est
3004 3698 3327 3754 vicissitudo
3358 3702 3649 3775 temporis,

2052 3786 2139 3841 vel
2163 3785 2335 3840 etiam
2352 3782 2641 3840 tribulatio
2670 3787 2963 3858 angustiae,
2982 3806 3105 3861 qua:
3129 3806 3277 3859 saepe
3305 3807 3405 3861 per
3429 3796 3652 3853 noctem

2052 3873 2492 3945 ﬁguratur.Haec
2510 3890 2755 3946 namque
2776 3893 2947 3947 supra
2963 3878 3083 3947 jam
3107 3876 3341 3945 dixerat,
3368 3878 3466 3933 sed
3485 3878 3545 3933 in
3567 3895 3651 3932 re-

2052 3960 2324 4034 petitione
2356 3961 2505 4016 verbi
2533 3961 2904 4030 demonstrat,
2939 3980 3109 4034 quam
3157 3965 3535 4041 appetendum
3574 3965 3649 4022 sit

2050 4051 2245 4105 lumen
2273 4050 2430 4119 illud,
2456 4051 2605 4122 quod
2626 4050 2833 4106 totiens
2855 4052 3134 4125 loquendo
3156 4050 3416 4109 inculcat.
3442 4056 3508 4109 Et
3538 4072 3651 4121 non

2052 4141 2281 4209 egebant
2308 4143 2517 4195 lumine
2537 4143 2775 4195 lucerna:
2795 4156 2966 4209 neque
2987 4144 3200 4197 lumine
3219 4142 3652 4200 solis.Nunchu-

2052 4244 2223 4281 mana
2251 4227 2553 4282 inﬁrmitas
2583 4226 2654 4282 ad
2687 4229 2995 4305 exercenda
3024 4228 3228 4283 diurna
3258 4246 3450 4305 opera,
3471 4231 3650 4286 noctis

367 4329 480 4379 tur.
503 4304 571 4379 Et
600 4326 747 4378 servi
774 4304 889 4393 qius
917 4304 1153 4378 servient
1182 4325 1292 4376 illi.
1327 4322 1469 4377 Cum
1495 4323 1769 4378 Dominus
1799 4321 1967 4377 disci-
1985 4312 2032 4369 D
2053 4315 2242 4387 quiete
2263 4314 2516 4370 redditur
2536 4315 2757 4384 idonea,
2772 4304 2955 4373 utitur
2971 4318 3140 4372 etiam
3164 4317 3221 4372 in
3242 4304 3407 4374 nocte
3421 4318 3653 4376 lucerna

367 4412 512 4484 pulis
540 4412 725 4468 dicat:
753 4414 881 4467 Jam
922 4428 1035 4466 non
1073 4413 1257 4467 dicam
1287 4427 1376 4466 vos
1405 4427 1602 4477 servos,
1645 4415 1735 4467 sed
1764 4416 1971 4469 amicos

367 4518 511 4556 meos
528 4502 709 4573 (Joan.
735 4501 845 4570 xv),
868 4499 1146 4572 quomodo
1165 4499 1256 4555 hic
1286 4500 1576 4571 Scriptura
1591 4501 1713 4570 jam
1739 4501 1971 4555 immor-

367 4590 508 4648 tales
544 4590 768 4644 eﬁ‘ectos
808 4594 969 4643 vocat
1012 4588 1249 4669 servos?
1284 4590 1401 4642 Aut
1437 4588 1483 4642 si
1520 4578 1644 4658 jam
1697 4589 1968 4643 servitute

369 4677 745 4748 corruptionis
768 4677 1013 4742 liberati,
1037 4675 1108 4732 ad
1134 4676 1456 4735 libertatem
1482 4682 1539 4730 et
1565 4676 1801 4748 gloriam
1826 4678 1966 4731 ﬁlio-

369 4783 496 4821 rum
543 4767 643 4821 Dei
688 4770 823 4822 tunc
852 4766 1197 4839 pervenient,
1231 4765 1512 4838 quomodo
1541 4765 1600 4820 in
1634 4766 1747 4821 illa
1776 4766 1966 4839 quiete

369 4860 579 4911 aeterna
607 4854 814 4909 servire
838 4856 1178 4911 narrantur?
1208 4855 1315 4909 Sed
1345 4854 1636 4911 sciendum
1669 4861 1755 4911 est
1784 4854 1965 4924 nobis,

368 4944 502 5016 quia
520 4944 577 4997 in
592 4960 658 4999 eo
680 4944 826 5013 quod
841 4945 960 5014 jam
982 4945 1131 5000 nullo
1153 4944 1458 4999 certamine
1479 4943 1849 5011 desudabant,
1869 4945 1967 4999 sed

367 5039 581 5093 interna
599 5032 789 5104 quiete
812 5031 1166 5099 fovebuntur,
1186 5032 1347 5089 liberi
1373 5032 1564 5099 erunt,
1587 5050 1652 5088 ac
1671 5034 1828 5088 nulla
1847 5050 1967 5088 ser-

368 5122 541 5176 vitute
561 5119 807 5177 obnoxii.
830 5119 976 5175 Nam
1002 5127 1059 5175 et
1088 5137 1236 5177 nunc
1260 5138 1372 5176 non
1404 5127 1537 5177 sunt
1557 5122 1701 5176 servi
1723 5121 1963 5189 timoris,

371 5210 467 5263 sed
509 5211 738 5265 amoris.
783 5210 919 5263 Duae
946 5208 1095 5263 enim
1133 5215 1265 5273 sunt
1292 5209 1607 5276 servitutes,
1643 5211 1774 5281 quia
1802 5211 1969 5267 aliter

373 5296 536 5367 timet
562 5316 754 5353 servus
786 5315 857 5354 ne
887 5297 1216 5354 verberetur
1234 5315 1269 5351 a
1292 5299 1551 5363 Domino,
1583 5299 1749 5354 aliter
1776 5306 1965 5354 autem

375 5384 524 5440 ﬁlius
552 5402 621 5440 ne
649 5388 899 5460 privetur
937 5386 1266 5443 haereditate
1306 5392 1560 5459 paterna,
1594 5388 1880 5443 offendens
1908 5387 1966 5444 in

377 5473 565 5543 aliquo
590 5475 669 5544 pii
687 5478 861 5546 patris
880 5478 1091 5533 oculos.
1115 5476 1216 5531 Ille
1237 5475 1390 5530 enim
1417 5476 1587 5530 servit
1611 5476 1834 5540 timore,
1859 5476 1966 5531 iste

2052 4420 2153 4474 pro
2175 4404 2555 4459 consolatione
2582 4423 2593 4457 :
2615 4410 2751 4459 tunc
2770 4410 2961 4459 autem
2984 4404 3209 4477 quando
3232 4406 3343 4461 erit
3360 4407 3513 4462 Deus
3534 4426 3650 4463 om-

2051 4488 2147 4547 nia
2170 4491 2230 4547 in
2259 4492 2541 4560 omnibus,
2565 4493 2661 4566 qui
2685 4497 2771 4548 est
2798 4494 2892 4549 lux
2922 4511 3053 4548 vera
3079 4512 3273 4549 omnes
3300 4494 3647 4567 illuminans,

2052 4597 2163 4653 non
2185 4581 2370 4655 egebit
2392 4582 2603 4637 lumine
2619 4584 2862 4636 lucernae
2882 4583 2967 4636 vel
2987 4582 3200 4636 lumine
3221 4583 3374 4637 solis.
3390 4580 3549 4640 Unde
3568 4602 3652 4640 se-

2050 4676 2274 4749 quitur:
2299 4675 2569 4743 Quoniam
2586 4677 2855 4733 Dominus
2873 4675 3014 4730 Deus
3040 4676 3386 4741 illuminabit
3418 4680 3558 4733 illos.
3591 4678 3650 4735 Si

2048 4781 2179 4827 vero
2221 4770 2444 4819 noctem
2482 4763 2867 4836 intelligamus
2912 4764 3311 4837 ignorantiam,
3359 4766 3651 4833 lucernam

2049 4870 2179 4907 vero
2207 4850 2292 4907 vel
2336 4852 2531 4918 solem,
2564 4848 2733 4908 divini
2770 4850 2924 4907 verbi
2961 4853 3436 4927 praedicationem,
3468 4871 3651 4926 neque

2050 4959 2158 4997 nox
2174 4942 2283 4997 erit
2302 4949 2435 4999 tunc
2449 4942 2800 5013 ignorantiae,
2816 4960 2999 5017 neque
3018 4941 3339 5016 praedicatio
3360 4944 3649 5015 doctrinae,

2050 5030 2185 5103 quia
2212 5031 2357 5085 sicut
2383 5030 2558 5086 Isaias
2588 5031 2725 5086 dicit
2755 5050 2765 5084 :
2817 5032 2943 5085 Non
2972 5029 3193 5086 docebit
3222 5030 3305 5084 vir
3332 5033 3650 5104 proximum

2049 5136 2234 5187 suum,
2294 5119 2484 5174 dicens
2527 5139 2537 5173 :
2583 5122 2868 5192 Cognosce
2907 5118 3232 5189 Dominum,
3275 5121 3407 5192 quia
3453 5139 3648 5179 omnes

2049 5211 2230 5289 scient
2259 5226 2350 5263 me
2378 5226 2413 5263 a
2443 5210 2655 5281 majore
2686 5226 2863 5281 usque
2893 5209 2963 5264 ad
2993 5208 3266 5265 minorem
3304 5213 3433 5281 (Jer.
3458 5225 3636 5279 XXXI).

2051 5296 2157 5352 Sed
2199 5314 2392 5352 omnes
2420 5303 2643 5352 aeternae
2684 5296 2972 5371 sapientia:
3009 5298 3368 5363 inhaerentes,
3400 5299 3645 5369 perfecta

2050 5385 2283 5440 scientia
2313 5384 2628 5455 fulgebunt.
2652 5386 2717 5439 Et
2748 5387 3059 5454 regnabant
3088 5400 3215 5441 cum
3238 5385 3419 5455 capite
3450 5402 3553 5440 suo
3580 5388 3645 5440 in

2048 5476 2245 5530 seacula
2273 5478 2618 5529 saeculorum.
2640 5474 2709 5529 Et
2734 5474 2878 5531 dixit
2910 5470 3034 5534 mei.
3062 5468 3232 5530 Haud
3254 5468 3488 5529 dubium
3510 5474 3646 5545 quin
