4048 6172
378 171 521 232 1215

846 174 1231 232 ΗΑἹΜΟΝΙΒ
1257 175 1747 237 HALBERSTAT.
1780 175 1976 238 EPISC

2064 177 2198 238 )ΡΡ.
2234 177 2419 237 PARS
2450 179 2497 239 Ι.
2532 208 2596 220 -
2627 179 3002 239 ΟΟΜΜΕΝΤ.
3036 181 3223 240 BIBL.

3512 180 3652 241 1216

380 295 621 366 angelus
642 296 739 368 qui
766 296 884 353 hec
906 298 989 353 illi
1011 301 1342 361 ostendebat
1364 325 1375 360 :
1403 308 1524 362 Hac
1543 309 1706 362 verba
1727 323 1851 380 quae
1875 306 2030 367 sci-A
2054 305 2211 362 valde
2239 317 2325 361 est
2353 323 2453 362 cur
2479 307 2725 363 Joannes
2749 313 2949 367 contra
2970 307 3333 365 interdictum
3355 310 3545 381 angeli
3565 326 3655 366 se-

375 383 512 439 licet
537 384 608 438 ab
627 384 789 439 initio
813 386 938 440 libri
970 388 1118 443 dicta
1148 393 1227 444 vel
1258 401 1483 448 ostensa
1509 394 1610 449 tibi
1640 404 1792 452 sunt.
1820 397 1977 448 Fide-

380 474 598 528 lissima
616 479 748 527 sunt
776 476 907 546 quia
927 478 1194 548 quidquid
1219 482 1319 536 tibi
1339 484 1550 540 dictum
1578 489 1681 542 est.
1707 485 1980 540 veraciter

379 561 724 632 implebitur.
750 564 815 617 Et
844 580 971 618 rem
999 574 1131 620 sunt
1161 570 1294 639 quia
1324 590 1358 626 a
1388 573 1502 627 Deo
1533 590 1661 627 vero
1691 580 1824 628 sunt
1852 591 1976 645 pro-

378 649 514 705 lata.
550 651 708 714 Quod
736 657 924 706 autem
951 653 1157 712 dicitur
1182 659 1403 723 Joanni,
1433 661 1676 732 pertinet
1706 663 1874 717 etiam
1906 663 1978 718 ad

377 740 755 794 universalem
780 740 1104 808 Ecclesium,
1124 747 1214 800 cui
1235 765 1337 818 per
1360 749 1640 804 internam
1660 751 1980 822 inspiratio-

379 844 509 885 nem
532 830 656 901 ipsa
677 830 974 887 verborum
997 835 1203 891 veritas
1224 840 1507 895 reveletur
1534 857 1543 888 :
1567 847 1624 896 et
1643 842 1769 896 ideo
1788 843 1977 897 nullus

379 918 437 972 in
454 925 674 973 tantum
693 919 860 975 debet
879 921 1147 993 insipiens
1168 926 1311 991 ﬁeri,
1334 934 1398 983 ut
1418 929 1608 1001 aliquo
1635 931 1799 985 modo
1820 931 1978 986 dubi-

377 1011 465 1063 tet
488 1007 557 1061 de
588 1008 672 1062 his
697 1025 820 1080 quae
848 1010 953 1064 sub
984 1017 1141 1069 tanta
1168 1018 1577 1073 contestatione
1606 1019 1976 1090 pronuntian-

377 1099 475 1150 tur
493 1113 615 1151 esse
640 1098 949 1156 verissima.
968 1101 1036 1154 Et
1060 1103 1326 1159 Dominus
1345 1107 1487 1161 Deus
1503 1111 1737 1176 spiritus
1753 1111 1981 1178 prophe-

380 1189 575 1242 tarum
605 1190 757 1240 misit
779 1191 1039 1255 angelum
1072 1206 1236 1246 suum
1270 1198 1547 1250 ostendero
1570 1201 1741 1250 servis
1761 1201 1895 1260 suis,
1922 1197 1980 1252 id

380 1279 464 1328 est
480 1274 601 1345 ipse
622 1276 718 1346 qui
738 1276 956 1330 locutus
973 1284 1057 1331 est
1078 1281 1385 1350 prophetis.
1406 1284 1524 1355 ipse
1543 1285 1696 1339 misit
1714 1287 1979 1356 angelum

375 1377 541 1418 suum
562 1365 859 1419 ostendere
886 1366 1109 1433 Joanni,
1146 1376 1204 1422 et
1223 1369 1280 1423 in
1304 1371 1400 1425 illo
1418 1374 1569 1427 omni
1592 1374 1845 1429 Ecclesiae
1861 1392 1981 1444 qua:

349 1457 584 1536 ‘oportet
600 1456 728 1519 ﬁeri
744 1456 867 1506 cito.
889 1453 1130 1509 Nomine
1154 1458 1389 1529 spiritus
1411 1466 1529 1516 tota
1548 1463 1796 1517 Trinitas
1816 1464 1979 1518 intel-

2060 397 2241 450 cundo
2263 412 2388 450 eum
2416 396 2652 451 adorare
2676 397 2929 451 voluerit.
2957 399 3082 452 Jam
3115 399 3263 452 enim
3290 399 3457 452 simili
3489 400 3656 453 modo

2060 501 2119 538 se
2137 485 2372 539 adorare
2383 493 2653 546 vetuerat.
2670 502 2957 556 unumque
2971 487 3144 541 Deum
3166 487 3517 541 adorandum
3534 503 3656 541 esse

2059 574 2342 628 docuerat.
2367 574 2451 627 Ad
2473 575 2619 645 quod
2644 574 2962 638 dicendum,
2989 575 3122 647 quia
3142 581 3240 631 aut
3267 592 3471 646 magno
3496 575 3661 644 visio-

2059 679 2194 716 num
2224 668 2453 734 stupore
2494 663 2805 733 perculsus,
2835 662 3040 717 oblitus
3077 664 3264 717 fuerat
3306 680 3502 718 eorum
3539 680 3662 734 qua

2058 768 2229 822 supra
2250 751 2520 813 audierat,
2546 757 2646 805 aut
2660 758 2809 805 certe
2825 757 3011 822 potest
3030 768 3151 806 esse
3172 752 3435 822 repetitio
3452 753 3663 823 prioris

2058 839 2373 895 sententiae.
2417 828 2589 893 Deum
2633 841 2829 892 adora.
2862 840 2926 894 Id
2969 847 3053 895 est
3095 856 3208 894 non
3237 845 3530 905 creaturae,
3565 841 3664 895 sed

2060 929 2315 985 Creatori
2344 928 2573 984 honoris
2595 930 2964 984 reverentiam
2992 930 3147 984 oil‘er.
3173 929 3319 983 Nota
3348 946 3478 983 vero
3509 931 3664 1002 quod

2060 1035 2206 1089 srepe
2224 1019 2457 1088 angelus
2476 1017 2677 1072 Joanni
2701 1017 2894 1072 futura
2912 1019 3186 1089 praedixit.
3214 1026 3271 1075 et
3285 1022 3462 1075 multa
3484 1021 3662 1075 etiam

2059 1106 2115 1160 in
2138 1107 2242 1160 hoc
2261 1105 2402 1160 libro
2425 1106 2785 1178 reperiuntur
2804 1108 3204 1179 prophetarum
3229 1109 3409 1164 verbis
3428 1108 3663 1162 similia.

2060 1196 2203 1250 Nam
2230 1201 2282 1249 et
2301 1195 2502 1266 integri
2524 1212 2715 1249 versus
2738 1195 2896 1249 Isaiae
2918 1201 2976 1249 et
2993 1197 3289 1263 Zachariae,
3305 1198 3667 1267 aliorumque

2060 1285 2459 1355 prophetarum
2480 1283 2555 1338 ibi
2577 1284 2954 1355 reperiuntur.
2978 1285 3136 1340 Unde
3157 1292 3270 1342 est:
3310 1288 3581 1341 Videbunt
3603 1288 3665 1339 in

2061 1389 2220 1441 quem
2250 1375 2654 1440 transﬁzerunt
2690 1375 2867 1441 (Joan.
2897 1382 3029 1436 xxx).

2133 1462 2197 1516 Et
2225 1463 2371 1515 dixit
2403 1462 2578 1514 mihi:
2601 1463 2679 1515 Ne
2709 1464 3018 1528 signaverzs
3047 1463 3206 1516 verba
3227 1462 3533 1530 prophetia:
3558 1462 3663 1515 hu-

377 1540 736 1611 ligitur,quae
751 1541 935 1612 ipsum
951 1544 1213 1613 angelum
1232 1548 1402 1609 misit.
1419 1551 1514 1621 qui
1531 1557 1733 1607 natura
1750 1553 1976 1624 quidem
2049 1555 2175 1619 jus.
2227 1550 2413 1614 Quare
2444 1549 2533 1603 hic
2561 1548 2701 1602 dixit
2737 1566 2748 1600 :
2784 1565 2851 1603 ne
2880 1552 3204 1617 signaveris,
3238 1550 3295 1604 id
3334 1556 3440 1615 est,
3471 1566 3541 1603 ne
3580 1550 3661 1603 si-

376 1630 611 1719 angelus
640 1630 763 1696 fuit,
799 1630 896 1684 sed
944 1630 1221 1688 incarnati
1269 1637 1437 1692 Verbi
1470 1640 1644 1694 solius
1676 1639 2364 1719 personamBgillaveris,
2428 1654 2499 1692 ne
2554 1638 2823 1692 clauseris
2876 1637 3045 1692 verba
3096 1638 3224 1692 libri
3277 1639 3470 1709 hujus,
3529 1653 3659 1692 cum

374 1717 563 1788 gessit
575 1719 733 1774 Unde
747 1724 804 1774 et
818 1718 1120 1788 aliquando
1137 1738 1203 1775 ex
1215 1741 1456 1794 persona
1468 1730 1675 1784 Christi
1694 1731 1966 1801 loquitur,

377 1805 571 1861 dicens
596 1825 609 1862 :
644 1808 753 1877 Ego
781 1823 907 1861 sum
927 1808 1170 1876 primus,
1200 1828 1293 1878 ego
1320 1819 1650 1870 novissimus
1687 1821 1773 1881 (Is.
1798 1818 1970 1887 xuv),

379 1899 485 1950 etc.
514 1897 834 1968 Aliquando
863 1921 1024 1960 suam
1054 1907 1351 1961 attendens
1390 1888 1672 1971 naturam,
1694 1907 1969 1961 Joannem

379 1999 452 2039 ne
466 2001 526 2039 se
540 1986 742 2042 debeat
751 1991 987 2049 adorare
1000 1996 1276 2066 prohibet.
1288 1995 1608 2049 Notandum
1623 2001 1810 2049 autem
1827 1995 1976 2067 quod

376 2071 440 2127 in
458 2073 621 2129 initio
639 2074 803 2132 istius
824 2080 951 2134 libri
971 2082 1115 2137 dixit
1140 2089 1197 2137 et
1223 2082 1576 2153 signiﬁcavit,
1608 2088 1852 2152 mittens,
1875 2100 1978 2157 per

379 2164 644 2233 angelum
675 2182 841 2223 suum
871 2187 1028 2225 servo
1058 2189 1159 2227 suo
1197 2172 1417 2227 Joanni.
1444 2173 1547 2226 Hic
1574 2189 1705 2227 vero
1735 2190 1846 2228 non
1876 2174 1974 2228 uni

379 2250 759 2320 singulariter,
795 2258 891 2311 sed
929 2261 1104 2313 servis
1140 2261 1435 2331 pluraliter
1464 2261 1601 2314 dicit
1630 2263 1975 2317 ostendenda

380 2354 503 2409 quae
525 2347 745 2411 oportet
768 2344 887 2398 ﬁeri
915 2347 1043 2402 cito.
1066 2348 1127 2401 ln
1152 2348 1355 2419 quibus
1376 2348 1558 2402 verbis
1582 2350 1844 2411 ostendit.
1868 2352 1978 2406 uti-

380 2442 508 2497 que.
538 2445 650 2484 non
679 2433 774 2486 uni
802 2434 1138 2504 specialiter,
1169 2437 1390 2496 Joanni,
1424 2437 1523 2490 sed
1564 2438 1813 2492 omnium
1836 2439 1894 2493 in
1916 2456 1976 2495 se

379 2516 614 2573 utilitati
641 2519 699 2574 in
719 2522 933 2577 Joanne
949 2526 1291 2595 generaliter
1302 2526 1669 2598 prospexisse,
1684 2527 1975 2599 quiaquod

2064 1727 2123 1781 in
2180 1728 2365 1781 media
2420 1726 2589 1797 hujus
2645 1726 2914 1780 orationis
2967 1726 3111 1780 serie
3167 1726 3379 1781 dictum
3431 1727 3508 1781 sit
3565 1727 3664 1780 Jo-

2060 1815 2236 1869 anni:
2280 1814 2457 1883 Signa
2501 1831 2621 1882 quae
2669 1817 2846 1869 locuta
2884 1819 3014 1868 sunt
3052 1820 3247 1883 septem
3297 1818 3573 1880 tonitrua,
3612 1821 3662 1868 et

2057 1904 2176 1956 noli
2216 1918 2277 1955 ea
2327 1904 2600 1955 scribere?
2639 1901 2783 1965 Quia
2831 1900 3088 1955 videlicet
3129 1898 3291 1955 malis
3320 1906 3377 1954 et
3403 1906 3664 1954 contem-

2060 1990 2313 2061 ptoribus
2341 1989 2617 2059 signanda
2643 1994 2701 2043 et
2729 1990 3042 2043 claudenda
3067 1997 3236 2060 atque
3286 1988 3659 2043 abcondenda

2058 2086 2191 2137 sunt
2212 2079 2402 2132 divina
2419 2078 2705 2150 mysteria.
2729 2077 2888 2131 Unde
2908 2083 2995 2131 est
3012 2095 3023 2130 :
3055 2079 3232 2132 Nolite
3250 2083 3505 2131 sanctum
3520 2080 3662 2131 dare

2058 2170 2287 2222 canibus
2328 2168 2549 2232 (Matth.
2597 2180 2710 2234 vn},
2742 2173 2799 2220 et
2831 2185 2843 2219 :
2892 2166 2971 2220 Ne
3010 2169 3274 2220 miseritis
3312 2170 3658 2239 margaritas

2056 2264 2261 2311 vestras
2290 2261 2419 2309 ante
2447 2272 2633 2324 porcos
2664 2256 2867 2324 (Μαι).
2909 2254 3193 2309 Fidelibus
3231 2262 3419 2308 autem
3467 2254 3657 2309 mani-

2057 2344 2315 2401 festanda
2337 2350 2469 2398 sunt
2504 2344 2693 2398 divina
2714 2344 2955 2413 eloquia.
2980 2344 3139 2398 Unde
3174 2343 3444 2398 Dominus
3471 2343 3652 2396 dicit:

2074 2438 2219 2490 Vobis
2247 2437 2442 2488 datum
2470 2438 2546 2487 cst
2576 2449 2726 2487 nosse
2755 2435 3086 2502 mysterium
3118 2437 3278 2501 regni
3302 2434 3415 2498 Dei,
3449 2433 3660 2487 atteri:

2059 2531 2251 2580 autem
2280 2526 2344 2576 in
2366 2524 2648 2599 parabolis
2680 2523 2826 2589 (Luc.
2850 2526 2942 2588 χι).
2964 2521 3180 2576 Dicitur
3206 2523 3399 2592 itaque
3425 2524 3660 2592 propter

380 2605 581 2661 Joanni
604 2607 830 2668 dicitur.
855 2613 1116 2668 omnibus
1139 2614 1395 2669 Ecclesiae
1421 2614 1679 2669 fidelibus
1696 2616 1974 2686 congruit.
2059 2614 2314 2668 infideles
2337 2630 2348 2665 :
2378 2612 2551 2680 Signa
2578 2628 2696 2679 qua
2725 2614 2906 2665 locuta
2933 2617 3065 2665 sunt
3088 2616 3283 2679 septem
3314 2614 3585 2673 tonitrua,
3610 2614 3661 2663 et

383 2694 517 2759 Quae
541 2704 676 2752 sunt
703 2706 891 2755 autem
926 2718 1050 2774 qua:
1079 2709 1302 2775 oportet
1330 2703 1450 2758 ﬁeri
1484 2703 1642 2757 cito?
1668 2704 1863 2773 utique
1892 2720 1977 2757 re—
2059 2705 2178 2757 noli
2206 2718 2267 2755 ea
2304 2703 2560 2765 scribere,
2595 2706 2825 2770 propter
2861 2698 3057 2753 ﬁdeles
3084 2705 3293 2753 autem.
3323 2697 3510 2752 Scribe
3538 2713 3663 2767 qua

380 2787 698 2842 muneratio
744 2796 1085 2858 sanctorum,
1131 2797 1190 2847 et
1228 2792 1519 2847 damnatio
1569 2791 1965 2863 reproborum.
2057 2792 2228 2856 vides,
2251 2796 2341 2843 et:
2369 2789 2445 2843 Nc
2474 2788 2781 2857 signaveris
2802 2790 2962 2843 verba
2978 2788 3273 2857 prophetia:
3303 2789 3438 2841 libri
3464 2787 3657 2853 hujus.

382 2871 543 2927 Unde
572 2880 629 2929 et
656 2878 913 2948 sequitur
940 2894 952 2928 :
2003 2932 2040 2948 η
2057 2879 2161 2933 Vel
2189 2877 2525 2948 certe,quod
2549 2878 2607 2931 in
2638 2876 2912 2948 principio
2931 2876 3103 2946 hujus
3130 2875 3490 2930 revelationis
3518 2874 3661 2928 dici-

448 2962 578 3016 Ecce
598 2969 755 3019 venio
771 2971 1021 3023 velociter
1039 2969 1111 3024 ad
1132 2968 1501 3032 reddendum.
1525 2969 1738 3024 scilicet
1756 2968 1978 3024 unicui-
2000 2961 2041 2988 υ
2060 2974 2156 3023 tur
2182 2967 2384 3022 Joanni
2418 2982 2430 3018 ε
2479 2965 2664 3021 Scribe
2712 2983 2831 3034 qua:
2870 2967 3035 3026 vides,
3081 2981 3199 3034 qua:
3242 2967 3466 3018 visurus
3495 2980 3567 3025 es,
3600 2961 3662 3017 in

385 3065 495 3120 que
508 3050 673 3121 juxta
687 3054 949 3109 meritum
966 3073 1153 3111 suum.
1173 3057 1321 3112 Licet
1341 3056 1489 3112 enim
1509 3057 1981 3128 quantulumcuno
2060 3056 2247 3111 medio
2272 3072 2400 3109 vero
2427 3074 2439 3109 :
2463 3054 2639 3123 Signa
2669 3071 2788 3124 quae
2810 3056 2989 3108 locuta
3012 3059 3142 3107 sunt
3161 3059 3357 3122 septem
3380 3054 3658 3116 tonitrua,

385 3153 493 3208 que
513 3141 758 3211 spatium
774 3143 892 3198 haec
913 3162 1158 3216 praesens
1180 3146 1292 3199 vita
1309 3146 1582 3211 videatur,
1603 3153 1792 3200 tamen
1813 3162 1979 3200 omne
2058 3151 2229 3217 atque
2256 3144 2314 3199 in
2343 3145 2454 3198 fine
2481 3163 2492 3196 :
2516 3144 2591 3198 Ne
2618 3146 2924 3211 signavcris
2950 3143 3115 3197 verba
3141 3142 3438 3211 prophetia
3465 3140 3658 3208 huius,

383 3229 607 3297 tempus
643 3233 933 3300 praesentis
966 3234 1089 3290 vitae
1117 3241 1502 3305 comparatum
1529 3234 1850 3301 aeternitati,
1884 3250 1977 3289 ve-
2062 3240 2248 3306 potest
2272 3234 2351 3287 ita
2381 3231 2640 3303 intelligi,
2675 3231 2824 3302 quod
2851 3230 3096 3302 Spiritus
3124 3235 3350 3283 sanctus
3384 3227 3659 3299 praevidit,

383 3312 486 3368 luti
511 3325 965 3374 momentaneum
994 3320 1253 3387 habetur,
1282 3329 1451 3392 atque
1481 3322 1686 3376 idcirco
1716 3323 1982 3377 velociter
2062 3323 2246 3395 primo
2265 3328 2518 3393 tempore
2535 3319 2805 3392 quosdam
2828 3320 2886 3373 in
2906 3319 3149 3373 Ecclesia
3164 3317 3402 3383 futuros,
3417 3316 3515 3387 qui
3534 3331 3661 3370 cum

382 3419 443 3457 se
469 3405 661 3460 venire
689 3413 1051 3477 protestatur,
1074 3416 1139 3463 ut
1165 3410 1277 3464 cito
1296 3409 1643 3480 impleantur
1662 3427 1785 3481 quae
1811 3427 1980 3482 Opor-
2061 3412 2267 3482 gaudio
2298 3417 2357 3465 et
2384 3409 2651 3464 aviditate
2680 3408 2961 3479 recepturi
3002 3414 3165 3462 erant
3201 3405 3426 3461 Domini
3455 3421 3665 3461 sermo-

380 3494 464 3545 tet
491 3491 632 3547 ﬁeri.
659 3495 872 3558 Beatus.
902 3496 959 3550 id
988 3503 1076 3552 est
1101 3497 1252 3561 felix,
1283 3501 1384 3567 qui
1412 3500 1645 3552 custodit
1675 3500 1837 3553 verba
1856 3514 1982 3568 pro-
2062 3516 2191 3554 nem
2224 3517 2236 3553 :
2288 3498 2490 3553 deinde
2537 3497 2707 3551 etiam
2753 3496 3023 3568 quosdam
3069 3496 3312 3561 futuros,
3358 3494 3419 3547 in
3460 3492 3660 3564 quibus

374 3580 573 3648 phetim
602 3584 736 3637 libri
772 3584 957 3653 hujus,
990 3603 1221 3640 servans
1250 3603 1373 3658 quae
1401 3587 1458 3641 in
1488 3604 1553 3641 eo
1586 3587 1795 3658 scripta
1824 3592 1975 3656 sunt,
2062 3588 2312 3643 abundat
2331 3586 2599 3657 iniquitas
2617 3592 2675 3639 et
2700 3585 3015 3655 refrigescit
3034 3584 3300 3646 charitas,
3319 3582 3457 3653 quin
3479 3582 3659 3652 potius

380 3672 446 3722 ut
475 3668 678 3741 dignus
701 3671 974 3728 habeatur
1001 3675 1454 3730 remuneratione
1484 3682 1777 3747 perpetua.
2061 3676 2292 3732 verbum
2314 3676 2414 3730 Dei
2436 3680 2825 3739 contemnunt,
2842 3688 3015 3743 quam
3035 3671 3384 3743 suscipiunt:
3403 3678 3657 3747 extremo

454 3758 520 3812 Et
539 3763 905 3827 egoJoannes,
923 3762 1485 3833 subauditur,beatus
1505 3767 1769 3833 sum,qui
1784 3765 1982 3818 audivi
2062 3783 2190 3820 vero
2246 3764 2735 3835 appropinquante
2784 3761 3020 3831 judicio,
3076 3765 3244 3815 erunt
3296 3764 3501 3826 (verum
3542 3773 3653 3811 non

382 3851 433 3900 et
460 3849 578 3901 vidi
596 3849 723 3904 hac.
745 3852 813 3905 Et
833 3857 1121 3921 postquam
1144 3855 1419 3907 audissem
1441 3859 1488 3906 et
1514 3855 1788 3919 vidissem,
1813 3855 1982 3907 cecidi
2062 3855 2241 3909 solum
2272 3852 2532 3923 gentiles,
2567 3851 2663 3906 sed
2702 3851 2870 3904 etiam
2902 3849 3101 3905 Judaei)
3125 3848 3221 3919 qdi
3263 3863 3393 3902 cum
3424 3844 3656 3900 maxima

382 3939 513 3989 ante
522 3938 675 4005 pedes
685 3943 872 4007 angeli
883 3942 1249 3995 utadorarem
1262 3958 1407 4006 eum,
1423 3945 1521 4011 qui
1532 3942 1677 3995 mihi
1690 3942 1798 3996 hac
1808 3947 1981 3995 osten-
2061 3943 2328 3998 aviditate
2347 3940 2578 3995 verbum
2604 3939 2704 3994 Dei
2723 3938 3034 4009 suscepturi
3057 3943 3209 3995 sunt.
3234 3934 3661 4008 praedicantibus

382 4025 558 4079 debat.
582 4026 648 4081 Et
673 4028 810 4081 dicit
837 4031 983 4083 mihi
1004 4048 1020 4084 :
1058 4032 1176 4084 Vide
1204 4048 1269 4084 ne
1286 4032 1499 4099 feceris.
1526 4032 1827 4086 Conserrus
1850 4037 1978 4085 tuus
2061 4031 2184 4085 Elia
2210 4037 2267 4085 et
2290 4030 2499 4085 Enoch.
2517 4028 2845 4098 caeterisque
2869 4024 3347 4098 praedicatoribus.
3367 4024 3513 4088 Quia
3532 4038 3662 4092 ergo

383 4128 508 4167 sum
537 4119 585 4169 et
609 4118 863 4183 fratrum
896 4122 1122 4171 tuorum
1148 4120 1565 4187 prophetarum,
1595 4122 1641 4171 cl
1669 4134 1860 4172 eorum
1882 4121 1981 4187 qui
2059 4120 2118 4174 in
2134 4120 2330 4191 primo
2380 4125 2436 4172 et
2481 4117 2681 4171 ultimo
2730 4123 2984 4187 tempore
3037 4114 3229 4168 ﬁdeles
3270 4113 3516 4169 fuerunt.
3552 4112 3664 4165 sive

382 4209 605 4256 servant
624 4206 786 4258 verba
798 4207 1093 4274 prophetia
1114 4209 1249 4260 libri
1262 4208 1429 4275 hujus
1466 4206 1738 4271 Hocloco,
1762 4206 1908 4260 sicut
1923 4212 1980 4260 et
2059 4209 2233 4264 futuri
2266 4218 2416 4269 sunt,
2450 4205 2681 4259 verbum
2728 4204 2827 4258 Dei
2866 4220 2994 4257 cum
3038 4202 3246 4274 gaudio
3276 4201 3661 4272 suscipientes,

384 4291 920 4360 superius,.loannes
940 4301 995 4348 et
1013 4296 1247 4365 angelus
1262 4294 1518 4366 proprias
1535 4311 1802 4365 personas
1824 4311 1979 4349 resu-
1995 4284 2045 4343 D
2062 4298 2204 4352 bene
2233 4297 2393 4350 initio
2426 4296 2595 4365 hujus
2625 4292 2756 4347 libri
2777 4293 2983 4346 dicitur
3010 4311 3022 4346 :
3049 4293 3234 4348 Scribe
3260 4306 3380 4359 qua
3405 4290 3577 4352 vides,
3609 4294 3665 4343 et

381 4384 563 4432 munt.
590 4380 673 4433 Ne
696 4382 843 4434 enim
866 4382 1162 4453 quisquam
1185 4383 1254 4436 de
1279 4383 1689 4455 conscriptione
1718 4384 1844 4437 libri
1868 4385 1979 4438 hu-
2059 4389 2117 4441 in
2140 4388 2251 4440 line
2272 4404 2283 4439 :
2308 4387 2387 4440 Ne
2406 4385 2716 4451 signareris
2737 4383 2899 4435 verba
2916 4381 3212 4449 prophetia;
3230 4380 3418 4446 hujus.
3437 4379 3511 4431 At
3530 4376 3665 4447 quia

377 4465 474 4536 jus
485 4466 792 4530 dubitaret,
806 4486 966 4524 suam
979 4471 1374 4525 auctoritatem
1386 4472 1631 4527 Joannes
1646 4472 1975 4543 interponit,

383 4553 573 4611 dicens
605 4577 617 4611 :
649 4560 758 4626 Ego
798 4561 1037 4615 Joannes
1066 4564 1165 4630 qui
1200 4562 1397 4614 audiri
1438 4567 1487 4615 et
1528 4564 1645 4615 ridi
1686 4564 1813 4617 hac.
1858 4564 1977 4633 Ipse

381 4658 604 4715 quoque
615 4647 848 4718 angelus
860 4649 1262 4703 resumitsuam
1276 4664 1570 4720 personam
1579 4689 1593 4711 ,
1608 4649 1976 4720 prohibetque

381 4734 656 4790 Joannem
675 4753 746 4791 ne
766 4753 826 4790 se
855 4737 1092 4791 adorare
1115 4737 1334 4801 debeat,
1360 4738 1550 4792 dicens
1571 4758 1584 4791 ς
1623 4740 1742 4792 Vide
1763 4755 1829 4793 ne
1846 4741 1978 4806 fece-

378 4825 789 4879 ris.00nservus
805 4832 933 4879 tuus
948 4843 1071 4880 sum
1083 4831 1134 4879 et
1152 4830 1404 4895 fratrum
1420 4833 1665 4880 tuorum.
1681 4826 1758 4881 Ex
1776 4826 1977 4897 quibus

379 4912 564 4967 verbis
585 4914 722 4968 satis
742 4931 805 4968 su
812 4915 1129 4986 pradictum
1156 4920 1261 4982 est,
1286 4916 1435 4986 quod
1456 4915 1715 4970 videlicet
1740 4915 1860 4986 ipse
1881 4933 1980 4971 an-

379 5000 540 5071 gelus
559 5003 862 5056 aethereum
884 5020 1087 5074 corpus
1111 5003 1439 5074 susceperit,
1460 5011 1630 5074 atque
1655 5004 1781 5058 ideo
1805 5005 1976 5076 pedes

379 5087 588 5142 habere
607 5090 830 5155 dicitur,
854 5098 913 5146 et
931 5093 1080 5163 quod
1101 5093 1355 5147 timuerit
1371 5100 1498 5163 post
1517 5093 1817 5147 adventum
1849 5094 1976 5149 Filii

378 5178 481 5234 Dei
509 5179 734 5233 adorari
765 5180 835 5233 ab
885 5181 1134 5248 homine,
1178 5182 1275 5253 qui
1321 5198 1492 5254 super
1529 5199 1589 5236 se
1617 5183 1827 5236 sciebat
1855 5183 1976 5253 jam

316 5318 319 5325 .
381 5284 504 5323 esse
531 5268 838 5333 hominem,
861 5285 985 5322 cum
1013 5270 1151 5324 nihil
1171 5272 1284 5325 tale
1305 5271 1557 5341 legamus
1578 5271 1632 5325 in
1658 5271 1847 5326 Veteri
1876 5272 1980 5326 'l‘c-

381 5363 681 5424 stamento,
701 5356 795 5412 ubi
815 5356 1138 5428 frequenter
1152 5360 1380 5431 quidem
1403 5361 1641 5432 legimus
1656 5361 1887 5431 angelos
1906 5358 1977 5416 ab

380 5446 702 5503 hominibus
747 5446 1030 5515 adoratos,
1078 5463 1180 5503 nec
1231 5449 1561 5520 prohibitos.
1612 5449 1721 5505 Sed
1768 5450 1978 5511 mirum

2058 4476 2117 4529 in
2147 4474 2331 4529 medio
2360 4473 2519 4527 inulti
2551 4479 2686 4526 sunt
2714 4475 3136 4541 contemptores
3163 4466 3316 4521 verbi
3360 4467 3481 4531 Dei,
3524 4482 3661 4520 con-

2056 4580 2197 4635 grue
2237 4578 2458 4634 quoque
2492 4567 2550 4615 et
2585 4561 2676 4614 hic
2714 4559 2771 4613 in
2819 4559 3004 4613 medio
3048 4558 3257 4612 dicitur
3288 4575 3298 4610 :
3338 4556 3515 4623 Signa
3542 4571 3662 4622 qua

2063 4656 2243 4708 locuta
2280 4656 2411 4706 sunt
2439 4657 2636 4719 septem
2675 4652 2946 4715 tonitrua,
2976 4653 3024 4702 et
3055 4650 3174 4701 noli
3209 4662 3273 4700 ea
3301 4647 3551 4699 scribere.
3585 4672 3651 4684 —

2064 4741 2292 4811 Tempus
2313 4743 2464 4795 enim
2486 4755 2655 4807 prope
2673 4744 2767 4792 est.
2792 4737 2910 4791 Hoc
2936 4737 3008 4790 ad
3037 4735 3177 4790 illud
3207 4733 3471 4806 pertinet,
3503 4733 3654 4803 quod

2058 4829 2357 4900 praemisit:
2382 4828 2466 4882 Ne
2487 4825 2797 4897 signaveris
2817 4823 2986 4879 verba
3004 4821 3316 4895 prophetiae
3330 4822 3521 4891 hujus,
3543 4835 3656 4891 quo

2062 4917 2177 4971 haec
2204 4916 2426 4988 impleri
2446 4916 2706 4972 debeant.
2729 4931 2765 4968 a
2792 4920 3046 4984 tempore
3066 4910 3280 4966 scilicet
3298 4909 3655 4964 resurrectio-

2058 5006 2146 5060 nis
2176 5005 2385 5061 Christi
2414 5020 2591 5074 usque
2636 5003 2707 5057 ad
2738 5002 2886 5056 diem
2913 5001 3132 5071 judicii,
3164 4998 3391 5069 quando
3420 4996 3648 5067 singulis

2054 5096 2217 5166 juxta
2241 5110 2413 5166 Opera
2432 5110 2537 5147 sua
2556 5091 2918 5147 retribuetur.
2943 5091 3024 5144 De
3049 5090 3155 5144 hoc
3175 5087 3502 5142 brevissimo
3519 5094 3651 5140 tem-

2063 5201 2196 5255 pore
2232 5183 2380 5238 idem
2422 5183 2669 5237 Joannes
2708 5180 2766 5234 in
2798 5179 3046 5251 Epistola
3082 5193 3186 5233 sua
3220 5177 3361 5231 dicit
3391 5195 3403 5230 :
3448 5176 3654 5238 Fitioli,

2060 5276 2359 5326 novissima
2388 5271 2525 5324 hora
2553 5275 2629 5323 est
2655 5271 2711 5338 (Ι
2733 5271 2894 5322 Joan.
2928 5268 3011 5338 ιι).

2132 5362 2235 5427 Qui
2280 5365 2446 5424 nocet,
2487 5364 2671 5413 noceat
2700 5358 2883 5412 adhuc
2911 5376 2925 5411 :
2956 5362 3005 5411 et
3033 5358 3134 5426 qui
3168 5357 3233 5409 in
3269 5353 3524 5408 sordibus
3560 5357 3660 5421 est,

2059 5451 2328 5503 sordescat
2356 5449 2558 5503 adhuc.
2592 5445 2961 5505 Permissivus
2988 5444 3192 5499 modus
3220 5448 3327 5506 est,
3351 5456 3465 5496 non
3497 5444 3662 5511 Opta-
