4006 6164
412 235 552 295 1217

1336 234 1728 291 EXPOSITIO
1756 235 1834 289 IN
1862 229 2385 288 APOCALYPSIN.
2420 256 2482 271 -
2512 229 2649 284 LIB.
2683 226 2807 284 VII.

3530 233 3676 291 1218

407 362 592 422 tivus:
626 379 775 434 saepe
794 362 944 418 enim
971 362 1120 416 Deus
1144 360 1499 431 omnipotens
1524 358 1802 429 permittit
1828 356 2009 413 homi-
2027 361 2068 415 A
2091 353 2251 409 bunt.
2284 355 2444 409 Unde
2482 352 2741 424 superius
2778 369 2907 407 cum
2954 352 3317 424 praemisisset
3350 368 3361 403 :
3393 356 3459 410 Et
3487 373 3580 426 ego
3615 359 3688 411 si-

410 465 541 505 nem
573 460 802 522 propter
821 459 1047 521 peccata
1087 449 1376 520 praeterita
1407 465 1570 503 ruere
1600 449 1668 501 ad
1698 448 1958 518 graviora
1990 464 2005 511 ;

409 539 563 593 unde
583 556 684 610 per
703 539 1054 594 Psalmistam
1078 529 1318 591 dicitur:
1354 537 1477 591 Non
1517 537 1733 589 audivit
1770 538 2008 604 populus

411 642 566 681 meus
592 640 769 681 vocem
794 642 997 680 meam.
1027 631 1076 679 et
1107 626 1278 679 Israel
1300 640 1411 678 non
1440 624 1680 677 intendit
1712 623 1874 684 mihi,
1898 627 2005 680 etc.

412 728 590 785 usque
623 728 634 762 :
660 716 827 769 Ibunt
854 716 918 768 in
974 712 1458 766 adinventionibus
1484 715 1601 765 suis
1632 712 1794 775 (Psal.
1826 711 1989 779 Lxxx)

410 798 478 855 In
498 817 610 872 qua
628 802 910 857 sententia
934 806 1128 873 aperte
1152 799 1470 854 ostenditur
1505 800 1857 870 praecessisse
1886 799 2009 853 cul-

411 905 542 960 pam
571 890 984 955 inobedientiae,
1018 905 1120 961 per
1148 905 1317 960 quam
1347 904 1401 952 a,
1427 888 1543 942 Deo
1582 886 1839 958 permissi
1877 892 2011 941 sunt

410 977 496 1032 ire
513 978 574 1033 in
602 978 983 1035 voluntatibus
1016 978 1149 1033 suis.
1164 977 1309 1032 Hinc
1328 976 1540 1031 Paulus
1570 977 1640 1030 de
1668 975 2009 1047 quibusdam

412 1063 573 1119 dicit:
603 1067 711 1133 Qui
722 1069 1231 1136 cumcognovissent
1254 1067 1453 1131 Deum,
1485 1082 1596 1119 non
1618 1067 1865 1119 utDeum
1891 1067 2010 1133 glo-

412 1155 792 1220 riﬁcaverunt,
835 1159 935 1210 aut
955 1158 1170 1224 gratias
1194 1160 1442 1221 egerunt.
1472 1156 1702 1222 Propter
1727 1155 1871 1223 quod
1899 1159 2013 1207 tra-

412 1240 553 1294 didit
579 1244 704 1296 ittos
737 1244 878 1297 Deus
905 1246 969 1297 in
992 1243 1283 1310 reprobum
1310 1258 1554 1307 sensum,
1571 1248 1634 1295 ut
1649 1244 1867 1310 faciant
1894 1258 2012 1311 qua

358 1398 365 1401 Α
413 1333 1059 1399 nonconveniunttRom.
1106 1333 1171 1400 ι).
1214 1331 1445 1386 Dicatur
1462 1331 1674 1402 itaque,
1713 1333 1814 1398 qui
1842 1336 2011 1396 nocet,

413 1414 629 1488 sibiipsi
652 1417 1007 1482 subauditur,
1035 1418 1091 1473 id
1142 1427 1247 1483 est,
1298 1418 1392 1489 qui
1430 1435 1541 1473 non
1574 1420 1693 1473 vult
1719 1418 1889 1473 verba
1914 1417 2013 1472 Dei

402 1503 621 1569 audire,
640 1508 1039 1571 noceatadhuc,
1058 1507 1112 1561 id
1136 1514 1241 1570 est,
1262 1514 1590 1578 permaneat
1631 1507 2009 1578 imposnitens.

2093 445 2255 496 tienti
2266 445 2403 497 dabo
2428 460 2631 512 aquam
2659 448 2782 497 vita
2795 442 3148 511 gratis,illico
3169 443 3455 513 adjunxit:
3490 447 3597 512 Qui
3611 448 3690 501 vi-

2091 534 2246 599 cerit,
2269 531 2574 602 possidebit
2621 532 2756 585 haec.
2790 532 2855 585 Et
2882 535 3078 600 portis,
3124 530 3181 585 id
3225 537 3309 585 est
3339 549 3440 601 per
3478 539 3687 603 portas,

2091 636 2193 691 per
2220 621 2502 691 apostolos
2531 620 2808 682 videlicet,
2839 627 3182 691 ceterosque
3203 620 3460 674 doctores
3480 625 3692 677 intrent

2093 712 2156 761 in
2195 712 2489 766 civitatem,
2530 708 2635 763 hoc
2655 718 2760 771 est,
2792 708 2852 762 in
2900 710 3183 763 caelestem
3217 711 3548 764 Jerusalem.
3589 711 3698 765 Per

2092 813 2328 867 quorum
2346 797 2496 851 enim
2520 797 2897 852 ministerium
2911 814 3061 852 nunc
3076 798 3355 853 intramus
3365 798 3691 866 Ecclesiam,

2091 902 2194 958 per
2210 886 2460 957 ipsorum
2488 902 2588 940 ora
2605 895 2662 940 et
2687 886 3025 941 solutionem
3054 874 3435 956 ingrediemur
3454 904 3693 959 regnum

2092 974 2387 1038 caelorum,
2420 974 2490 1028 de
2519 974 2607 1028 his
2636 974 2816 1045 portis
2844 974 3146 1028 Psalmista
3166 974 3329 1029 dicit:
3359 978 3578 1043 Aperite
3592 980 3698 1031 mi-

2092 1062 2155 1114 hi
2201 1067 2389 1130 portas
2434 1064 2674 1129 justitiaz
2729 1064 2890 1129 (Psal.
2942 1070 3129 1130 cxvn).
3178 1064 3495 1134 Statimque
3521 1080 3696 1121 unam

2092 1149 2459 1220 principalem
2490 1156 2731 1220 portam,
2754 1149 2825 1204 ad
2856 1166 3026 1221 quam
3054 1151 3222 1205 etiam
3253 1151 3373 1207 ista;
3410 1153 3698 1223 pertinent

2093 1237 2435 1304 manifestat,
2467 1238 2756 1292 subdendo
2784 1256 2797 1291 :
2830 1241 2951 1294 Hac
2976 1245 3136 1308 porta
3168 1242 3409 1309 Domini,
3430 1247 3578 1311 justi
3608 1246 3695 1298 in-

2099 1328 2326 1380 trabunt
2349 1343 2445 1394 per
2473 1343 2614 1380 eam.
2647 1324 2783 1381 Haec
2806 1327 2954 1381 enim
2985 1334 3150 1399 porta
3175 1330 3459 1386 Christum
3485 1331 3698 1402 signiﬁ-

2096 1421 2204 1480 cat,
2238 1415 2334 1486 qui
2365 1414 2500 1469 dicit
2529 1436 2541 1469 :
2573 1416 2684 1484 Ego
2698 1432 2825 1470 sum
2852 1418 3077 1482 ostium,
3109 1417 3244 1472 dicit
3270 1418 3543 1474 Dominus
3566 1438 3579 1473 :
3596 1434 3696 1489 per

2094 1521 2179 1558 me
2207 1508 2257 1557 si
2285 1505 2408 1572 quis
2435 1507 2723 1558 introierit
2742 1506 3053 1560 satiabitur
3075 1508 3250 1560 tJoan.
3276 1524 3348 1563 ω.
3372 1508 3512 1562 Cum
3543 1507 3696 1563 enim

404 1599 463 1648 et
482 1594 728 1665 peccatis
757 1595 1064 1666 praeteritis
1093 1598 1486 1667 conjungatur.
1523 1597 1589 1650 Et
1610 1596 1705 1665 qui
1735 1595 1792 1648 in
1828 1594 2011 1648 sordi-
2030 1632 2076 1691 Β
2093 1592 2330 1663 quilibet
2348 1592 2597 1647 ﬁdelium
2620 1610 2721 1663 per
2746 1610 2844 1648 ora
2871 1594 3300 1664 praedicatorum
3349 1596 3563 1651 aditum
3605 1596 3690 1651 in-

402 1681 511 1737 bus
526 1683 793 1739 vitiorum
848 1690 1124 1743 versatur.
1167 1688 1436 1740 sordeth
1479 1685 1680 1749 adhuc,
1735 1684 1788 1737 id
1824 1691 1912 1740 est
1938 1684 2010 1738 ad
2032 1680 2076 1691 ”
2096 1685 2250 1735 trant
2280 1680 2761 1752 regni'coelorum,
2784 1680 3049 1734 nimirum
3072 1698 3172 1752 per
3190 1681 3350 1736 illum
3368 1682 3698 1752 ingrediun-

408 1772 692 1827 deteriora
720 1773 961 1828 labatur.
985 1775 1130 1828 Dum
1160 1774 1310 1829 enim
1333 1775 1459 1846 quis
1487 1778 1712 1846 tempus
1741 1774 2015 1845 poeniten-

404 1860 503 1915 tiae
524 1861 745 1932 accipit,
761 1868 818 1916 et
836 1862 1194 1933 imposnitens
1207 1870 1520 1934 permanet,
1556 1864 1854 1934 ipsumque
1883 1880 2014 1934 pec-

2097 1774 2211 1834 tur,
2236 1769 2333 1840 qui
2360 1786 2463 1841 per
2493 1786 2592 1824 ora
2611 1770 2835 1824 illorum
2866 1770 3133 1840 loquitur.

2167 1860 2321 1912 Foris
2344 1875 2522 1926 canes,
2555 1859 2612 1913 id
2643 1865 2729 1914 est
2752 1859 2949 1921 Judaei,
2983 1859 3250 1922 haeretici,
3285 1860 3585 1932 caeterique
3614 1861 3703 1917 in-

406 1954 595 2003 catum
626 1950 902 2004 convertit
930 1950 1049 2021 ipse
1079 1950 1388 2005 remedium
1418 1950 1614 2021 gratiae
1642 1956 1916 2005 convertit
1953 1950 2012 2005 in
2092 1945 2324 2010 creduli,
2354 1946 2449 2016 qui
2479 1953 2673 2001 contra
2703 1947 3002 2001 Ecclesiam
3034 1948 3333 2002 latrant.Et
3371 1953 3612 2017 veneﬁci,
3635 1948 3695 2004 id

406 2044 776 2109 augmentum
803 2038 998 2109 culpae.
1033 2040 1101 2094 Et
1130 2039 1263 2110 quia
1302 2056 1415 2093 non
1444 2040 1558 2094 vult
1599 2039 1859 2095 deserere
1887 2056 2012 2093 ma-

406 2125 525 2181 lum
555 2134 619 2180 ut
640 2126 801 2187 vivat,
825 2131 994 2197 auget
1006 2126 1154 2180 unde
1176 2125 1468 2181 moriatur.
1498 2127 1579 2181 De
1597 2126 2014 2198 quibusPaulus

407 2214 544 2269 dicit
567 2232 579 2268 :
604 2215 947 2283 Utimpteant
960 2219 1179 2283 peccata
1204 2216 1601 2283 suasemper(1
1631 2216 1813 2271 Thess.
1852 2216 2006 2282 n).Et

396 2306 589 2373 justus
601 2319 703 2375 per
716 2303 885 2357 ﬁdem
903 2306 1243 2371 iustiﬁcetur
1272 2306 1456 2359 adhuc
1485 2321 1588 2376 per
1605 2304 2011 2375 operationem.

410 2392 480 2447 Et
499 2397 723 2446 sanctus
737 2392 1114 2465 sanctiﬁcetur
1123 2392 1325 2445 adhuc.
1348 2392 1515 2446 Juxta
1530 2391 1669 2446 illud
1688 2406 1699 2441 :
1715 2393 1878 2446 Ibunt
1891 2409 2018 2447 san-

421 2482 499 2534 cti
526 2482 590 2534 de
628 2480 834 2533 virtute
856 2481 919 2533 in
940 2481 1228 2536 virtutem.
1269 2479 1442 2534 Electi
1468 2479 1618 2534 enim
1642 2496 1865 2552 semper
1889 2484 2022 2535 sunt

420 2567 482 2623 in
506 2567 758 2639 profectu
787 2566 1079 2629 virtutum,
1112 2566 1246 2638 quia
1273 2567 1524 2638 quotidie
1551 2567 1903 2629 inchoant,et
1920 2584 2022 2639 per

421 2662 710 2712 momenta
730 2661 1052 2727 temporum
1082 2655 1381 2710 virtutibus
1408 2655 1645 2711 virtutes
1673 2655 1908 2711 addunt.

494 2744 622 2800 Ecce
651 2747 808 2799 venio
820 2747 946 2809 cito,
968 2743 1038 2798 ad
1054 2743 1423 2816 judicandum
1450 2744 1681 2798 scilicet.
1716 2745 1781 2798 Et
1817 2760 2019 2799 merces

422 2849 545 2887 mea
568 2849 783 2886 mecum
811 2838 903 2897 est,
932 2833 1152 2887 reddere
1180 2835 1484 2902 unicuique
1526 2835 1829 2888 secundum
1859 2848 2025 2901 opera

2095 2039 2198 2097 est,
2228 2035 2469 2088 maleﬁci
2497 2035 2612 2090 sive
2640 2036 2810 2106 magi,
2835 2041 2885 2088 et
2933 2038 3206 2104 impudici
3214 2081 3224 2099 ,
3254 2037 3312 2092 id
3341 2043 3446 2099 est.
3476 2038 3697 2093 invere-

2095 2123 2279 2178 cunde
2311 2130 2622 2194 peccantes.
2658 2125 2721 2179 Et
2752 2126 3038 2179 homicidae
3076 2125 3295 2181 diverso
3325 2127 3491 2182 modo
3511 2127 3701 2183 homi-

2096 2227 2196 2265 nes
2221 2211 2646 2267 interﬁcientes.
2677 2214 2744 2267 Et
2802 2215 2962 2268 idolis
3010 2218 3326 2278 servientes,
3357 2215 3462 2270 hoc
3487 2221 3591 2281 est,
3628 2215 3702 2271 si-

2097 2300 2348 2354 mulacra
2381 2302 2638 2372 quaedam
2672 2318 2772 2373 pro
2797 2303 2909 2357 Deo
2926 2302 3193 2369 colentes,
3225 2303 3341 2358 sive
3369 2304 3541 2359 etiam
3574 2305 3702 2377 plus

2102 2395 2328 2444 terrena
2346 2406 2517 2461 quam
2546 2390 2725 2445 Deum
2755 2390 3073 2461 diligentes.
3104 2392 3171 2446 Et
3201 2395 3383 2447 omnis
3421 2397 3522 2461 qui
3547 2398 3705 2448 amat

2103 2480 2480 2546 mendacium,
2509 2484 2559 2532 et
2583 2481 2721 2547 facit
2753 2481 2925 2538 illud.
2958 2479 3122 2534 Multi
3166 2481 3318 2535 enim
3345 2481 3705 2537 mendacium

2101 2565 2333 2633 faciunt,
2356 2567 2454 2622 sed
2470 2572 2661 2621 tamen
2693 2583 2805 2621 non
2833 2574 3027 2622 amant
3044 2568 3421 2630 mendacium,
3438 2570 3571 2641 quia
3580 2575 3703 2626 stu-

2101 2653 2193 2708 dio
2224 2660 2396 2725 atque
2425 2672 2617 2711 amore
2646 2656 2911 2727 peccandi
2968 2672 3080 2711 non
3140 2656 3509 2719 mentiuntur.
3540 2658 3704 2723 Quod

2100 2743 2455 2798 mendacium
2471 2749 2718 2815 purgant
2726 2761 2893 2816 opere
2905 2744 3473 2808 misericordiae,sicut
3489 2746 3706 2802 dictum

2106 2837 2194 2886 est
2208 2833 2469 2903 superius
2494 2833 2563 2886 de
2584 2831 2978 2888 obstetricibus
2998 2833 3381 2889 Hebraeorum.
3421 2835 3528 2890 Sed
3559 2835 3706 2891 sicut

422 2938 548 2978 sua.
570 2921 701 2976 Haec
724 2921 934 2976 locutio
956 2925 1014 2975 et
1040 2920 1247 2975 electos
1267 2920 1337 2976 ad
1368 2921 1604 2977 meliora
1634 2924 1924 2993 proﬁcere,
1966 2928 2025 2977 et
2039 2949 2083 3008 Ο
2106 2920 2201 2975 isti
2222 2920 2280 2975 in
2300 2921 2401 2975 tali
2422 2921 2734 2985 mendacio,
2763 2922 2872 2976 nisi
2885 2922 3292 2977 emendationis
3311 2923 3561 2979 studium
3577 2922 3707 2979 sub-

422 3008 691 3081 reprobos
714 3010 975 3065 hortatur
1001 3026 1036 3064 a
1055 3009 1216 3064 malis
1250 3011 1526 3071 recedere.
1546 3028 1617 3066 ne
1638 3016 1870 3082 pereant
1900 3011 2021 3066 sine

425 3099 800 3154 excusatione.
829 3099 965 3163 Quae
1022 3097 1191 3169 verba
1248 3099 1593 3170 expositione
1620 3116 1734 3155 non
1762 3099 2023 3172 indigent

426 3187 557 3258 quia
586 3186 709 3258 ipsa
735 3204 795 3242 se
819 3187 1138 3258 eXplanant.

495 3277 607 3346 Ego
634 3292 758 3330 sum
777 3296 807 3327 α
826 3281 873 3330 et
897 3297 958 3340 ω,
982 3280 1203 3345 primus
1226 3281 1273 3329 et
1296 3279 1643 3334 novissimus.
1666 3278 2016 3347 principium

423 3372 471 3421 et
492 3367 640 3433 ﬁnis.
671 3367 916 3431 Primus,
949 3370 1080 3420 ante
1112 3382 1278 3436 quem
1319 3365 1507 3420 nullus
1539 3379 1551 3415 :
1584 3371 1633 3420 et
1664 3369 2015 3431 novissimus,

423 3460 550 3527 post
569 3471 735 3526 quem
755 3454 958 3509 nullus.
977 3456 1352 3523 Principium,
1373 3471 1407 3508 a
1426 3471 1538 3527 quo
1559 3455 1742 3509 omnis
1758 3462 2019 3510 creatura

421 3544 666 3615 sumpsit
692 3543 951 3610 initium;
980 3547 1028 3597 et
1055 3543 1345 3613 linis,quia
1367 3543 1426 3596 in
1447 3560 1513 3598 eo
1535 3559 1702 3597 omne
1721 3544 2019 3613 redigitur.

422 3632 605 3703 Alpha
624 3632 870 3702 pertinet
882 3630 951 3685 ad
976 3631 1126 3684 verbi
1148 3630 1502 3699 dignitatem,
1521 3646 1718 3698 omega
1744 3629 1816 3683 ad
1845 3647 2028 3684 susce-

422 3725 577 3791 ptam
608 3721 667 3773 in
695 3721 808 3773 ﬁne
832 3725 1151 3787 temporum
1167 3715 1605 3773 humanitatem.
1637 3717 1762 3787 Ipse
1782 3723 1869 3771 est
1895 3734 2029 3787 ergo

425 3807 615 3878 alpha,
645 3806 705 3859 id
733 3809 838 3871 est,
870 3804 1204 3875 principium
1260 3820 1497 3858 manens
1526 3820 1653 3858 cum
1686 3805 1852 3860 Patre
1903 3807 2029 3877 Ipse

428 3900 487 3949 et
502 3893 796 3964 omega,id
827 3899 914 3947 est
940 3891 1086 3955 ﬁnis,
1118 3898 1284 3946 natus
1309 3893 1698 3964 temporaliter
1726 3911 1793 3948 ex
1823 3901 2024 3949 matre.

426 3976 588 4038 Unde
618 3983 827 4037 Paulus
857 4001 869 4036 :
904 3981 1155 4038 Christus
1173 3983 1304 4049 ﬁnis
1333 3983 1464 4049 tegis
1477 3982 1847 4051 adjustitiam
1871 3987 2028 4039 omni

428 4069 1276 4142 credentiiRom.x).Principium
1290 4086 1513 4142 quoque
1529 4088 1641 4126 non
1656 4071 1728 4126 ad
1739 4072 1921 4142 ipsum
1944 4078 2031 4128 est

427 4159 805 4225 referendum,
824 4158 972 4230 quod
992 4158 1203 4214 scilicet
1223 4159 1365 4230 ipse,
1392 4160 1698 4214 secundum
1743 4160 1892 4231 quod
1913 4161 2028 4215 haz-

2103 3016 2393 3081 sequatur,
2426 3010 2741 3081 perditione
2766 3027 2878 3065 non
2899 3016 3113 3076 carent,
3136 3011 3426 3084 Scriptum
3444 3012 3665 3068 dicente
3688 3031 3701 3068 :

2102 3101 2298 3153 Perdes
2327 3116 2512 3153 omnes
2541 3101 2642 3167 qui
2685 3100 2995 3167 loquuntur
3038 3102 3391 3156 mendacium
3426 3102 3585 3167 (Psal.
3620 3101 3702 3173 v),

2102 3187 2185 3242 sic
2216 3192 2271 3241 et
2299 3186 2393 3240 isti
2416 3186 2662 3257 graviori
2691 3203 2857 3258 pmna
2875 3188 3152 3258 plectendi
3193 3195 3344 3256 sunt,
3368 3189 3464 3261 qui
3492 3190 3700 3259 studio,
3761 3205 3776 3221 '

2103 3275 2384 3330 voluntate
2438 3280 2608 3345 atque
2663 3291 2874 3341 amore,
2904 3275 3138 3329 fallaciis
3193 3276 3590 3348 illaqueantur.
3631 3278 3705 3334 Hi

2100 3381 2296 3420 omnes
2323 3364 2583 3436 superius
2613 3364 2767 3429 dicti,
2801 3369 2965 3418 erunt
2996 3364 3149 3426 foris,
3183 3365 3290 3420 hoc
3319 3371 3422 3431 est,
3455 3366 3525 3420 ab
3544 3368 3705 3423 aditu

2104 3454 2343 3509 caelestis
2372 3454 2684 3508 Jerusalem
2717 3453 3080 3524 repellentur,
3103 3470 3231 3507 cum
3262 3455 3585 3510 audierint:
3613 3458 3708 3511 Di-

2103 3545 2293 3597 scedite
2308 3559 2343 3596 a
2366 3559 2476 3605 mc,
2499 3544 2781 3596 maledicti
2812 3543 3027 3604 (Matth.
3061 3543 3218 3612 xxv).

2179 3631 2288 3697 Ego
2308 3633 2461 3683 Jesus
2484 3633 2617 3683 misi
2634 3632 2896 3697 angelum
2921 3646 3103 3683 meum
3138 3633 3422 3698 testiﬁcari
3441 3633 3589 3686 vobis
3600 3633 3708 3688 hac

2111 3720 2174 3771 in
2197 3719 2468 3774 Ecclesiis.
2494 3718 2608 3772 Hoc
2628 3723 2685 3773 et
2708 3734 2877 3789 supra
2890 3719 3005 3789 jam
3026 3718 3237 3773 dictum
3255 3718 3457 3774 fuerat.
3497 3721 3560 3775 In
3587 3721 3709 3793 qui-

2108 3806 2214 3860 bus
2241 3805 2423 3860 verbis
2451 3812 2643 3878 aperte
2662 3806 2998 3873 ostenditur,
3022 3808 3183 3878 cujus
3203 3808 3440 3878 ﬁguram
3462 3809 3715 3864 Joannes

2109 3894 2167 3949 in
2197 3896 2303 3949 hac
2330 3896 2671 3950 revelatione
2727 3895 3009 3951 tenuerit:
3042 3912 3146 3950 nec
3196 3896 3377 3950 solum
3419 3898 3490 3951 ad
3521 3897 3709 3968 ipsum

2108 3983 2395 4055 pertinent
2412 3985 2710 4047 Joannem,
2740 4000 2865 4055 qua:
2894 3982 2946 4038 ei
2995 3984 3146 4038 dicta
3196 3990 3345 4048 sunt,
3378 3986 3475 4040 sed
3497 3986 3568 4040 ad
3592 4003 3711 4043 om-

2109 4089 2211 4127 nes
2231 4072 2524 4138 Ecclesias,
2548 4089 2671 4144 quae
2690 4072 2949 4143 superius
2969 4073 3288 4145 septenario
3306 4090 3542 4129 numero
3560 4091 3710 4131 com-

2112 4162 2556 4233 prehenduntur,
2584 4162 2643 4215 in
2675 4160 2878 4232 quibus
2907 4177 3023 4216 una
3052 4162 3347 4229 catholica,
3377 4163 3432 4217 id
3463 4170 3550 4219 est
3579 4163 3709 4219 uni-

431 4248 589 4304 retici
619 4246 932 4314 voluerunt,
964 4265 1031 4302 ex
1060 4252 1316 4320 tempore
1343 4249 1593 4319 cceperit,
1626 4249 1723 4303 sed
1755 4250 1825 4303 ad
1876 4249 2027 4304 ordi-
2045 4250 2341 4320 Dversalis
2365 4250 2715 4321 exprimitur.
2749 4252 2858 4318 Ego
2881 4266 3007 4305 sum
3027 4267 3199 4319 genus
3227 4257 3277 4306 et
3304 4253 3472 4307 radis:
3497 4255 3697 4313 David.

431 4352 561 4395 nem
588 4344 977 4394 creaturarum
1006 4336 1267 4410 pertinet,
1302 4354 1425 4410 qua:
1444 4354 1511 4392 ex
1540 4337 1635 4392 illo
1664 4343 2030 4410 sumpserunt

431 4428 676 4484 initium.
709 4428 790 4482 De
810 4428 981 4499 alpha
1001 4428 1247 4482 Joannes
1293 4423 1430 4481 dicit
1454 4445 1466 4480 :
1515 4427 1584 4482 In
1603 4429 1885 4496 principio
1908 4433 2029 4482 erat

443 4519 692 4583 Verbum,
715 4522 791 4583 et,
816 4519 1008 4572 omnia
1022 4532 1122 4584 per
1146 4519 1326 4585 ipsum
1347 4516 1494 4583 facta
1516 4520 1648 4569 sunt
1664 4514 1842 4587 (Joan.
1862 4521 1922 4582 ι).
1950 4516 2032 4570 De

434 4621 636 4676 omega
663 4621 815 4675 vero,
846 4604 942 4676 qui
966 4608 1052 4658 est
1080 4604 1206 4657 ﬁnis
1234 4604 1642 4658 elementorum
1695 4604 1844 4675 apud
1876 4604 2033 4659 Gree-

436 4709 548 4754 cos,
573 4692 719 4748 sicut
747 4699 803 4747 et
820 4693 993 4764 alpha
1014 4693 1349 4765 principium
1375 4711 1386 4746 :
1433 4693 1657 4746 Verbum
1673 4708 1801 4747 caro
1819 4695 2033 4762 factum

437 4787 534 4845 est,
563 4787 612 4837 et
640 4783 909 4837 habitavit
939 4786 1002 4836 in
1042 4785 1195 4837 nobis
1226 4780 1430 4851 (lbid.).
1470 4777 1539 4835 In
1567 4778 1656 4835 his
1684 4780 1858 4836 totius
1888 4782 2034 4837 salu-

437 4871 513 4925 tis
538 4870 870 4926 Christianae
899 4887 1121 4925 summa
1158 4869 1432 4935 consistit,
1465 4875 1531 4924 ut
1575 4870 1785 4925 scilicet
1820 4871 1880 4925 in
1919 4887 2031 4926 uno

438 4959 749 5030 eodemque
777 4959 999 5015 Christo
1018 4967 1076 5014 et
1101 4960 1345 5031 perfecta
1370 4959 1573 5025 deitas,
1605 4964 1663 5014 et
1681 4976 1813 5014 vera
1834 4960 2033 5016 creda-

436 5054 533 5104 tur
550 5048 895 5102 humanitas.

511 5140 667 5193 Beati
693 5140 795 5206 qui
822 5139 1015 5193 tavant
1040 5139 1205 5191 stolas
1254 5152 1404 5202 suas,
1429 5134 1488 5190 id
1533 5139 1639 5202 est,
1667 5152 1903 5207 corpora
1929 5153 2034 5191 sua

443 5231 499 5281 et
524 5228 696 5281 vitam
727 5226 880 5283 fonte
908 5224 1262 5296 baptismatis
1287 5230 1342 5280 et
1378 5225 1642 5297 lacrymis
1679 5226 2041 5296 poenitentiae,

445 5319 614 5385 atque
639 5316 895 5371 custodia
920 5314 1314 5369 mandatorum
1363 5313 1485 5367 Dei.
1519 5316 1582 5369 Ut
1598 5317 1666 5368 sit
1695 5319 1933 5383 potestas
1961 5332 2043 5370 eo-

448 5419 581 5457 rum
608 5404 670 5457 in
700 5408 848 5474 ligno
875 5410 1018 5460 vita.
1055 5402 1121 5459 Id
1148 5408 1253 5467 est,
1282 5402 1342 5457 in
1364 5402 1604 5458 Domino
1631 5402 1768 5459 Jesu
1797 5404 2042 5460 Christo.

449 5490 587 5556 Quae
602 5491 892 5565 habentes,
920 5495 1117 5569 utique
1136 5492 1197 5550 in
1224 5491 1408 5565 capite
1439 5508 1540 5547 suo
1571 5492 1763 5548 omnia
1788 5492 2044 5565 posside-

2110 4339 2268 4403 Quod
2292 4338 2432 4392 nihil
2468 4338 2619 4393 aliud
2659 4344 2764 4401 est,
2788 4338 2893 4393 nisi
2918 4358 2929 4392 :
2964 4340 3079 4410 Ego
3103 4356 3229 4394 sum
3260 4357 3327 4395 ex
3350 4340 3475 4412 ipsa
3503 4338 3709 4398 natura

2110 4427 2312 4485 David.
2343 4427 2520 4482 Beata
2546 4425 2695 4482 enim
2711 4427 2810 4482 Dei
2831 4426 3075 4498 genitrix
3102 4429 3172 4483 de
3190 4428 3366 4500 stirpe
3395 4429 3575 4485 David
3606 4431 3706 4486 de-

2113 4517 2346 4577 scendit.
2389 4524 2558 4588 atque
2599 4516 2803 4572 idcirco
2832 4517 2955 4588 ipse
2983 4517 3156 4571 Filius
3186 4517 3306 4585 Dei,
3356 4518 3709 4574 ﬁliusDavid

2115 4612 2218 4660 est.
2245 4606 2404 4661 Unde
2432 4606 2551 4677 ipse
2574 4605 2931 4677 interrogans
2952 4606 3193 4661 Judaeos.
3220 4608 3364 4675 Quid
3386 4609 3532 4662 vobis
3558 4608 3712 4662 vide-

2117 4700 2213 4749 tur
2230 4696 2294 4749 de
2325 4696 2541 4751 Christo
2566 4699 2725 4764 cujus
2746 4698 2899 4763 ﬁlius
2927 4698 3020 4761 sit,
3054 4695 3160 4749 hoc
3185 4711 3518 4766 responsum
3538 4694 3609 4750 ab
3629 4695 3712 4751 eis

2115 4781 2361 4854 accepit:
2387 4782 2584 4849 David,
2611 4790 2669 4838 et
2696 4783 2828 4838 ille:
2863 4785 3137 4851 Quomodo
3183 4800 3311 4852 ergo
3356 4786 3533 4838 David
3559 4789 3714 4840 vocat

2113 4889 2239 4927 eum
2261 4874 2581 4933 Dominum,
2614 4873 2798 4927 dicens
2821 4890 2834 4926 :
2861 4874 3012 4927 Dixit
3038 4875 3306 4926 Dominus
3318 4873 3553 4927 Domino
3573 4890 3708 4943 mea,

2115 4962 2232 5016 sede
2247 4977 2281 5014 a
2295 4961 2508 5015 dextris
2529 4964 2700 5015 meis?
2735 4961 2960 5032 (Matth.
2980 4965 3129 5028 χχιι).
3156 4960 3265 5015 Sed
3290 4962 3596 5017 secundum
3626 4963 3716 5017 di-

2115 5048 2406 5103 vinitatem
2421 5055 2508 5103 est
2522 5048 2792 5103 Dominus
2816 5050 2963 5103 Deus
2983 5049 3490 5115 David,secundum
3512 5052 3719 5107 huma-

2114 5141 2352 5193 nitatem
2376 5154 2501 5192 vero
2527 5154 2640 5192 non
2662 5138 2826 5200 alius.
2849 5138 2948 5192 sed
2968 5137 3115 5192 idem
3131 5138 3251 5209 ipse
3276 5155 3457 5211 genus
3477 5145 3535 5195 et
3555 5139 3718 5194 radix

2126 5227 2320 5291 David,
2345 5227 2401 5280 id
2419 5231 2522 5292 est,
2548 5233 2772 5281 natura.
2812 5226 3023 5281 Aliter:
3052 5229 3161 5295 Ego
3180 5244 3305 5282 sum
3336 5231 3503 5283 radice
3520 5229 3714 5295 David,

2126 5316 2256 5388 quia
2270 5332 2335 5370 ex
2358 5331 2449 5369 me
2477 5313 2659 5369 David
2679 5315 3177 5387 sumpsitinitium.
3206 5318 3380 5385 Etego
3392 5332 3519 5370 sum
3544 5331 3718 5384 genus

2124 5408 2175 5458 et
2198 5404 2366 5457 radix
2391 5402 2738 5474 David,quia
2771 5419 2837 5458 ex
2864 5402 2958 5458 illo
2976 5403 3031 5458 in
3062 5405 3506 5475 ﬁnetemporum
3534 5405 3722 5460 carnis

2124 5491 2421 5549 materiam
2458 5491 2692 5564 sumpsi.
2719 5492 2890 5550 Stella
2953 5493 3242 5564 splendida
3301 5496 3353 5547 et
3415 5496 3721 5554 matutina.
