4048 6172
378 172 545 245 (1219
891 172 1270 231 HAYMONIS
1302 174 1789 243 HALBERSTAT.
1824 173 2053 245 EPISC.
2084 174 2241 230 OPP.
2275 175 2460 230 PARS
2484 175 2510 229 ι
2540 204 2605 214 -
2636 170 3011 231 COMMENT.
3042 173 3222 260 BIBL.
3552 168 3690 229 1220

402 298 688 362 Quantum
708 298 779 352 ad
803 297 1052 351 litteram
1094 298 1359 367 pertinet,
1392 301 1613 355 stellam
1655 301 2004 374 splendidam
2027 300 2613 369 Aerrorem.Apponet
2634 315 2800 367 super
2812 300 2976 352 illum
3002 299 3139 352 Deus
3164 301 3360 366 plagas
3372 299 3617 364 scriptas
3634 297 3691 348 in

402 393 455 441 et
468 387 802 442 matutinum
823 386 1069 456 appellat
1084 385 1562 460 Luciferum,q‘uae
1579 391 1712 443 dum
1729 395 2008 444 extremas
2092 390 2232 443 libro
2264 392 2387 443 isto.
2409 388 2485 442 Ut
2532 392 2658 458 post
2682 386 2983 439 innumera
3010 391 3297 440 termenta
3325 385 3395 439 ad
3421 396 3695 439 aeternam

398 472 571 529 horas
609 474 857 529 noctium
886 474 1150 538 illustrat,
1183 491 1345 531 mane
1376 478 1539 533 citius
1588 480 1894 553 affuturum
1918 479 2011 531 de-
2091 478 2379 550 perveniat
2403 473 3122 545 damnationem.Tempore
3171 488 3280 544 quo
3323 471 3699 526 beatusloan-

396 563 738 635 clarathse
763 567 933 633 atque
955 562 1212 617 Christus
1242 571 1327 619 est
1349 568 1513 621 stella
1534 558 1844 639 splendida,
1880 566 2013 639 quia
2093 582 2193 621 nes
2215 567 2326 621 ista
2358 565 2600 637 scripsit,
2645 567 3012 618 surrexerunt
3036 563 3287 617 haeretici
3332 563 3394 616 in
3424 560 3697 626 Ecclesia,

398 650 522 723 ipse
538 653 881 705 estluxvera
899 653 1238 706 iiiamz'nans
1256 666 1472 708 omnem
1495 656 2008 726 hominem(Joan.I)
2091 654 2425 710 Valentinus
2457 653 2672 707 scilicet
2694 657 2750 706 et
2779 650 2975 717 Ebion,
3005 656 3062 704 et
3109 650 3433 714 Cerinthus,
3467 663 3620 719 quos
3646 652 3703 701 et

402 739 475 794 Et
500 739 643 794 bene
670 741 975 805 matutina,
998 739 1132 809 quia
1163 752 1329 796 mane
1376 744 1638 811 surrexit,
1673 750 1727 799 et
1747 743 2009 798 tenebras
2086 746 2149 800 in
2170 744 2421 817 Epistola
2448 760 2551 798 sua
2572 742 2944 797 Antichristos
2966 746 3142 807 vocat,
3166 741 3373 795 idcirco
3392 742 3548 794 hanc
3575 754 3702 795 con—

364 828 575 883 't'otius
604 826 802 882 mundi
840 828 1074 898 fugavit,
1135 829 1409 902 nobisque
1466 832 1785 886 claritatem
1813 833 2007 889 aeterni
2088 834 2449 892 testationem
2482 834 2563 887 eis
2592 831 2816 901 objecit,
2860 845 2931 884 ne
2962 840 3063 901 per
3093 829 3425 900 pravitatem
3486 826 3702 882 erretis

398 910 529 977 diei,
565 914 782 971 devicta
814 916 1183 981 mortalitate,
1213 925 1341 988 post
1380 921 1850 975 resurrectionem
1881 920 2009 975 ulti-
2091 920 2301 995 aliquid
2314 921 2448 976 huic
2467 920 2611 975 libro
2629 918 3006 993 superaddere
3020 918 3317 983 auderent,
3339 918 3509 983 sicut,
3544 914 3701 969 verbi

400 1018 553 1060 mam
584 1005 1010 1072 demonstravit,
1046 1007 1212 1077 juxta
1236 1007 1375 1063 illud
1405 1010 1660 1080 Apostoli
1683 1029 1693 1062 :
1720 1012 1840 1065 Non:
1867 1027 2010 1079 prm-
2089 1010 2290 1083 gratia,
2320 1010 2489 1064 Arius
2510 1009 2731 1064 auferre
2759 1008 2917 1062 nisus
2947 1008 3034 1062 est
3061 1020 3126 1061 ex
3155 1018 3257 1060 suo
3284 1005 3431 1060 libro
3464 1024 3475 1057 :
3513 1004 3631 1073 Ego
3655 1008 3703 1056 et

400 1097 581 1162 cessit,
613 1095 727 1149 dies
754 1101 941 1149 autem
968 1099 1435 1165 appropinquavit
1469 1098 1638 1165 (Rom.
1664 1102 1800 1169 xm).
2044 1092 2057 1102 ⁷
2094 1101 2260 1153 Pater
2286 1112 2468 1153 unum
2493 1110 2687 1152 sumtis
2721 1096 2900 1165 (Joan.
2933 1098 3005 1165 κ).
3037 1095 3313 1150 Photinus
3361 1106 3598 1171 quoque
3617 1089 3704 1145 ‘di-

475 1184 543 1238 E't
564 1185 817 1253 spiritus,
831 1183 885 1237 id
908 1188 993 1237 est
1011 1188 1131 1237 tota
1144 1184 1878 1251 Trinitas,Patervidelicet,
1914 1184 2009 1241 Fi-

358 1276 373 1285 ⁸
400 1268 513 1328 llus
533 1276 591 1327 et
610 1271 855 1344 Spiritus
872 1273 1195 1326 sanctusEt
1214 1275 1495 1342 sponsa,id
1518 1279 1605 1329 est
1615 1282 1809 1330 sancta
1829 1276 2013 1331 Eccle-

408 1359 1131 1426 sia,dz‘cunt,cuilibetfideli
1152 1380 1166 1414 :
1195 1363 1295 1416 Ven
1304 1360 1403 1417 iad
1418 1364 1593 1419 Deum
1604 1405 1617 1429 ,
1632 1365 1842 1419 scilicet
1851 1381 2008 1436 gres-

403 1450 557 1504 sibus
572 1449 703 1503 ﬁde‘i
726 1453 783 1503 et
803 1448 1060 1519 passibus
1082 1450 1309 1513 amoris,
1311 1452 1332 1521 j
1344 1456 1475 1505 uxta
1489 1451 1654 1506 illud:
1680 1454 1923 1507 Accedite
1938 1455 2011 1507 ad

362 1556 363 1559 η
398 1552 529 1605 eum
539 1541 590 1592 et
612 1540 1033 1591 illuminamini
1049 1539 1352 1609 (Ps.xxx111)
1368 1541 1715 1611 .Spiritus,id
1734 1546 1820 1597 est
1832 1542 2003 1607 Deus,

2092 1188 2171 1242 xit
2204 1188 2352 1259 :Ego
2373 1186 2713 1259 principium
2740 1183 2926 1239 tribuo
2955 1185 3087 1238 Jesu
3113 1198 3179 1238 ex
3205 1183 3405 1238 Maria.

2164 1276 2293 1331 Etsi
2310 1278 2434 1345 quis
2455 1276 2521 1330 di
2526 1277 2796 1329 minuerit
2813 1274 2876 1326 de
2897 1274 3072 1327 verbis
3107 1273 3276 1343 hujus
3311 1272 3448 1325 libri
3460 1268 3705 1340 praphe-

2094 1367 2181 1421 tia:
2213 1364 2296 1419 vel
2314 1376 2565 1430 sensum,
2621 1362 2709 1417 vel
2739 1361 2909 1416 etiam
2936 1360 3106 1414 verba
3149 1364 3347 1415 contra
3374 1370 3546 1417 suam
3576 1373 3707 1414 con-

2093 1453 2410 1520 scientiam,
2443 1453 2591 1506 sicut
2607 1451 2775 1505 A'rius
2796 1449 2926 1504 fecit
2948 1460 3017 1504 ex
3046 1447 3370 1519 Evangelio,
3400 1450 3464 1501 ut
3492 1441 3703 1520 pradi-

2094 1548 2246 1598 ‘ctum
2277 1547 2380 1609 est,
2403 1542 2617 1609 auferet
2647 1541 2785 1594 Deus
2815 1544 3031 1608 partem
3059 1542 3175 1606 ejus
3203 1538 3267 1589 de
3298 1538 3442 1591 libro
3467 1537 3610 1602 rita,
3642 1533 3703 1587 id

364 1629 375 1636 ’
396 1625 539 1682 dicit
565 1625 671 1680 hoc
690 1640 791 1697 per
812 1626 1084 1680 occultam
1114 1626 1543 1698 inspirationem
1589 1630 1848 1684 cordibus
1877 1615 2072 1683 fide-3
2098 1636 2184 1685 est
2204 1631 2262 1685 in
2274 1630 2547 1685 memoria
2568 1628 2928 1701 praescicntiae
2948 1627 3052 1680 Dei
3077 1636 3191 1680 non
3213 1623 3509 1679 scribetur.
3541 1622 3608 1677 Et
3636 1623 3703 1687 de

356 1712 372 1721 ’
402 1712 564 1769 lium.
588 1715 807 1786 Sponsa
818 1720 1033 1782 autem,
1060 1715 1119 1770 id
1141 1722 1226 1770 est
1254 1721 1450 1771 sancta
1462 1717 1709 1772 Ecclesia
1729 1735 1831 1791 per
1850 1735 2014 1790 aper-

406 1808 524 1869 tam
547 1804 998 1874 praedicationem
1011 1804 1298 1866 auditores
1319 1816 1449 1860 sues
1469 1806 1672 1860 invitat
1691 1808 1760 1860 ad
1774 1807 2014 1879 patriam

358 1896 359 1899 “
398 1892 708 1947 cmlestem.
736 1891 798 1947 Et
821 1894 921 1961 qui
940 1892 1227 1947 au‘ditsiVe
1258 1906 1358 1965 per
1384 1895 1661 1951 occultam
1687 1896 2013 1967 inspiratio-

401 1995 554 2047 nem,
586 1980 700 2035 sive
726 1994 828 2052 per
842 1980 1138 2035 doctorum
1182 1981 1637 2053 praedicationem
1665 1982 1768 2038 Dei
1798 2001 2007 2038 vocem.

404 2071 565 2126 Dicat
589 2070 752 2135 alteri
773 2070 1003 2124 cuilibet
1028 2070 1202 2124 ﬁdeli.
1268 2072 1415 2126 Veni.
1464 2071 1577 2125 Per
1605 2070 1773 2126 ﬁdem
1801 2077 2011 2127 rectam

354 2160 373 2167 “
407 2165 468 2214 et
501 2174 602 2231 per
630 2158 1013 2230 operationem
1034 2158 1167 2212 fidei
1187 2174 1492 2233 congruam
1509 2160 1642 2223 .Qui
1666 2161 1815 2213 enim
1842 2176 1875 2214 a
1896 2160 2012 2215 Deo

356 2250 363 2257 '
407 2246 527 2319 jam
557 2253 787 2301 vocatus
816 2251 919 2313 est,
964 2263 1191 2301 necesse
1220 2255 1307 2302 est
1336 2255 1401 2302 ut
1448 2254 1503 2303 et
1538 2248 1711 2302 alium
1741 2252 1915 2313 vocet,
1941 2258 2012 2304 ‘ne

406 2336 565 2391 solus
606 2335 677 2389 a‘d
718 2336 1233 2390 remunerationem
1271 2342 1490 2408 pergat.
1532 2336 1676 2391 Nam
1708 2342 1764 2391 et
1806 2337 1901 2409 qui
1941 2335 2013 2390 ad

412 2420 681 2491 balneum
711 2425 917 2495 pergit,
964 2428 1030 2478 ut
1074 2423 1276 2479 beatus
1306 2425 1610 2496 Gregorius
1638 2424 1790 2492 dicit,
1832 2425 2013 2479 socios

2099 1724 2317 1774 civitate
2348 1719 2634 1789 sancta,id
2651 1724 2738 1773 est
2752 1718 2822 1772 de
2857 1715 3069 1770 caelesti
3100 1714 3412 1769 Jerusalem
3443 1714 3501 1766 et
3528 1710 3705 1766 socie-

2096 1813 2213 1864 tate
2235 1813 2557 1863 sanctorum
2588 1807 2920 1877 angelorum
2950 1809 3006 1859 et
3056 1804 3370 1858 hominum.
3406 1802 3474 1856 Et
3509 1801 3581 1855 de
3621 1800 3703 1853 his

2095 1897 2341 1971 praemiis
2362 1913 2479 1965 qua:
2498 1899 2703 1966 scripta
2734 1899 2866 1951 sunt
2912 1896 2974 1947 in
3013 1894 3156 1946 libro
3194 1895 3317 1945 isto.
3354 1890 3577 1945 Tamen
3598 1888 3707 1943 h‘oc
3778 1884 3800 1895 “

2096 1986 2382 2041 sciendum
2414 1990 2518 2055 est,
2552 1984 2685 2058 quia
2708 1984 2816 2037 hoc
2835 1994 2949 2036 non
2970 1984 3200 2053 propter
3223 1994 3318 2034 eos
3342 1978 3575 2043 dicitur,
3610 1977 3705 2053 qui

2096 2075 2429 2151 simpliciter
2457 2073 2606 2147 quod
2669 2072 2865 2128 dicunt
2917 2071 3188 2133 sentiunt,
3220 2068 3318 2123 sed
3374 2067 3443 2121 de
3470 2066 3567 2121 his
3599 2065 3705 2129 uti-

2097 2172 2225 2236 que,
2246 2162 2340 2237 qui
2368 2166 2564 2219 contra
2594 2159 2991 2216 conscientiam
3019 2173 3182 2213 suam
3203 2157 3351 2213 male
3379 2151 3449 2215 de
3472 2155 3600 2210 Deo
3626 2154 3704 2213 lo—

2098 2257 2367 2328 quuntur.

2133 2343 2278 2396 Dicit
2307 2344 2407 2415 qui
2436 2342 2815 2397 testimonium
2833 2339 3076 2410 perhibet
3096 2333 3703 2403 istoru-m,subauditur

2095 2430 2396 2485 verborum
2418 2434 2587 2502 atque
2643 2428 2851 2484 idcirco
2900 2427 3311 2492 manifestatur,
3354 2441 3527 2499 quam
3568 2439 3701 2478 vera

406 2511 614 2596 habere
630 2509 978 2573 desiderans,
1006 2512 1147 2567 alios
1177 2511 1437 2566 hortatur
1460 2518 1526 2568 ut
1546 2529 1734 2567 secum
1754 2519 2011 2587 pergant.
2098 2519 2231 2584 sint,
2264 2519 2396 2591 quia
2424 2518 2695 2581 Dominus
2746 2517 2867 2591 ipse
2894 2516 3152 2571 Christus
3198 2514 3278 2569 eis
3304 2512 3698 2567 testimonium

352 2604 363 2671 ί
409 2593 475 2658 Et
505 2605 607 2671 qui
632 2604 754 2656 sitit
788 2601 1093 2672 justitiam,
1127 2599 1184 2654 id
1206 2608 1293 2656 est
1322 2602 1497 2656 Deum
1544 2601 2008 2674 omnipotentem.
2095 2606 2373 2679 perhibet.
2404 2607 2562 2662 Unde
2605 2592 2894 2679 sequitur:
2925 2606 3134 2669 Etiam,
3168 2603 3224 2657 id
3246 2605 3350 2668 est,
3373 2601 3456 2655 sic
3484 2601 3607 2665 ﬁat,
3637 2605 3701 2654 ut

415 2690 701 2757 “muttit!
722 2694 808 2745 est
825 2688 1053 2745 accedat
1081 2690 1152 2745 ad
1182 2689 1361 2755 illum.
1391 2700 1459 2745 ut
1505 2690 1824 2751 satietatem
1854 2694 2013 2746 aeter-
2094 2697 2485 2768 compleantur
2514 2682 2706 2751 omnia
2734 2711 2856 2769 quae
2882 2694 3146 2767 superius
3173 2690 3324 2747 dicta
3343 2694 3494 2747 sunt.
3536 2688 3700 2749 Venio

404 2794 541 2836 nam
570 2779 825 2850 accipiat.
850 2780 957 2847 Qui
984 2783 1121 2842 vult,
1151 2781 1384 2847 accipiat
1414 2790 1620 2848 aquam
1661 2784 1785 2835 vitae
1810 2784 2006 2848 gratis,
2092 2785 2295 2852 cito,ad
2323 2780 2691 2857 iudicandum
2714 2787 2772 2838 et
2795 2770 3145 2839 reddendum
3173 2780 3479 2851 unicuique
3495 2795 3699 2832 secun-

406 2868 575 2923 idest
594 2869 691 2942 qui
711 2866 996 2922 desiderat
1011 2867 1125 2922 frui
1145 2866 1248 2921 Dei
1282 2868 1776 2939 Contemplatione,
1800 2868 1861 2923 in
1900 2876 2012 2940 qua
2032 2929 2071 2945 η
2092 2873 2226 2927 dum
2249 2889 2418 2945 opera
2435 2874 2754 2935 sua.Amen,
2796 2870 2853 2924 id
2897 2875 3001 2937 est,
3036 2885 3234 2924 verum
3263 2873 3362 2932 est,
3416 2867 3551 2938 quia
3575 2882 3698 2945 quae

352 2958 359 2963 ’
410 2962 500 3013 est
527 2929 758 3012 refectio
781 2961 1003 3012 aeternae
1043 2955 1339 3019 satietatis,
1375 2929 1601 3011 studeat
1624 2929 1774 3011 recte
1806 2929 2005 3025 vivere,
2028 2929 2073 2991 ϐ
2089 2929 2359 3037 ριέεὰίέὶιι
2386 2965 2538 3025 sunt,
2564 2929 2757 3031 procul
2785 2958 2954 3015 dubio
2978 2929 3699 3030 complebuntur.l’eni,bm

356 3064 359 3067 λ
405 3051 474 3101 ut
500 3051 694 3118 postea
717 3045 786 3100 ad
815 3046 997 3117 ipsam
1041 3045 1144 3100 Dei
1187 3045 1455 3099 visionem
1488 3044 1670 3100 valeat
1696 3045 2006 3118 pervenire.
2091 3054 2241 3107 mine
2265 3052 2412 3105 Jesu.
2446 3049 2577 3103 Haec
2606 3048 2790 3105 omnis
2820 3044 3069 3102 Ecclesia
3095 3044 3346 3120 loquitur
3369 3043 3427 3103 in
3458 3041 3694 3109 Joanne,

355 3145 366 3155 ’
405 3135 519 3190 Sed
538 3152 665 3199 cum
687 3134 987 3203 Apostolus
1007 3134 1158 3189 dieat
1179 3152 1190 3187 :
1215 3136 1398 3203 Neque
1418 3137 1666 3199 volentis,
1692 3145 1859 3205 neque
1884 3153 2010 3195 cur-
2090 3144 2291 3209 optans
2310 3141 2375 3192 ut
2402 3138 2591 3191 veniat
2622 3136 2880 3191 Christus
2898 3135 2968 3190 ad
2986 3134 3282 3206 judicium.
3304 3128 3465 3187 Unde
3487 3135 3545 3185 et
3564 3148 3698 3207 quo-

410 3224 607 3299 rentis,
636 3225 728 3277 sed
757 3226 1068 3276 miserantis
1094 3229 1168 3277 est
1212 3224 1311 3277 Dei
1335 3225 1508 3294 (Rom.
1560 3230 1689 3291 xw),
1731 3225 2010 3297 quomodo

405 3311 508 3383 qui
535 3312 673 3379 vult,
702 3310 904 3381 accipit
927 3322 1132 3380 aquam
1163 3310 1287 3364 vitae
1327 3311 1543 3383 gratis?
1575 3311 1684 3366 Sed
1722 3313 2011 3368 sciendum

408 3402 516 3466 est,
542 3398 674 3470 quia
700 3397 856 3469 prius
885 3397 1151 3469 praevenit
1202 3398 1584 3453 misericordia
1632 3406 1696 3454 ut
1726 3400 1961 3457 velimus
1994 3420 2005 3456 τ

351 3487 367 3496 ’³
408 3476 614 3544 deinde
644 3486 816 3542 etiam
847 3486 1209 3557 subsequitur
1234 3492 1428 3541 nostra
1457 3485 1714 3541 voluntas
1744 3498 1845 3559 per
1865 3504 2013 3544 eam-

411 3578 540 3633 dem
577 3576 840 3648 gratiam,
876 3581 941 3630 ut
970 3588 1288 3646 Operemur.
1320 3575 1401 3630 De
1447 3576 1553 3630 hoc
1598 3575 1810 3631 Paulus
1838 3577 2007 3633 dicit:

2090 3228 2229 3281 tidie
2245 3226 2305 3281 in
2330 3226 2623 3281 Dominica
2634 3225 2888 3281 oratione
2914 3223 3163 3296 poStulat
3188 3221 3515 3297 suppliciter
3542 3245 3555 3281 ;
3584 3220 3697 3275 Ad-

2092 3319 2274 3371 veniat
2297 3330 2533 3385 regnum
2555 3320 2736 3371 tuum.
2772 3314 2842 3368 Et
2862 3313 3036 3368 illud:
3071 3312 3295 3368 Ostende
3312 3311 3466 3369 nobis
3496 3311 3696 3379 faciem

2096 3409 2252 3457 tuam
2283 3407 2332 3457 et
2357 3404 2499 3457 ‘salri
2525 3405 2734 3457 erimus
2748 3447 2761 3461 .

2162 3492 2359 3548 Gratia
2386 3493 2614 3546 Domini
2636 3494 2817 3545 nostri
2842 3491 2969 3544 Jesu
3020 3490 3227 3544 Christi
3266 3498 3395 3541 cum
3440 3487 3690 3539 omnibus

2093 3582 2260 3635 vobis.
2281 3579 2478 3635 Amen.
2506 3576 2573 3632 In
2603 3579 2709 3632 hoc
2739 3578 2859 3632 loco
2879 3578 3126 3634 Joannes
3154 3580 3351 3646 typum
3376 3573 3527 3644 gerit
3554 3590 3690 3644 przeo

406 3663 519 3730 Qui
541 3668 805 3747 operatur
833 3666 894 3716 in
924 3664 1070 3716 vobis
1100 3668 1151 3716 et
1171 3664 1304 3717 vctle
1324 3668 1373 3716 et
1396 3666 1652 3730 perﬁcere
1675 3666 1903 3735 (Philip.
1936 3668 1971 3735 Ι)
1989 3711 2001 3723 .
2093 3668 2432 3734 dicatorum,
2450 3667 2545 3738 qui
2570 3667 2807 3723 scientes
2832 3665 3119 3721 hominem
3144 3678 3257 3718 non
3278 3680 3440 3736 posse
3480 3662 3687 3731 justiﬁ-

350 3756 363 3761 ”
408 3751 519 3818 Qui
540 3750 733 3822 itaque
750 3754 888 3816 sitit,
913 3750 968 3804 id
992 3754 1097 3814 est,
1133 3750 1228 3831 qui
1278 3755 1515 3805 aeternas
1545 3752 1772 3806 delicias
1803 3768 2009 3824 praeve-
2090 3756 2204 3813 cari
2233 3766 2334 3829 per
2358 3757 2561 3828 legem,
2598 3756 2696 3809 sed
2748 3772 2847 3828 per
2898 3753 3164 3828 gratiam,
3214 3758 3375 3829 optat
3410 3757 3470 3804 ut
3494 3750 3684 3807 eadem

406 3837 601 3895 niente
630 3854 690 3893 se
712 3840 895 3910 gratia
920 3838 1022 3894 Dei
1052 3840 1354 3906 desiderat,
1397 3839 1654 3911 passibus
1693 3843 1900 3903 amoris
1934 3844 2010 3903 ad
2089 3844 2275 3917 gratia
2294 3862 2516 3917 semper
2544 3850 2672 3899 cum
2685 3842 2933 3898 Ecclesia
2956 3844 3302 3914 permaneat.
3327 3840 3477 3894 Nota
3507 3844 3687 3892 autem

274 3982 285 3992 ,
356 3946 361 3951 *
406 3942 506 3984 eas
520 3928 738 3984 tendat.
759 3928 830 3982 Et
860 3931 961 3997 qui
991 3932 1130 3996 vult,
1170 3928 1227 3982 id
1251 3934 1339 3982 est
1358 3928 1454 3999 qui
1478 3928 1669 3984 volens
1697 3942 1763 3984 ex
1787 3932 2041 3991 nolente‘
2085 3918 2243 4005 quod
2262 3933 2352 3988 hic
2366 3931 2509 3988 liber
2528 3940 2560 3986 a
2585 3932 2769 4005 gratia
2785 3931 3029 4003 sumpsit
3053 3928 3299 3997 initium,
3342 3933 3399 3982 et
3435 3928 3494 3980 in
3512 3927 3695 3998 gratia

348 4020 364 4027 “
408 4016 638 4072 effectus
656 4021 758 4082 est,
779 4030 894 4071 non
920 4017 1039 4071 suis
1069 4014 1411 4082 meritis,sed
1433 4018 1687 4088 gratuita
1707 4018 1808 4083 Dei
1823 4020 2016 4075 vol‘un-
2103 4022 2296 4097 posuit
2314 4021 2619 4077 terminum
2646 4040 2657 4075 :
2694 4022 2826 4097 quia
2843 4020 3102 4079 videlicet
3120 4024 3178 4073 et
3194 4017 3572 4096 praeveniente
3600 4015 3695 4070 Dei

350 4110 360 4117 '
400 4109 545 4173 tate,
576 4105 803 4160 hauriat
831 4119 1035 4177 aquam
1064 4108 1288 4161 aeternae
1310 4104 1724 4163 delectationis.
2090 4112 2280 4185 gratia
2308 4111 2595 4167 'salvamur
2611 4114 2668 4165 et
2695 4110 3072 4186 subsequente
3089 4106 3472 4181 justiﬁcamur
3504 4123 3515 4156 :
3549 4104 3695 4159 unde

352 4199 358 4203 ’
480 4195 757 4251 Oontestor
780 4206 924 4263 ergo,
948 4192 1009 4248 id
1042 4198 1151 4257 est,
1176 4194 1424 4250 obtestor
1456 4200 1517 4259 et
1543 4197 1819 4277 testificor
1847 4201 2004 4253 omni
2018 4205 2068 4265 D
2088 4204 2146 4257 et
2174 4200 2387 4259 Paulus
2415 4200 2585 4274 hujus
2609 4200 2910 4255 locutionis
2940 4215 3098 4253 more
3124 4195 3405 4273 Epistolas
3439 4202 3575 4251 suas
3603 4206 3694 4249 0r-

362 4306 367 4311 ο
405 4284 665 4337 audienti
691 4285 855 4349 verba
866 4282 1310 4351 prophetiwlibri
1326 4283 1580 4352 hujus.Si
1601 4288 1724 4353 quis
1752 4296 2010 4356 apposue-

2106 4287 2311 4344 iina'vit
2337 4288 2622 4355 Ecclesiis,
2655 4291 2722 4343 ut
2744 4305 2779 4343 a
2803 4287 2986 4364 gratia
3016 4286 3326 4353 inchoaret,
3356 4281 3491 4339 etin
3508 4283 3694 4352 gratia

406 4373 489 4426 fit
515 4373 589 4426 ad
638 4371 747 4435 hac
770 4380 897 4446 quae
924 4370 985 4437 in
1004 4370 1151 4437 libro
1180 4372 1286 4426 hoc
1336 4372 1714 4445 centinentur,
1754 4372 2011 4453 aliquem
2093 4378 2400 4449 terminum
2416 4382 2670 4453 poneret.
